3230 5282
601 533 724 587 Lib.
763 531 878 586 XL.
1693 526 1817 586 584

602 705 1031 782 deieotum,
1111 704 1445 772 Fulvius
1539 714 1832 772 contra
1908 709 2171 790 queri,
2264 730 2343 773 se
2433 715 2577 788 cet,
2667 710 2913 774 omisso

601 819 961 894 questus,
1028 811 1275 894 (1865.)

774 918 929 1002 Cap.
978 923 1079 998 47,
1134 926 1197 983 1:
1245 921 1541 987 Eodem
1588 944 1796 988 anno
1847 923 1998 1003 (179
2047 946 2103 987 a.
2155 922 2335 1004 Chr.)
2383 925 2462 987 in
2505 924 2917 1007 Hispania

602 1026 674 1091 L.
721 1025 1188 1091 Postumius
1236 1036 1315 1093 et
1359 1029 1466 1093 Ti.
1517 1030 2045 1112 Sempronius
2093 1039 2648 1114 propraetores
2695 1054 2906 1096 com-

599 1143 1102 1218 paraverunt
1146 1137 1265 1201 ita
1316 1138 1534 1201 inter
1595 1159 1710 1214 se,
1780 1145 1865 1202 ut
1931 1140 2010 1202 in
2058 1140 2432 1204 Vaccaeos
2492 1161 2634 1222 per
2680 1139 2896 1204 Lusi-

599 1244 904 1307 taniam
949 1245 1111 1308 iret
1156 1245 1530 1324 Albinus,
1577 1247 1656 1310 in
1715 1244 2248 1311 Celtiberiam
2304 1247 2493 1311 inde
2548 1253 2892 1311 reverte-

598 1358 855 1428 retur3
907 1351 1355 1432 GracchuS,
1405 1355 1469 1418 si
1515 1355 1769 1440 maius
1814 1355 1929 1418 ibi
1990 1355 2290 1418 bellum
2349 1361 2605 1433 esset,
2653 1357 2733 1418 in
2779 1355 2897 1418 ul-

599 1461 796 1524 tima
844 1459 1320 1524 Celtiberiae
1367 1467 1862 1543 penetraret.
1954 1462 2330 1526 Mundam
2399 1461 2678 1525 urbem
2746 1463 2895 1544 pri-

597 1590 799 1631 mum
845 1569 916 1630 vi
964 1569 1216 1650 cepit,
1263 1574 1383 1633 cet.
1467 1570 1612 1633 Duo
1661 1571 1727 1632 in
1773 1568 1874 1634 his
1920 1572 2145 1634 statim
2193 1569 2551 1647 offendunt,
2600 1569 2898 1648 alterum,

598 1675 775 1756 quod
813 1675 1134 1753 Gracch0‚
1182 1677 1236 1739 si
1284 1677 1490 1740 maius
1538 1678 1657 1741 ibi
1704 1677 1799 1759 (in
1845 1678 2058 1742 altera
2094 1678 2314 1741 Albini
2351 1677 2614 1760 parte?)
2661 1677 2903 1741 bellum

535 1817 544 1828 ·
598 1805 734 1848 non
782 1790 978 1860 esset,
1027 1782 1189 1847 nibil
1238 1785 1498 1848 omnino
1555 1785 1861 1848 relictum
1918 1785 2361 1865 significatur,
2424 1784 2599 1867 quod
2656 1791 2899 1866 ageret,

600 1889 903 1968 alterum,
952 1890 1128 1971 quod
1174 1892 1496 1955 incertum
1544 1900 1664 1970 est,
1714 1892 1797 1956 ad
1841 1899 2061 1957 utrum
2100 1894 2494 1975 pertineant,
2542 1909 2687 1974 quae
2725 1892 2905 1956 dein-

602 2019 756 2081 ceps
782 2004 1163 2062 narrantur:
1189 1998 1256 2061 M
1272 2021 1313 2061 u
1327 2021 1370 2063 n
1384 2000 1425 2062 d
1441 2021 1481 2063 a
1495 2023 1558 2064 m
1592 2023 1635 2063 u
1649 2002 1734 2064 rb
1755 2023 1788 2065 e
1806 2023 1871 2063 m
1895 2009 2036 2078 cet„
2061 2002 2365 2065 videntur
2389 2008 2611 2064 tamen
2635 2021 2907 2082 prorsus

600 2106 685 2170 ad
730 2106 1039 2170 Albinum
1084 2108 1443 2189 pertinere,
1503 2110 1608 2172 cui
1666 2109 1762 2172 ita
1805 2111 2032 2191 primae
2080 2108 2314 2191 agendi
2372 2114 2595 2191 partes
2644 2108 2901 2185 dantur,

601 2221 674 2278 ut
719 2212 1057 2278 Gracchus
1124 2221 1401 2294 tantum,
1471 2217 1525 2280 si
1581 2217 1793 2281 maius
1862 2218 1929 2280 in
1996 2217 2172 2281 illius
2229 2223 2419 2299 parte
2486 2215 2731 2279 bellum
2797 2217 2907 2293 sit,

600 2322 960 2385 subveniat.
1050 2322 1253 2405 Atqui
1298 2322 1378 2386 de
1427 2323 1729 2388 Graccho
1778 2324 1893 2389 illa
1947 2325 2235 2403 narrari,
2292 2347 2439 2388 mox
2487 2321 2546 2403 (ξ
2594 2328 2633 2385 4
2682 2330 2749 2386 et
2794 2322 2903 2385 (le-

599 2429 852 2511 inceps)
878 2437 1174 2512 apparet.
1234 2431 1508 2495 Accedit
1533 2432 1876 2513 vestigium
1900 2432 2120 2496 mendi
2147 2432 2564 2496 manifestum
2586 2431 2654 2494 in
2690 2431 2900 2512 prima

599 2537 916 2616 editione,
960 2537 1028 2600 in
1075 2559 1205 2619 qua
1251 2539 1344 2602 sic
1390 2539 1727 2602 scribitur:
1796 2541 1874 2602 in
1922 2538 2459 2603 Celtiberiam
2528 2537 2710 2601 inde
2778 2558 2901 2610 re,-

596 2652 1096 2723 verteretur‚
1166 2647 1232 2710 si
1279 2646 1695 2711 Gracchus
1762 2649 2017 2712 maius
2066 2649 2225 2713 sibi
2294 2647 2593 2711 bellum
2662 2652 2895 2710 esset.

425 2752 568 2834 (478)
607 2752 812 2818 Totus
858 2753 1042 2818 locus
1088 2776 1351 2819 mancus
1399 2762 1518 2819 est.
1607 2755 1829 2819 Livius
1876 2776 2074 2836 quum
2122 2756 2424 2832 dixisset,
2474 2775 2620 2836 quae
2666 2752 2903 2830 Albini,

598 2883 740 2943 quae
790 2862 1076 2925 Gracchi
1120 2870 1344 2945 partes
1391 2870 1628 2941 essent,
1677 2863 1912 2927 deinde
1959 2864 2044 2927 ad
2088 2884 2195 2927 res
2243 2884 2283 2926 a
2330 2862 2629 2926 Graccho
2676 2866 2899 2942 gestas

598 2972 945 3034 transisset
992 2969 1104 3048 (ad
1149 2970 1459 3034 Albinum
1504 2971 1887 3035 brevissime
1944 2978 2011 3034 et
2069 2992 2213 3034 cum
2268 2969 2707 3053 repugnantia
2750 2988 2901 3031 nar-

595 3077 870 3141 rationis
925 3077 1259 3142 rediturus
1317 3099 1369 3142 c.
1422 3083 1519 3157 50,
1568 3077 1651 3157 6),
1701 3084 1959 3143 servata
2026 3085 2178 3143 sunt
2244 3084 2532 3155 tantum,
2603 3096 2747 3159 quae
2814 3074 2901 3137 ad

594 3184 907 3249 Albinum
939 3187 1275 3267 pertinent
1322 3193 1386 3249 et
1432 3207 1678 3265 eorum,
1728 3208 1871 3268 quae
1918 3187 2001 3250 ad
2044 3185 2417 3250 Gracchum
2460 3182 2905 3268 pertinebant,

593 3293 853 3357 initium
899 3298 1295 3375 corruptum.
1385 3293 1620 3376 Itaque
1666 3295 1840 3357 inter
1883 3299 2376 3377 penetraret
2421 3300 2487 3357 et
2531 3290 2903 3355 Mundam

594 3399 847 3467 lacunae
889 3407 1053 3463 nota
1096 3400 1252 3482 poni
1299 3400 1513 3465 debet.

768 3504 924 3589 Cap.
972 3511 1072 3585 49,
1121 3511 1156 3569 ’7
1213 3507 1281 3570 in
1338 3507 1484 3572 loco
1553 3508 1923 3591 desperat0‚
1993 3508 2169 3590 quod
2233 3529 2366 3573 non
2434 3507 2717 3572 libenter
2781 3526 2900 3570 nec

596 3635 769 3697 saepe
814 3614 1013 3692 faci0,
1062 3615 1498 3697 suspicionem
1558 3637 1803 3697 ponam
1861 3637 1982 3678 nec
2041 3616 2336 3680 codicum
2398 3615 2690 3697 vestigiis
2737 3615 2897 3677 satis

593 3720 798 3785 firmis
845 3723 1064 3784 nixam
1112 3720 1451 3804 (quoniam
1508 3724 1702 3787 unius
1750 3722 1994 3786 codicis
2054 3723 2288 3787 ductus
2348 3744 2430 3786 ne
2473 3728 2653 3787 recte
2698 3723 2897 3784 inter-

592 3837 927 3912 pretatum
973 3829 1234 3913 quidem
1281 3852 1424 3895 esse
1469 3832 1752 3913 primum
1812 3830 2130 3895 editorem
2190 3831 2477 3911 constat)
2533 3851 2656 3894 nec
2716 3836 2905 3893 certo-

596 3938 1070 4001 sententiarum
1148 3945 1459 4003 contextu
1541 3944 1991 4003 monstratam.
2104 3940 2271 4003 Nam
2351 3938 2588 4002 Thurri
2667 3936 2899 4020 reguli,

597 4044 897 4108 Graccho
946 4052 1011 4109 et
1058 4046 1368 4111 Romanis
1415 4068 1483 4111 se
1531 4046 1833 4111 dedentis
1881 4054 1945 4111 et
1990 4048 2340 4129 iungentis,
2388 4046 2587 4110 verba
2634 4046 2725 4108 sic
2769 4065 2898 4109 non

593 4174 861 4236 prorsus
909 4153 1435 4236 improbabiliter
1481 4155 1720 4236 corrigi
1764 4175 1959 4237 posse
2008 4154 2342 4218 videntur:
2392 4154 2728 4234 Sequar,
2777 4154 2899 4216 in-

595 4261 802 4342 quit,
870 4282 1006 4324 vos
1065 4262 1458 4325 adversus
1517 4268 1835 4326 veteres
1898 4264 2167 4327 socios
2226 4284 2470 4340 meos,
2522 4262 2898 4346 quoniam

592 4368 787 4432 illos
836 4389 924 4433 ac
969 4392 1083 4433 me
1129 4370 1514 4452 populum
1559 4369 1994 4433 Roman-um
2043 4369 2138 4449 (P.
2190 4370 2279 4433 Ri
2327 4370 2595 4452 opes?)
2644 4369 2720 4432 di
2766 4390 2903 4433 vo-
