<?xml version="1.0" encoding="UTF-8"?>
<!DOCTYPE html PUBLIC "-//W3C//DTD XHTML 1.0 Transitional//EN"
    "http://www.w3.org/TR/xhtml1/DTD/xhtml1-transitional.dtd">
<html xmlns="http://www.w3.org/1999/xhtml" xml:lang="en" lang="en">
 <head>
  <title>
</title>
<meta http-equiv="Content-Type" content="text/html;charset=utf-8" />
  <meta name='ocr-system' content='tesseract 3.04.00' />
  <meta name='ocr-capabilities' content='ocr_page ocr_carea ocr_par ocr_line ocrx_word'/>
</head>
<body>
  <div class='ocr_page' id='page_1' title='image "./emendationesliv03madvgoog_0704.png"; bbox 0 0 3230 5282; ppageno 0'>
   <div class='ocr_carea' id='block_1_1' title="bbox 608 622 1811 688">
    <p class='ocr_par' dir='ltr' id='par_1_1' title="bbox 608 622 1811 688">
     <span class='ocr_line' id='line_1_1' title="bbox 608 622 1811 688; baseline -0.005 0"><span class='ocrx_word' id='word_1_1' title='bbox 608 633 733 688; x_wconf 90' lang='lat' dir='ltr'>Lib.</span> <span class='ocrx_word' id='word_1_2' title='bbox 769 632 949 687; x_wconf 81' lang='lat' dir='ltr'>XLIV</span> <span class='ocrx_word' id='word_1_3' title='bbox 1690 622 1811 683; x_wconf 84' lang='lat'><strong>686</strong></span> 
     </span>
    </p>
   </div>
   <div class='ocr_carea' id='block_1_2' title="bbox 440 777 2906 4350">
    <p class='ocr_par' dir='ltr' id='par_1_2' title="bbox 610 777 2905 888">
     <span class='ocr_line' id='line_1_2' title="bbox 610 777 2905 888; baseline 0 -17"><span class='ocrx_word' id='word_1_4' title='bbox 610 808 783 871; x_wconf 88' lang='lat' dir='ltr'><strong>enim</strong></span> <span class='ocrx_word' id='word_1_5' title='bbox 853 807 1108 871; x_wconf 88' lang='lat' dir='ltr'><strong>incerta</strong></span> <span class='ocrx_word' id='word_1_6' title='bbox 1171 805 1547 871; x_wconf 88' lang='lat' dir='ltr'><strong>huiusmodi</strong></span> <span class='ocrx_word' id='word_1_7' title='bbox 1630 805 1988 870; x_wconf 88' lang='lat' dir='ltr'><strong>communis</strong></span> <span class='ocrx_word' id='word_1_8' title='bbox 2055 777 2450 870; x_wconf 81' lang='lat' dir='ltr'><strong>narrationis</strong></span> <span class='ocrx_word' id='word_1_9' title='bbox 2518 804 2905 888; x_wconf 82' lang='lat' dir='ltr'><strong>significatio</strong></span> 
     </span>
    </p>

    <p class='ocr_par' dir='ltr' id='par_1_3' title="bbox 440 913 2905 1630">
     <span class='ocr_line' id='line_1_3' title="bbox 440 913 2905 998; baseline 0.001 -22"><span class='ocrx_word' id='word_1_10' title='bbox 440 920 585 992; x_wconf 80' lang='lat'>(568)</span> <span class='ocrx_word' id='word_1_11' title='bbox 622 916 952 980; x_wconf 87' lang='lat' dir='ltr'><strong>contraria</strong></span> <span class='ocrx_word' id='word_1_12' title='bbox 994 915 1148 998; x_wconf 92' lang='lat' dir='ltr'><strong>poni</strong></span> <span class='ocrx_word' id='word_1_13' title='bbox 1194 920 1412 998; x_wconf 89' lang='lat' dir='ltr'><strong>potest</strong></span> <span class='ocrx_word' id='word_1_14' title='bbox 1459 920 1671 991; x_wconf 84' lang='lat' dir='ltr'><strong>certae,</strong></span> <span class='ocrx_word' id='word_1_15' title='bbox 1718 934 1915 997; x_wconf 92' lang='lat' dir='ltr'><strong>quam</strong></span> <span class='ocrx_word' id='word_1_16' title='bbox 1961 913 2181 978; x_wconf 82' lang='lat' dir='ltr'><strong>Livius</strong></span> <span class='ocrx_word' id='word_1_17' title='bbox 2230 934 2432 996; x_wconf 91' lang='lat' dir='ltr'><strong>supra</strong></span> <span class='ocrx_word' id='word_1_18' title='bbox 2473 915 2714 997; x_wconf 85' lang='lat' dir='ltr'><strong>posuit,</strong></span> <span class='ocrx_word' id='word_1_19' title='bbox 2761 935 2905 979; x_wconf 84' lang='lat' dir='ltr'><strong>nar-</strong></span> 
     </span>
     <span class='ocr_line' id='line_1_4' title="bbox 609 1020 2904 1111; baseline 0 -24"><span class='ocrx_word' id='word_1_20' title='bbox 609 1024 883 1102; x_wconf 81' lang='lat' dir='ltr'><strong>rationi3</strong></span> <span class='ocrx_word' id='word_1_21' title='bbox 920 1022 1093 1105; x_wconf 92' lang='lat' dir='ltr'><strong>(eam</strong></span> <span class='ocrx_word' id='word_1_22' title='bbox 1129 1023 1299 1100; x_wconf 82' lang='lat' dir='ltr'><strong>enim</strong></span> <span class='ocrx_word' id='word_1_23' title='bbox 1336 1020 1710 1106; x_wconf 82' lang='lat' dir='ltr'><strong>significari,</strong></span> <span class='ocrx_word' id='word_1_24' title='bbox 1738 1022 2026 1088; x_wconf 79' lang='lat' dir='ltr'>ostendit</span> <span class='ocrx_word' id='word_1_25' title='bbox 2060 1023 2258 1111; x_wconf 76' lang='lat' dir='ltr'><strong>etiam</strong></span> <span class='ocrx_word' id='word_1_26' title='bbox 2295 1022 2624 1086; x_wconf 88' lang='lat' dir='ltr'><strong>adiectum</strong></span> <span class='ocrx_word' id='word_1_27' title='bbox 2656 1022 2904 1106; x_wconf 84' lang='lat' dir='ltr'><strong>longe,</strong></span> 
     </span>
     <span class='ocr_line' id='line_1_5' title="bbox 611 1129 2902 1213; baseline 0 -18"><span class='ocrx_word' id='word_1_28' title='bbox 611 1152 732 1196; x_wconf 89' lang='lat' dir='ltr'><strong>nec</strong></span> <span class='ocrx_word' id='word_1_29' title='bbox 789 1132 1128 1196; x_wconf 85' lang='lat' dir='ltr'><strong>diversa</strong></span> <span class='ocrx_word' id='word_1_30' title='bbox 1182 1131 1525 1196; x_wconf 87' lang='lat' dir='ltr'><strong>tradunt</strong></span> <span class='ocrx_word' id='word_1_31' title='bbox 1590 1135 1815 1213; x_wconf 84' lang='lat' dir='ltr'><strong>potest</strong></span> <span class='ocrx_word' id='word_1_32' title='bbox 1881 1151 2023 1196; x_wconf 90' lang='lat' dir='ltr'><strong>esse</strong></span> <span class='ocrx_word' id='word_1_33' title='bbox 2094 1130 2238 1195; x_wconf 90' lang='lat' dir='ltr'><strong>alii</strong></span> <span class='ocrx_word' id='word_1_34' title='bbox 2306 1129 2470 1195; x_wconf 91' lang='lat' dir='ltr'><strong>alia</strong></span> <span class='ocrx_word' id='word_1_35' title='bbox 2535 1129 2902 1210; x_wconf 71' lang='lat' dir='ltr'><strong>tradunt,</strong></span> 
     </span>
     <span class='ocr_line' id='line_1_6' title="bbox 612 1236 2904 1322; baseline -0 -17"><span class='ocrx_word' id='word_1_36' title='bbox 612 1240 986 1311; x_wconf 88' lang='lat' dir='ltr'><strong>diversus</strong></span> <span class='ocrx_word' id='word_1_37' title='bbox 1044 1240 1218 1305; x_wconf 91' lang='lat' dir='ltr'><strong>enim</strong></span> <span class='ocrx_word' id='word_1_38' title='bbox 1275 1239 1361 1304; x_wconf 88' lang='lat' dir='ltr'><strong>ad</strong></span> <span class='ocrx_word' id='word_1_39' title='bbox 1417 1245 1667 1303; x_wconf 86' lang='lat' dir='ltr'><strong>certum</strong></span> <span class='ocrx_word' id='word_1_40' title='bbox 1737 1237 1987 1322; x_wconf 86' lang='lat' dir='ltr'><strong>aliquid</strong></span> <span class='ocrx_word' id='word_1_41' title='bbox 2051 1236 2379 1320; x_wconf 85' lang='lat' dir='ltr'><strong>refertur).</strong></span> <span class='ocrx_word' id='word_1_42' title='bbox 2471 1237 2705 1321; x_wconf 74' lang='lat' dir='ltr'><strong>Itaque</strong></span> <span class='ocrx_word' id='word_1_43' title='bbox 2752 1241 2904 1304; x_wconf 89' lang='lat' dir='ltr'><strong>scri·</strong></span> 
     </span>
     <span class='ocr_line' id='line_1_7' title="bbox 610 1346 2902 1430; baseline -0 -17"><span class='ocrx_word' id='word_1_44' title='bbox 610 1347 893 1414; x_wconf 80' lang='lat' dir='ltr'><strong>bendum</strong></span> <span class='ocrx_word' id='word_1_45' title='bbox 940 1348 1242 1430; x_wconf 68' lang='lat' dir='ltr'><strong>videtur:¹</strong></span> <span class='ocrx_word' id='word_1_46' title='bbox 1297 1347 1407 1412; x_wconf 90' lang='lat' dir='ltr'><strong>De</strong></span> <span class='ocrx_word' id='word_1_47' title='bbox 1453 1346 1526 1411; x_wconf 92' lang='lat' dir='ltr'><strong>E.</strong></span> <span class='ocrx_word' id='word_1_48' title='bbox 1575 1367 1626 1410; x_wconf 89' lang='lat' dir='ltr'><strong>r.</strong></span> <span class='ocrx_word' id='word_1_49' title='bbox 1686 1347 1917 1429; x_wconf 85' lang='lat' dir='ltr'><strong>longe</strong></span> <span class='ocrx_word' id='word_1_50' title='bbox 1975 1346 2303 1412; x_wconf 83' lang='lat' dir='ltr'><strong>diversa</strong></span> <span class='ocrx_word' id='word_1_51' title='bbox 2360 1346 2507 1409; x_wconf 76' lang='lat' dir='ltr'><strong>alu</strong></span> <span class='ocrx_word' id='word_1_52' title='bbox 2552 1347 2902 1412; x_wconf 85' lang='lat' dir='ltr'><strong>tradunt.</strong></span> 
     </span>
     <span class='ocr_line' id='line_1_8' title="bbox 610 1433 2903 1538; baseline 0 -18"><span class='ocrx_word' id='word_1_53' title='bbox 610 1456 776 1521; x_wconf 89' lang='lat' dir='ltr'><strong>Tum</strong></span> <span class='ocrx_word' id='word_1_54' title='bbox 820 1433 1015 1522; x_wconf 70' lang='lat' dir='ltr'><strong>huius</strong></span> <span class='ocrx_word' id='word_1_55' title='bbox 1062 1457 1329 1521; x_wconf 72' lang='lat' dir='ltr'><strong>diversae</strong></span> <span class='ocrx_word' id='word_1_56' title='bbox 1374 1455 1776 1520; x_wconf 81' lang='lat' dir='ltr'>narrationis</span> <span class='ocrx_word' id='word_1_57' title='bbox 1836 1461 2066 1520; x_wconf 83' lang='lat' dir='ltr'><strong>auctor</strong></span> <span class='ocrx_word' id='word_1_58' title='bbox 2130 1476 2300 1520; x_wconf 91' lang='lat' dir='ltr'><strong>unus</strong></span> <span class='ocrx_word' id='word_1_59' title='bbox 2358 1475 2392 1519; x_wconf 89' lang='lat' dir='ltr'><strong>e</strong></span> <span class='ocrx_word' id='word_1_60' title='bbox 2438 1454 2737 1538; x_wconf 87' lang='lat' dir='ltr'><strong>pluribus</strong></span> <span class='ocrx_word' id='word_1_61' title='bbox 2793 1477 2903 1520; x_wconf 89' lang='lat' dir='ltr'><strong>no·</strong></span> 
     </span>
     <span class='ocr_line' id='line_1_9' title="bbox 610 1564 1267 1630; baseline -0.002 -1"><span class='ocrx_word' id='word_1_62' title='bbox 610 1566 899 1630; x_wconf 88' lang='lat' dir='ltr'><strong>minatur</strong></span> <span class='ocrx_word' id='word_1_63' title='bbox 943 1564 1267 1630; x_wconf 88' lang='lat' dir='ltr'><strong>Valerius.</strong></span> 
     </span>
    </p>

    <p class='ocr_par' dir='ltr' id='par_1_4' title="bbox 608 1669 2906 2190">
     <span class='ocr_line' id='line_1_10' title="bbox 781 1669 2905 1757; baseline -0 -20"><span class='ocrx_word' id='word_1_64' title='bbox 781 1672 935 1757; x_wconf 86' lang='lat' dir='ltr'><strong>Cap.</strong></span> <span class='ocrx_word' id='word_1_65' title='bbox 989 1679 1083 1752; x_wconf 89' lang='lat'><strong>14,</strong></span> <span class='ocrx_word' id='word_1_66' title='bbox 1131 1676 1168 1736; x_wconf 82' lang='lat'>7</span> <span class='ocrx_word' id='word_1_67' title='bbox 1216 1672 1354 1754; x_wconf 92' lang='lat' dir='ltr'><strong>(ubi</strong></span> <span class='ocrx_word' id='word_1_68' title='bbox 1416 1678 1958 1736; x_wconf 81' lang='lat' dir='ltr'><strong>commemoratur</strong></span> <span class='ocrx_word' id='word_1_69' title='bbox 2002 1669 2249 1736; x_wconf 76' lang='lat' dir='ltr'><strong>Prusiae</strong></span> <span class='ocrx_word' id='word_1_70' title='bbox 2305 1669 2389 1736; x_wconf 91' lang='lat' dir='ltr'><strong>ad</strong></span> <span class='ocrx_word' id='word_1_71' title='bbox 2437 1672 2770 1737; x_wconf 86' lang='lat' dir='ltr'><strong>Romanos</strong></span> <span class='ocrx_word' id='word_1_72' title='bbox 2814 1671 2905 1736; x_wconf 89' lang='lat' dir='ltr'><strong>le·</strong></span> 
     </span>
     <span class='ocr_line' id='line_1_11' title="bbox 608 1778 2901 1866; baseline -0.002 -18"><span class='ocrx_word' id='word_1_73' title='bbox 608 1781 843 1866; x_wconf 84' lang='lat' dir='ltr'><strong>gatio):</strong></span> <span class='ocrx_word' id='word_1_74' title='bbox 911 1780 1280 1846; x_wconf 90' lang='lat' dir='ltr'><strong>Ceterum</strong></span> <span class='ocrx_word' id='word_1_75' title='bbox 1336 1801 1573 1863; x_wconf 91' lang='lat' dir='ltr'><strong>quum</strong></span> <span class='ocrx_word' id='word_1_76' title='bbox 1621 1778 1715 1844; x_wconf 91' lang='lat' dir='ltr'><strong>ad</strong></span> <span class='ocrx_word' id='word_1_77' title='bbox 1762 1800 1843 1845; x_wconf 90' lang='lat' dir='ltr'><strong>se</strong></span> <span class='ocrx_word' id='word_1_78' title='bbox 1890 1800 1930 1843; x_wconf 92' lang='lat' dir='ltr'><strong>a</strong></span> <span class='ocrx_word' id='word_1_79' title='bbox 1974 1778 2272 1845; x_wconf 87' lang='lat' dir='ltr'><strong>Persea</strong></span> <span class='ocrx_word' id='word_1_80' title='bbox 2316 1779 2573 1862; x_wconf 85' lang='lat' dir='ltr'><strong>legati</strong></span> <span class='ocrx_word' id='word_1_81' title='bbox 2638 1782 2901 1846; x_wconf 82' lang='lat' dir='ltr'><strong>venis·</strong></span> 
     </span>
     <span class='ocr_line' id='line_1_12' title="bbox 610 1886 2906 1973; baseline -0.001 -16"><span class='ocrx_word' id='word_1_82' title='bbox 610 1896 796 1958; x_wconf 90' lang='lat' dir='ltr'><strong>sent</strong></span> <span class='ocrx_word' id='word_1_83' title='bbox 843 1890 934 1958; x_wconf 89' lang='lat' dir='ltr'><strong>de</strong></span> <span class='ocrx_word' id='word_1_84' title='bbox 979 1886 1341 1954; x_wconf 85' lang='lat' dir='ltr'><strong>finiendo</strong></span> <span class='ocrx_word' id='word_1_85' title='bbox 1411 1908 1580 1952; x_wconf 92' lang='lat' dir='ltr'><strong>cum</strong></span> <span class='ocrx_word' id='word_1_86' title='bbox 1627 1888 2005 1953; x_wconf 87' lang='lat' dir='ltr'><strong>Romanis</strong></span> <span class='ocrx_word' id='word_1_87' title='bbox 2051 1886 2304 1966; x_wconf 89' lang='lat' dir='ltr'><strong>bello,</strong></span> <span class='ocrx_word' id='word_1_88' title='bbox 2363 1892 2445 1953; x_wconf 88' lang='lat' dir='ltr'><strong>et</strong></span> <span class='ocrx_word' id='word_1_89' title='bbox 2508 1888 2611 1953; x_wconf 90' lang='lat' dir='ltr'><strong>iis</strong></span> <span class='ocrx_word' id='word_1_90' title='bbox 2655 1888 2906 1973; x_wconf 92' lang='lat' dir='ltr'><strong>polli-</strong></span> 
     </span>
     <span class='ocr_line' id='line_1_13' title="bbox 611 1994 2902 2081; baseline -0.001 -15"><span class='ocrx_word' id='word_1_91' title='bbox 611 2002 856 2066; x_wconf 91' lang='lat' dir='ltr'><strong>citum</strong></span> <span class='ocrx_word' id='word_1_92' title='bbox 907 1998 1537 2081; x_wconf 78' lang='lat' dir='ltr'><strong>deprecatorem</strong></span> <span class='ocrx_word' id='word_1_93' title='bbox 1583 1996 1796 2079; x_wconf 91' lang='lat' dir='ltr'><strong>apud</strong></span> <span class='ocrx_word' id='word_1_94' title='bbox 1844 2001 2212 2060; x_wconf 90' lang='lat' dir='ltr'><strong>senatum</strong></span> <span class='ocrx_word' id='word_1_95' title='bbox 2273 1994 2632 2062; x_wconf 85' lang='lat' dir='ltr'><strong>futurum.</strong></span> <span class='ocrx_word' id='word_1_96' title='bbox 2729 1997 2902 2063; x_wconf 89' lang='lat' dir='ltr'><strong>Nihil</strong></span> 
     </span>
     <span class='ocr_line' id='line_1_14' title="bbox 610 2101 2905 2190; baseline -0.002 -15"><span class='ocrx_word' id='word_1_97' title='bbox 610 2115 725 2188; x_wconf 88' lang='lat' dir='ltr'><strong>est,</strong></span> <span class='ocrx_word' id='word_1_98' title='bbox 772 2105 946 2190; x_wconf 87' lang='lat' dir='ltr'><strong>quod</strong></span> <span class='ocrx_word' id='word_1_99' title='bbox 989 2105 1329 2190; x_wconf 71' lang='lat' dir='ltr'><strong>particulae</strong></span> <span class='ocrx_word' id='word_1_100' title='bbox 1398 2111 1472 2169; x_wconf 90' lang='lat' dir='ltr'><strong>et</strong></span> <span class='ocrx_word' id='word_1_101' title='bbox 1527 2103 1946 2187; x_wconf 78' lang='lat' dir='ltr'><strong>respondeat.</strong></span> <span class='ocrx_word' id='word_1_102' title='bbox 2038 2101 2254 2169; x_wconf 85' lang='lat' dir='ltr'><strong>Codex</strong></span> <span class='ocrx_word' id='word_1_103' title='bbox 2302 2104 2507 2169; x_wconf 89' lang='lat' dir='ltr'><strong>habet</strong></span> <span class='ocrx_word' id='word_1_104' title='bbox 2562 2103 2786 2170; x_wconf 91' lang='lat' dir='ltr'><strong>bello</strong></span> <span class='ocrx_word' id='word_1_105' title='bbox 2834 2114 2905 2170; x_wconf 91' lang='lat' dir='ltr'><strong>et</strong></span> 
     </span>
    </p>

    <p class='ocr_par' dir='ltr' id='par_1_5' title="bbox 475 2210 2906 4350">
     <span class='ocr_line' id='line_1_15' title="bbox 475 2210 2906 2297; baseline -0.001 -15"><span class='ocrx_word' id='word_1_106' title='bbox 475 2222 482 2228; x_wconf 83' lang='lat'><strong>&#39;</strong></span> <span class='ocrx_word' id='word_1_107' title='bbox 606 2219 690 2282; x_wconf 92' lang='lat' dir='ltr'><strong>is.</strong></span> <span class='ocrx_word' id='word_1_108' title='bbox 761 2217 963 2280; x_wconf 85' lang='lat' dir='ltr'><strong>Recte</strong></span> <span class='ocrx_word' id='word_1_109' title='bbox 996 2212 1542 2278; x_wconf 89' lang='lat' dir='ltr'><strong>Forchhammer:</strong></span> <span class='ocrx_word' id='word_1_110' title='bbox 1591 2212 1833 2291; x_wconf 90' lang='lat' dir='ltr'><strong>bello,</strong></span> <span class='ocrx_word' id='word_1_111' title='bbox 1880 2211 1950 2275; x_wconf 76' lang='lat' dir='ltr'><strong>cl</strong></span> <span class='ocrx_word' id='word_1_112' title='bbox 1996 2210 2289 2293; x_wconf 89' lang='lat' dir='ltr'><strong>(Perseo)</strong></span> <span class='ocrx_word' id='word_1_113' title='bbox 2326 2231 2402 2275; x_wconf 78' lang='lat' dir='ltr'><strong>sc</strong></span> <span class='ocrx_word' id='word_1_114' title='bbox 2439 2212 2906 2297; x_wconf 89' lang='lat' dir='ltr'><strong>pollicitum</strong></span> 
     </span>
     <span class='ocr_line' id='line_1_16' title="bbox 609 2318 2904 2402; baseline -0.002 -11"><span class='ocrx_word' id='word_1_115' title='bbox 609 2331 730 2391; x_wconf 88' lang='lat' dir='ltr'><strong>cet.</strong></span> <span class='ocrx_word' id='word_1_116' title='bbox 820 2320 1071 2387; x_wconf 84' lang='lat' dir='ltr'><strong>Deinde</strong></span> <span class='ocrx_word' id='word_1_117' title='bbox 1117 2321 1355 2386; x_wconf 83' lang='lat' dir='ltr'><strong>codex:</strong></span> <span class='ocrx_word' id='word_1_118' title='bbox 1423 2327 1512 2385; x_wconf 91' lang='lat' dir='ltr'><strong>ut</strong></span> <span class='ocrx_word' id='word_1_119' title='bbox 1578 2318 1886 2384; x_wconf 81' lang='lat' dir='ltr'><strong>finiant</strong></span> <span class='ocrx_word' id='word_1_120' title='bbox 1952 2320 2077 2385; x_wconf 89' lang='lat' dir='ltr'><strong>ira</strong></span> <span class='ocrx_word' id='word_1_121' title='bbox 2142 2341 2219 2384; x_wconf 91' lang='lat' dir='ltr'><strong>se</strong></span> <span class='ocrx_word' id='word_1_122' title='bbox 2276 2319 2451 2402; x_wconf 89' lang='lat' dir='ltr'><strong>(edd.</strong></span> <span class='ocrx_word' id='word_1_123' title='bbox 2496 2322 2729 2400; x_wconf 88' lang='lat' dir='ltr'><strong>iram,</strong></span> <span class='ocrx_word' id='word_1_124' title='bbox 2779 2322 2904 2402; x_wconf 87' lang='lat' dir='ltr'><strong>se),</strong></span> 
     </span>
     <span class='ocr_line' id='line_1_17' title="bbox 609 2427 2903 2513; baseline -0.002 -14"><span class='ocrx_word' id='word_1_125' title='bbox 609 2455 689 2499; x_wconf 81' lang='lat' dir='ltr'><strong>ex</strong></span> <span class='ocrx_word' id='word_1_126' title='bbox 732 2452 861 2513; x_wconf 92' lang='lat' dir='ltr'><strong>quo</strong></span> <span class='ocrx_word' id='word_1_127' title='bbox 907 2431 1111 2494; x_wconf 88' lang='lat' dir='ltr'><strong>idem:</strong></span> <span class='ocrx_word' id='word_1_128' title='bbox 1180 2436 1267 2494; x_wconf 91' lang='lat' dir='ltr'><strong>ut</strong></span> <span class='ocrx_word' id='word_1_129' title='bbox 1321 2427 1364 2493; x_wconf 85' lang='lat' dir='ltr'><strong>f.</strong></span> <span class='ocrx_word' id='word_1_130' title='bbox 1427 2430 1629 2505; x_wconf 89' lang='lat' dir='ltr'><strong>iras,</strong></span> <span class='ocrx_word' id='word_1_131' title='bbox 1699 2450 1801 2494; x_wconf 91' lang='lat' dir='ltr'><strong>se.</strong></span> <span class='ocrx_word' id='word_1_132' title='bbox 1893 2427 2023 2494; x_wconf 88' lang='lat' dir='ltr'><strong>Sed</strong></span> <span class='ocrx_word' id='word_1_133' title='bbox 2068 2429 2328 2511; x_wconf 84' lang='lat' dir='ltr'><strong>gravius</strong></span> <span class='ocrx_word' id='word_1_134' title='bbox 2374 2436 2686 2512; x_wconf 86' lang='lat' dir='ltr'><strong>corrupta</strong></span> <span class='ocrx_word' id='word_1_135' title='bbox 2734 2436 2903 2508; x_wconf 89' lang='lat' dir='ltr'><strong>sunt,</strong></span> 
     </span>
     <span class='ocr_line' id='line_1_18' title="bbox 607 2535 2901 2622; baseline -0.001 -18"><span class='ocrx_word' id='word_1_136' title='bbox 607 2559 753 2622; x_wconf 83' lang='lat' dir='ltr'><strong>quae</strong></span> <span class='ocrx_word' id='word_1_137' title='bbox 798 2537 995 2622; x_wconf 88' lang='lat' dir='ltr'><strong>paulo</strong></span> <span class='ocrx_word' id='word_1_138' title='bbox 1050 2544 1206 2622; x_wconf 89' lang='lat' dir='ltr'><strong>post</strong></span> <span class='ocrx_word' id='word_1_139' title='bbox 1265 2535 1328 2620; x_wconf 64' lang='grc' dir='ltr'><strong>(ἓ</strong></span> <span class='ocrx_word' id='word_1_140' title='bbox 1391 2537 1517 2618; x_wconf 90' lang='grc'>10),</span> <span class='ocrx_word' id='word_1_141' title='bbox 1576 2535 1693 2601; x_wconf 93' lang='lat' dir='ltr'><strong>ubi</strong></span> <span class='ocrx_word' id='word_1_142' title='bbox 1760 2537 2045 2602; x_wconf 85' lang='lat' dir='ltr'><strong>refertur</strong></span> <span class='ocrx_word' id='word_1_143' title='bbox 2087 2536 2492 2601; x_wconf 84' lang='lat' dir='ltr'><strong>Rhodiorum</strong></span> <span class='ocrx_word' id='word_1_144' title='bbox 2536 2535 2901 2620; x_wconf 85' lang='lat' dir='ltr'><strong>legatorum</strong></span> 
     </span>
     <span class='ocr_line' id='line_1_19' title="bbox 607 2645 2897 2731; baseline -0.002 -16"><span class='ocrx_word' id='word_1_145' title='bbox 607 2649 841 2728; x_wconf 87' lang='lat' dir='ltr'><strong>orati0,</strong></span> <span class='ocrx_word' id='word_1_146' title='bbox 886 2647 1212 2731; x_wconf 82' lang='lat' dir='ltr'><strong>leguntur,</strong></span> <span class='ocrx_word' id='word_1_147' title='bbox 1261 2646 1354 2711; x_wconf 94' lang='lat' dir='ltr'><strong>sic</strong></span> <span class='ocrx_word' id='word_1_148' title='bbox 1399 2645 1466 2710; x_wconf 92' lang='lat' dir='ltr'><strong>in</strong></span> <span class='ocrx_word' id='word_1_149' title='bbox 1502 2646 1725 2711; x_wconf 90' lang='lat' dir='ltr'><strong>codice</strong></span> <span class='ocrx_word' id='word_1_150' title='bbox 1762 2647 2042 2729; x_wconf 89' lang='lat' dir='ltr'><strong>scripta:</strong></span> <span class='ocrx_word' id='word_1_151' title='bbox 2091 2646 2447 2710; x_wconf 87' lang='lat' dir='ltr'><strong>Tertium</strong></span> <span class='ocrx_word' id='word_1_152' title='bbox 2492 2667 2571 2710; x_wconf 90' lang='lat' dir='ltr'><strong>se</strong></span> <span class='ocrx_word' id='word_1_153' title='bbox 2617 2666 2897 2715; x_wconf 88' lang='lat' dir='ltr'><strong>annum</strong></span> 
     </span>
     <span class='ocr_line' id='line_1_20' title="bbox 605 2754 2899 2824; baseline -0.002 -1"><span class='ocrx_word' id='word_1_154' title='bbox 605 2757 857 2824; x_wconf 90' lang='lat' dir='ltr'><strong>multa</strong></span> <span class='ocrx_word' id='word_1_155' title='bbox 901 2757 1071 2821; x_wconf 89' lang='lat' dir='ltr'><strong>eius</strong></span> <span class='ocrx_word' id='word_1_156' title='bbox 1115 2755 1622 2819; x_wconf 90' lang='lat' dir='ltr'><strong>incommoda</strong></span> <span class='ocrx_word' id='word_1_157' title='bbox 1667 2754 1862 2819; x_wconf 90' lang='lat' dir='ltr'><strong>belli</strong></span> <span class='ocrx_word' id='word_1_158' title='bbox 1920 2754 2240 2819; x_wconf 89' lang='lat' dir='ltr'><strong>sentire.</strong></span> <span class='ocrx_word' id='word_1_159' title='bbox 2329 2754 2529 2818; x_wconf 92' lang='lat' dir='ltr'><strong>Mari</strong></span> <span class='ocrx_word' id='word_1_160' title='bbox 2574 2755 2899 2819; x_wconf 88' lang='lat' dir='ltr'><strong>interim</strong></span> 
     </span>
     <span class='ocr_line' id='line_1_21' title="bbox 604 2862 2898 2947; baseline -0.002 -16"><span class='ocrx_word' id='word_1_161' title='bbox 604 2866 928 2931; x_wconf 88' lang='lat' dir='ltr'><strong>incluso</strong></span> <span class='ocrx_word' id='word_1_162' title='bbox 994 2864 1357 2947; x_wconf 90' lang='lat' dir='ltr'><strong>inopiam</strong></span> <span class='ocrx_word' id='word_1_163' title='bbox 1423 2862 1773 2927; x_wconf 88' lang='lat' dir='ltr'><strong>insulam</strong></span> <span class='ocrx_word' id='word_1_164' title='bbox 1840 2863 2161 2946; x_wconf 86' lang='lat' dir='ltr'><strong>inopem</strong></span> <span class='ocrx_word' id='word_1_165' title='bbox 2226 2863 2415 2927; x_wconf 88' lang='lat' dir='ltr'><strong>miss</strong></span> <span class='ocrx_word' id='word_1_166' title='bbox 2481 2862 2513 2899; x_wconf 88' lang='grc'>*</span> <span class='ocrx_word' id='word_1_167' title='bbox 2583 2862 2898 2946; x_wconf 88' lang='lat' dir='ltr'><strong>(spatium</strong></span> 
     </span>
     <span class='ocr_line' id='line_1_22' title="bbox 607 2968 2896 3052; baseline -0.003 -12"><span class='ocrx_word' id='word_1_168' title='bbox 607 2996 718 3041; x_wconf 85' lang='lat' dir='ltr'><strong>sex</strong></span> <span class='ocrx_word' id='word_1_169' title='bbox 763 2973 899 3038; x_wconf 85' lang='lat' dir='ltr'><strong>fere</strong></span> <span class='ocrx_word' id='word_1_170' title='bbox 944 2971 1339 3052; x_wconf 88' lang='lat' dir='ltr'><strong>litterarum)</strong></span> <span class='ocrx_word' id='word_1_171' title='bbox 1385 2971 1714 3036; x_wconf 91' lang='lat' dir='ltr'><strong>ritimus</strong></span> <span class='ocrx_word' id='word_1_172' title='bbox 1751 2972 2033 3036; x_wconf 87' lang='lat' dir='ltr'><strong>iuuear</strong></span> <span class='ocrx_word' id='word_1_173' title='bbox 2080 2969 2243 3051; x_wconf 89' lang='lat' dir='ltr'><strong>(tres</strong></span> <span class='ocrx_word' id='word_1_174' title='bbox 2285 2969 2386 3036; x_wconf 84' lang='lat' dir='ltr'><strong>hae</strong></span> <span class='ocrx_word' id='word_1_175' title='bbox 2429 2968 2669 3035; x_wconf 82' lang='lat' dir='ltr'><strong>litterae</strong></span> <span class='ocrx_word' id='word_1_176' title='bbox 2714 2969 2896 3034; x_wconf 80' lang='lat' dir='ltr'><strong>valde</strong></span> 
     </span>
     <span class='ocr_line' id='line_1_23' title="bbox 605 3078 2899 3164; baseline -0.003 -16"><span class='ocrx_word' id='word_1_177' title='bbox 605 3082 845 3164; x_wconf 85' lang='lat' dir='ltr'><strong>dubiae)</strong></span> <span class='ocrx_word' id='word_1_178' title='bbox 914 3080 1234 3146; x_wconf 90' lang='lat' dir='ltr'><strong>colendi</strong></span> <span class='ocrx_word' id='word_1_179' title='bbox 1302 3080 1579 3160; x_wconf 88' lang='lat' dir='ltr'><strong>itaque</strong></span> <span class='ocrx_word' id='word_1_180' title='bbox 1650 3079 2232 3144; x_wconf 84' lang='lat' dir='ltr'><strong>commeatibus</strong></span> <span class='ocrx_word' id='word_1_181' title='bbox 2302 3100 2470 3143; x_wconf 92' lang='lat' dir='ltr'><strong>cum</strong></span> <span class='ocrx_word' id='word_1_182' title='bbox 2536 3078 2617 3142; x_wconf 92' lang='lat' dir='ltr'><strong>id</strong></span> <span class='ocrx_word' id='word_1_183' title='bbox 2681 3079 2899 3143; x_wconf 84' lang='lat' dir='ltr'><strong>ultra</strong></span> 
     </span>
     <span class='ocr_line' id='line_1_24' title="bbox 604 3185 2899 3275; baseline -0.001 -19"><span class='ocrx_word' id='word_1_184' title='bbox 604 3192 822 3275; x_wconf 88' lang='lat' dir='ltr'><strong>parti</strong></span> <span class='ocrx_word' id='word_1_185' title='bbox 867 3211 1019 3255; x_wconf 92' lang='lat' dir='ltr'><strong>non</strong></span> <span class='ocrx_word' id='word_1_186' title='bbox 1065 3194 1432 3271; x_wconf 84' lang='lat' dir='ltr'><strong>possent,</strong></span> <span class='ocrx_word' id='word_1_187' title='bbox 1488 3186 1811 3269; x_wconf 83' lang='lat' dir='ltr'><strong>legatos</strong></span> <span class='ocrx_word' id='word_1_188' title='bbox 1871 3187 2077 3251; x_wconf 89' lang='lat' dir='ltr'><strong>alios</strong></span> <span class='ocrx_word' id='word_1_189' title='bbox 2134 3186 2232 3251; x_wconf 89' lang='lat' dir='ltr'><strong>ad</strong></span> <span class='ocrx_word' id='word_1_190' title='bbox 2288 3185 2582 3252; x_wconf 89' lang='lat' dir='ltr'><strong>Persea</strong></span> <span class='ocrx_word' id='word_1_191' title='bbox 2627 3188 2706 3250; x_wconf 92' lang='lat' dir='ltr'><strong>in</strong></span> <span class='ocrx_word' id='word_1_192' title='bbox 2754 3186 2899 3254; x_wconf 87' lang='lat' dir='ltr'><strong>Ma·</strong></span> 
     </span>
     <span class='ocr_line' id='line_1_25' title="bbox 605 3295 2898 3381; baseline -0.001 -16"><span class='ocrx_word' id='word_1_193' title='bbox 605 3299 1023 3365; x_wconf 86' lang='lat' dir='ltr'><strong>cedoniam</strong></span> <span class='ocrx_word' id='word_1_194' title='bbox 1068 3296 1408 3371; x_wconf 83' lang='lat' dir='ltr'><strong>misisse,</strong></span> <span class='ocrx_word' id='word_1_195' title='bbox 1456 3301 1578 3359; x_wconf 92' lang='lat' dir='ltr'><strong>cet.</strong></span> <span class='ocrx_word' id='word_1_196' title='bbox 1650 3295 1852 3375; x_wconf 87' lang='lat' dir='ltr'><strong>(Imus</strong></span> <span class='ocrx_word' id='word_1_197' title='bbox 1897 3295 2151 3378; x_wconf 84' lang='lat' dir='ltr'><strong>paginae</strong></span> <span class='ocrx_word' id='word_1_198' title='bbox 2198 3316 2421 3360; x_wconf 86' lang='lat' dir='ltr'><strong>versus</strong></span> <span class='ocrx_word' id='word_1_199' title='bbox 2457 3296 2539 3360; x_wconf 91' lang='lat' dir='ltr'><strong>ab</strong></span> <span class='ocrx_word' id='word_1_200' title='bbox 2586 3296 2898 3381; x_wconf 89' lang='lat' dir='ltr'><strong>inopem</strong></span> 
     </span>
     <span class='ocr_line' id='line_1_26' title="bbox 606 3401 2894 3487; baseline -0.001 -15"><span class='ocrx_word' id='word_1_201' title='bbox 606 3408 689 3472; x_wconf 89' lang='lat' dir='ltr'><strong>ad</strong></span> <span class='ocrx_word' id='word_1_202' title='bbox 755 3408 1047 3471; x_wconf 87' lang='lat' dir='ltr'><strong>iuuear</strong></span> <span class='ocrx_word' id='word_1_203' title='bbox 1116 3401 1202 3486; x_wconf 75' lang='grc' dir='ltr'><strong>[Ῥ]</strong></span> <span class='ocrx_word' id='word_1_204' title='bbox 1249 3404 1491 3487; x_wconf 88' lang='lat' dir='ltr'><strong>partim</strong></span> <span class='ocrx_word' id='word_1_205' title='bbox 1558 3423 1787 3467; x_wconf 87' lang='lat' dir='ltr'><strong>erasus</strong></span> <span class='ocrx_word' id='word_1_206' title='bbox 1857 3403 2005 3483; x_wconf 90' lang='lat' dir='ltr'><strong>est.)</strong></span> <span class='ocrx_word' id='word_1_207' title='bbox 2094 3402 2343 3470; x_wconf 85' lang='lat' dir='ltr'><strong>Praeter</strong></span> <span class='ocrx_word' id='word_1_208' title='bbox 2410 3402 2576 3469; x_wconf 86' lang='lat' dir='ltr'><strong>alios</strong></span> <span class='ocrx_word' id='word_1_209' title='bbox 2644 3426 2894 3470; x_wconf 88' lang='lat' dir='ltr'><strong>errores</strong></span> 
     </span>
     <span class='ocr_line' id='line_1_27' title="bbox 607 3512 2894 3596; baseline -0.001 -16"><span class='ocrx_word' id='word_1_210' title='bbox 607 3516 804 3580; x_wconf 89' lang='lat' dir='ltr'><strong>etiam</strong></span> <span class='ocrx_word' id='word_1_211' title='bbox 839 3513 1417 3596; x_wconf 81' lang='lat' dir='ltr'><strong>transpositionem</strong></span> <span class='ocrx_word' id='word_1_212' title='bbox 1452 3532 1683 3576; x_wconf 87' lang='lat' dir='ltr'><strong>vocum</strong></span> <span class='ocrx_word' id='word_1_213' title='bbox 1720 3512 2058 3591; x_wconf 90' lang='lat' dir='ltr'><strong>accidisse,</strong></span> <span class='ocrx_word' id='word_1_214' title='bbox 2106 3513 2426 3595; x_wconf 88' lang='lat' dir='ltr'><strong>suspicor,</strong></span> <span class='ocrx_word' id='word_1_215' title='bbox 2475 3514 2894 3578; x_wconf 88' lang='lat' dir='ltr'><strong>sententiam-</strong></span> 
     </span>
     <span class='ocr_line' id='line_1_28' title="bbox 605 3619 2889 3707; baseline -0.001 -19"><span class='ocrx_word' id='word_1_216' title='bbox 605 3644 729 3707; x_wconf 90' lang='lat' dir='ltr'><strong>que</strong></span> <span class='ocrx_word' id='word_1_217' title='bbox 773 3623 975 3687; x_wconf 87' lang='lat' dir='ltr'><strong>talem</strong></span> <span class='ocrx_word' id='word_1_218' title='bbox 1019 3620 1155 3685; x_wconf 86' lang='lat' dir='ltr'><strong>fere</strong></span> <span class='ocrx_word' id='word_1_219' title='bbox 1199 3620 1428 3684; x_wconf 84' lang='lat' dir='ltr'><strong>fuisse:</strong></span> <span class='ocrx_word' id='word_1_220' title='bbox 1497 3619 1858 3685; x_wconf 88' lang='lat' dir='ltr'><strong>Tertium</strong></span> <span class='ocrx_word' id='word_1_221' title='bbox 1906 3641 1989 3685; x_wconf 89' lang='lat' dir='ltr'><strong>se</strong></span> <span class='ocrx_word' id='word_1_222' title='bbox 2036 3641 2322 3685; x_wconf 91' lang='lat' dir='ltr'><strong>annum</strong></span> <span class='ocrx_word' id='word_1_223' title='bbox 2369 3622 2548 3686; x_wconf 89' lang='lat' dir='ltr'><strong>eius</strong></span> <span class='ocrx_word' id='word_1_224' title='bbox 2593 3621 2889 3686; x_wconf 87' lang='lat' dir='ltr'><strong>incom-</strong></span> 
     </span>
     <span class='ocr_line' id='line_1_29' title="bbox 604 3727 2888 3811; baseline -0.001 -16"><span class='ocrx_word' id='word_1_225' title='bbox 604 3730 833 3795; x_wconf 89' lang='lat' dir='ltr'><strong>moda</strong></span> <span class='ocrx_word' id='word_1_226' title='bbox 876 3728 1074 3794; x_wconf 91' lang='lat' dir='ltr'><strong>belli</strong></span> <span class='ocrx_word' id='word_1_227' title='bbox 1122 3728 1426 3793; x_wconf 91' lang='lat' dir='ltr'><strong>sentire</strong></span> <span class='ocrx_word' id='word_1_228' title='bbox 1459 3728 1659 3791; x_wconf 91' lang='lat' dir='ltr'><strong>mari</strong></span> <span class='ocrx_word' id='word_1_229' title='bbox 1694 3728 2181 3808; x_wconf 91' lang='lat' dir='ltr'><strong>intercluso;</strong></span> <span class='ocrx_word' id='word_1_230' title='bbox 2226 3730 2541 3811; x_wconf 89' lang='lat' dir='ltr'><strong>inopem</strong></span> <span class='ocrx_word' id='word_1_231' title='bbox 2590 3727 2888 3809; x_wconf 76' lang='lat' dir='ltr'><strong>(enim?)</strong></span> 
     </span>
     <span class='ocr_line' id='line_1_30' title="bbox 604 3834 2890 3915; baseline -0.001 -12"><span class='ocrx_word' id='word_1_232' title='bbox 604 3837 958 3903; x_wconf 88' lang='lat' dir='ltr'><strong>insulam</strong></span> <span class='ocrx_word' id='word_1_233' title='bbox 1016 3834 1382 3900; x_wconf 90' lang='lat' dir='ltr'><strong>colentes</strong></span> <span class='ocrx_word' id='word_1_234' title='bbox 1449 3836 1890 3900; x_wconf 89' lang='lat' dir='ltr'><strong>maritimis</strong></span> <span class='ocrx_word' id='word_1_235' title='bbox 1946 3837 2215 3901; x_wconf 84' lang='lat' dir='ltr'><strong>vivere</strong></span> <span class='ocrx_word' id='word_1_236' title='bbox 2283 3835 2890 3915; x_wconf 86' lang='lat' dir='ltr'><strong>commeatibus;</strong></span> 
     </span>
     <span class='ocr_line' id='line_1_31' title="bbox 603 3941 2889 4030; baseline -0.001 -20"><span class='ocrx_word' id='word_1_237' title='bbox 603 3948 881 4030; x_wconf 88' lang='lat' dir='ltr'><strong>itaque</strong></span> <span class='ocrx_word' id='word_1_238' title='bbox 928 3964 1160 4028; x_wconf 91' lang='lat' dir='ltr'><strong>quum</strong></span> <span class='ocrx_word' id='word_1_239' title='bbox 1205 3942 1284 4008; x_wconf 92' lang='lat' dir='ltr'><strong>id</strong></span> <span class='ocrx_word' id='word_1_240' title='bbox 1329 3941 1548 4008; x_wconf 88' lang='lat' dir='ltr'><strong>ultra</strong></span> <span class='ocrx_word' id='word_1_241' title='bbox 1591 3944 1764 4027; x_wconf 89' lang='lat' dir='ltr'><strong>pati</strong></span> <span class='ocrx_word' id='word_1_242' title='bbox 1810 3965 1968 4009; x_wconf 92' lang='lat' dir='ltr'><strong>non</strong></span> <span class='ocrx_word' id='word_1_243' title='bbox 2013 3949 2377 4027; x_wconf 86' lang='lat' dir='ltr'><strong>possent,</strong></span> <span class='ocrx_word' id='word_1_244' title='bbox 2424 3951 2545 4008; x_wconf 88' lang='lat' dir='ltr'><strong>cet.</strong></span> <span class='ocrx_word' id='word_1_245' title='bbox 2640 3942 2889 4009; x_wconf 87' lang='lat' dir='ltr'><strong>Sterilis</strong></span> 
     </span>
     <span class='ocr_line' id='line_1_32' title="bbox 604 4050 2889 4137; baseline -0.001 -20"><span class='ocrx_word' id='word_1_246' title='bbox 604 4055 744 4137; x_wconf 84' lang='lat' dir='ltr'><strong>agri</strong></span> <span class='ocrx_word' id='word_1_247' title='bbox 789 4074 992 4137; x_wconf 85' lang='lat' dir='ltr'><strong>parva</strong></span> <span class='ocrx_word' id='word_1_248' title='bbox 1034 4051 1253 4116; x_wconf 91' lang='lat' dir='ltr'><strong>insula</strong></span> <span class='ocrx_word' id='word_1_249' title='bbox 1296 4050 1564 4117; x_wconf 85' lang='lat' dir='ltr'><strong>Rhodus</strong></span> <span class='ocrx_word' id='word_1_250' title='bbox 1609 4052 1983 4136; x_wconf 88' lang='lat' dir='ltr'><strong>appellatur</strong></span> <span class='ocrx_word' id='word_1_251' title='bbox 2026 4051 2218 4131; x_wconf 88' lang='lat' dir='ltr'><strong>XLV,</strong></span> <span class='ocrx_word' id='word_1_252' title='bbox 2265 4054 2364 4131; x_wconf 79' lang='lat'><strong>25,</strong></span> <span class='ocrx_word' id='word_1_253' title='bbox 2416 4055 2511 4116; x_wconf 88' lang='lat'><strong>12.</strong></span> <span class='ocrx_word' id='word_1_254' title='bbox 2586 4051 2714 4117; x_wconf 88' lang='lat' dir='ltr'><strong>Sed</strong></span> <span class='ocrx_word' id='word_1_255' title='bbox 2759 4051 2889 4117; x_wconf 84' lang='lat' dir='ltr'><strong>haec</strong></span> 
     </span>
     <span class='ocr_line' id='line_1_33' title="bbox 603 4159 2890 4243; baseline -0.001 -17"><span class='ocrx_word' id='word_1_256' title='bbox 603 4160 952 4226; x_wconf 89' lang='lat' dir='ltr'><strong>hariolatio</strong></span> <span class='ocrx_word' id='word_1_257' title='bbox 999 4166 1115 4225; x_wconf 89' lang='lat' dir='ltr'><strong>est.</strong></span> <span class='ocrx_word' id='word_1_258' title='bbox 1205 4159 1439 4243; x_wconf 91' lang='lat' dir='ltr'><strong>[Paulo</strong></span> <span class='ocrx_word' id='word_1_259' title='bbox 1487 4160 1681 4226; x_wconf 89' lang='lat' dir='ltr'><strong>aliter</strong></span> <span class='ocrx_word' id='word_1_260' title='bbox 1730 4164 1920 4225; x_wconf 82' lang='lat'>1864:</span> <span class='ocrx_word' id='word_1_261' title='bbox 1967 4161 2286 4243; x_wconf 90' lang='lat' dir='ltr'><strong>inopem</strong></span> <span class='ocrx_word' id='word_1_262' title='bbox 2332 4160 2680 4224; x_wconf 90' lang='lat' dir='ltr'><strong>insulam</strong></span> <span class='ocrx_word' id='word_1_263' title='bbox 2726 4179 2890 4226; x_wconf 86' lang='lat' dir='ltr'><strong>esse</strong></span> 
     </span>
     <span class='ocr_line' id='line_1_34' title="bbox 605 4265 2889 4350; baseline -0.001 -15"><span class='ocrx_word' id='word_1_264' title='bbox 605 4291 852 4349; x_wconf 82' lang='lat' dir='ltr'><strong>suam3</strong></span> <span class='ocrx_word' id='word_1_265' title='bbox 898 4269 1335 4333; x_wconf 87' lang='lat' dir='ltr'><strong>maritimis</strong></span> <span class='ocrx_word' id='word_1_266' title='bbox 1383 4269 1647 4334; x_wconf 80' lang='lat' dir='ltr'><strong>vivere</strong></span> <span class='ocrx_word' id='word_1_267' title='bbox 1692 4267 2150 4334; x_wconf 90' lang='lat' dir='ltr'><strong>incolentes</strong></span> <span class='ocrx_word' id='word_1_268' title='bbox 2198 4265 2889 4350; x_wconf 76' lang='lat' dir='ltr'><strong>commeatibuS.]¹)</strong></span> 
     </span>
    </p>
   </div>
   <div class='ocr_carea' id='block_1_3' title="bbox 601 4424 1058 4434">
    <p class='ocr_par' dir='ltr' id='par_1_6' title="bbox 601 4424 1058 4434">
     <span class='ocr_line' id='line_1_35' title="bbox 601 4424 1058 4434; baseline 0 0"><span class='ocrx_word' id='word_1_269' title='bbox 601 4424 1058 4434; x_wconf 95' lang='lat' dir='ltr'><strong> </strong></span> 
     </span>
    </p>
   </div>
   <div class='ocr_carea' id='block_1_4' title="bbox 641 4488 2887 4558">
    <p class='ocr_par' dir='ltr' id='par_1_7' title="bbox 641 4488 2887 4558">
     <span class='ocr_line' id='line_1_36' title="bbox 641 4488 2887 4558; baseline -0.002 -15"><span class='ocrx_word' id='word_1_270' title='bbox 641 4490 701 4557; x_wconf 61' lang='lat' dir='ltr'><strong>g)</strong></span> <span class='ocrx_word' id='word_1_271' title='bbox 735 4488 927 4558; x_wconf 84' lang='lat' dir='ltr'><strong>[Gitlb.</strong></span> <span class='ocrx_word' id='word_1_272' title='bbox 965 4507 1017 4557; x_wconf 91' lang='lat' dir='ltr'><strong>p.</strong></span> <span class='ocrx_word' id='word_1_273' title='bbox 1073 4491 1136 4544; x_wconf 81' lang='lat'><strong>58</strong></span> <span class='ocrx_word' id='word_1_274' title='bbox 1189 4490 1247 4543; x_wconf 88' lang='lat' dir='ltr'><strong>in</strong></span> <span class='ocrx_word' id='word_1_275' title='bbox 1286 4489 1483 4544; x_wconf 89' lang='lat' dir='ltr'><strong>codice</strong></span> <span class='ocrx_word' id='word_1_276' title='bbox 1530 4488 1727 4542; x_wconf 85' lang='lat' dir='ltr'><strong>scribit</strong></span> <span class='ocrx_word' id='word_1_277' title='bbox 1780 4504 1935 4543; x_wconf 80' lang='lat' dir='ltr'><strong>esse:</strong></span> <span class='ocrx_word' id='word_1_278' title='bbox 1990 4489 2167 4543; x_wconf 83' lang='lat' dir='ltr'><strong>mari</strong></span> <span class='ocrx_word' id='word_1_279' title='bbox 2220 4488 2519 4543; x_wconf 86' lang='lat' dir='ltr'><strong>interim</strong></span> <span class='ocrx_word' id='word_1_280' title='bbox 2571 4489 2642 4542; x_wconf 88' lang='lat' dir='ltr'><strong>in</strong></span> <span class='ocrx_word' id='word_1_281' title='bbox 2697 4488 2887 4543; x_wconf 80' lang='lat' dir='ltr'><strong>cluso</strong></span> 
     </span>
    </p>
   </div>
  </div>
 </body>
</html>
