3230 5282
1421 616 1543 675 317
2271 627 2395 680 Lib.
2435 627 2638 680 XXIII.

326 818 676 883 unquam
742 797 1076 877 fuimuS,
1156 798 1419 863 futuri.
1542 799 1807 864 Excidit
1888 798 2084 864 facile
2152 798 2420 864 futuri
2486 806 2637 882 post

326 906 637 971 fuimus.
739 905 866 983 Qui
918 906 1188 988 possit
1244 906 1644 972 addiderunt
1701 907 2154 990 (impetrari
2213 906 2308 971 ab
2365 907 2640 973 Roma·

326 1015 450 1078 nis
517 1014 850 1097 possit),
920 1035 1050 1079 non
1118 1014 1748 1094 animadverterunt,
1817 1016 2002 1098 sequi
2078 1014 2320 1079 debere
2389 1021 2507 1079 aut
2560 1016 2637 1079 in

325 1123 599 1205 gratia
646 1142 824 1189 esse
871 1127 988 1186 aut
1034 1122 1281 1187 simus
1325 1121 1608 1187 futuri.

500 1227 657 1312 Cap.
716 1234 783 1309 9,
853 1233 889 1293 3
959 1228 1054 1309 (in
1121 1226 1370 1295 Calavii
1439 1231 1650 1314 patris
1719 1230 2019 1296 oratione
2084 1229 2289 1294 filium
2358 1250 2400 1294 a
2464 1229 2638 1295 caede

326 1336 718 1402 Hannibalis
764 1338 1084 1403 tentanda
1130 1337 1600 1418 dehortantis):
1669 1338 1948 1404 Paucae
2004 1337 2214 1402 horae
2261 1344 2473 1416 sunt,
2530 1340 2640 1403 in-

327 1451 455 1510 tra
510 1465 710 1527 quas
770 1446 1141 1511 iurantes
1198 1466 1340 1529 per
1396 1445 1802 1531 quidquid
1860 1445 2184 1511 deorum
2230 1453 2382 1525 est,
2450 1445 2639 1511 dex·

328 1558 468 1617 trae
526 1552 863 1618 dextras
920 1554 1360 1635 iungentes
1417 1552 1674 1618 fidem
1733 1554 2355 1634 obstrinximus,
2421 1589 2509 1598 —
2554 1562 2638 1618 ιιι

329 1668 695 1726 sacratas
740 1660 906 1726 fide
955 1682 1230 1726 manus
1277 1661 1637 1744 digressi
1684 1683 1723 1726 a
1768 1661 2188 1743 colloquio
2235 1661 2638 1744 extemplo

325 1769 403 1833 in
461 1790 628 1833 eum
685 1769 1231 1834 armaremus?
1299 1767 1407 1833 Sic
1474 1770 1679 1835 edunt
1735 1770 1889 1834 inde
1945 1790 1986 1834 a
2031 1769 2394 1845 GronoviO,
2463 1768 2640 1833 codi-

329 1876 514 1942 cibus
589 1876 970 1942 melioribus
1049 1877 1614 1941 consentientibus
1684 1877 1838 1958 (nisi
1905 1877 2083 1959 quod
2149 1877 2450 1941 mansis
2518 1898 2639 1959 pro

326 2005 600 2051 manus
657 1984 1026 2066 scribitur),
1093 1986 1318 2067 itaque
1366 1992 1708 2063 enarrant,
1776 1992 1852 2050 ut
1894 1986 1990 2049 rei
2035 1991 2321 2049 narratae
2369 1984 2639 2067 adiungi

330 2098 595 2175 putent,
674 2095 928 2158 rariore
996 2092 1177 2176 apud
1242 2092 1517 2157 Latinos
1582 2092 1824 2176 figura,
1901 2093 2492 2174 interrogationem
2557 2091 2640 2156 de

334 2202 613 2267 actionis
693 2200 1002 2279 consilio,
1081 2200 1369 2283 negandi
1446 2205 1514 2265 et
1592 2199 1987 2265 dehortandi
2063 2201 2193 2264 vim
2270 2198 2637 2265 habentem.

328 2308 570 2373 Verum
626 2330 771 2374 eam
816 2309 1094 2391 figuram
1141 2308 1250 2390 (de
1297 2329 1428 2391 qua
1472 2310 1747 2392 exposui
1793 2308 1878 2372 ad
1924 2307 2055 2372 Cic.
2093 2307 2172 2372 de
2207 2307 2349 2371 Fin.
2385 2330 2448 2390 p.
2485 2308 2639 2387 248)

332 2438 464 2482 non
521 2416 737 2482 solum
782 2418 1004 2482 omnia
1047 2416 1375 2499 exempla,
1446 2416 1562 2482 sed
1628 2417 1725 2480 rei
1782 2415 1990 2498 ipsius
2047 2423 2291 2481 natura
2350 2415 2642 2480 ostendit

328 2524 427 2588 ita
469 2531 730 2589 tantum
775 2526 963 2608 poni,
1032 2531 1109 2588 ut
1175 2523 1259 2588 ad
1326 2529 1413 2589 ut
1474 2523 1876 2605 adiungatur
1930 2545 2290 2608 pronomen
2351 2530 2468 2589 aut
2526 2523 2641 2589 ad-

332 2632 626 2697 verbium
693 2633 1280 2717 interrogationem
1345 2631 1644 2698 indicans
1702 2629 1926 2716 (quid
1995 2638 2107 2711 ut,
2175 2631 2309 2698 ubi
2375 2639 2489 2712 ut,
2557 2639 2641 2697 ut

334 2761 488 2823 quo
533 2741 726 2823 --⁴?);
792 2763 1008 2825 neque
1065 2741 1238 2806 enim
1295 2740 1491 2804 aliter
1551 2739 1984 2804 animadverti
2030 2739 2246 2822 figura
2292 2746 2360 2804 et
2406 2761 2446 2804 a
2489 2761 2645 2804 vera

333 2849 587 2914 consilii
633 2849 1110 2932 significatione
1157 2848 1473 2930 distingui
1517 2853 1814 2931 poterat;
1859 2867 2074 2928 neque
2120 2848 2246 2913 hoc
2291 2849 2358 2911 in
2403 2848 2643 2913 Latino

334 2958 544 3039 magis
590 2978 890 3023 sermone
935 2957 1325 3023 observatur
1370 2976 1570 3038 quam
1614 2956 1682 3019 in
1730 2954 1979 3033 GraecO,
2025 2953 2139 3018 ubi
2187 2954 2396 3019 multo
2444 2955 2644 3020 latius

333 3070 521 3147 patet
586 3065 783 3132 huius
850 3065 1076 3148 figurae
1143 3084 1317 3128 usus.
1342 3064 1400 3142 ¹)
1522 3061 1666 3126 Hoc
1744 3062 1947 3144 igitur
2024 3067 2276 3126 remoto
2344 3061 2646 3140 artificio,

333 3179 542 3237 restat
607 3173 674 3236 iu
744 3174 1078 3255 scriptura
1140 3192 1272 3236 non
1337 3169 1739 3252 interpolata
1795 3168 1907 3249 (—
1963 3189 2115 3233 nam
2176 3168 2476 3232 codicum
2534 3167 2647 3232 de-

332 3281 653 3345 teriorum
719 3281 1225 3363 depravationes
1292 3279 1618 3359 attingere
1682 3276 1918 3341 inutile
1985 3283 2088 3341 est
2154 3275 2266 3357 --)
2339 3275 2647 3339 mendum

334 3387 751 3452 manifestum
806 3408 928 3452 nec
983 3395 1208 3453 tamen
1265 3392 1381 3450 aut
1435 3383 1570 3448 late
1620 3390 1854 3466 patens
1901 3391 2047 3461 aut,
2118 3393 2194 3449 ut
2239 3385 2502 3466 opinor,
2559 3383 2647 3448 ad

337 3494 790 3576 corrigendum
836 3494 1122 3560 difficile.
1216 3493 1651 3558 Scribendum
1697 3499 1801 3556 est
1845 3493 2046 3556 enim:
2113 3492 2394 3557 Paucae
2438 3491 2648 3556 horae

338 3610 552 3681 sunt,
622 3604 850 3667 intra
908 3624 1103 3687 quas
1164 3636 1239 3646 —
1288 3600 1538 3665 fidem
1595 3600 2212 3665 obstrinximus.
2325 3599 2463 3665 Uis
2521 3619 2648 3664 sa·

340 3715 619 3774 cratas
676 3710 843 3775 fide
902 3731 1183 3774 manus
1228 3744 1315 3754 —
1360 3706 1763 3791 extemplo
1832 3709 1913 3771 in
1980 3728 2154 3771 eum
2211 3707 2648 3772 armemus?

338 3815 439 3879 Ex
485 3823 569 3881 ut
611 3817 736 3883 feci
783 3820 889 3897 ui,
957 3818 1293 3900 geminata
1349 3816 1544 3881 simul
1600 3816 1828 3880 littera
1885 3814 2190 3897 sequenti
2248 3833 2277 3874 s
2347 3816 2432 3894 (c.
2480 3818 2549 3890 8,
2610 3817 2648 3877 9

339 3924 717 3990 Romanis
776 3935 852 3991 et
910 3947 1030 4009 pro
1077 3925 1458 3989 Romanis
1519 3929 1642 3989 set
1698 3922 1958 3988 codices
2016 3921 2262 3986 habere
2322 3919 2648 4000 vidimus).

395 4202 448 4266 ¹)
484 4201 999 4269 Weissenbornius,
1054 4201 1214 4256 cuius
1262 4202 1509 4256 animum
1555 4200 1848 4268 scrupulus
1893 4198 2161 4269 pupugit,
2217 4197 2384 4250 nimis
2424 4197 2652 4250 fortiter

478 4303 536 4341 se
572 4288 823 4357 expedit3
869 4295 1039 4359 negat
1084 4305 1225 4356 opus
1264 4305 1383 4341 esse
1419 4285 1827 4354 interrogativa
1861 4301 2014 4339 voce.
2094 4284 2332 4337 Prorsus
2371 4282 2509 4336 nihil
2545 4281 2653 4333 huc

477 4373 725 4441 pertinet
759 4373 940 4442 figura
975 4374 1232 4428 absolute
1267 4389 1369 4442 per
1404 4377 1471 4425 ut
1508 4369 1898 4440 interrogandi
1929 4369 1996 4423 de
2024 4386 2103 4436 re,
2142 4384 2308 4436 quam
2340 4365 2460 4421 fieri
2488 4381 2653 4434 posse

480 4475 747 4525 negamus
786 4459 880 4526 (tu
917 4465 991 4513 ut
1027 4457 1177 4523 -·‘?).
