3230 5282
1456 621 1578 681 297
2043 672 2049 678 .
2340 634 2465 688 Lib.
2501 635 2676 688 xxn.

366 828 406 872 a
448 804 600 887 (ab)
648 806 954 871 castris
999 804 1491 870 Hannibalis
1538 806 1958 888 equitatus
2005 842 2089 850 —
2136 808 2496 886 emissus,
2554 806 2678 870 hoc

364 921 489 993 est,
557 935 680 997 per
747 933 889 977 eam
956 920 1216 996 partem
1283 913 1427 995 agri
1494 912 2021 978 circumiacentis
2039 964 2054 991 ‚
2124 935 2269 997 quae
2337 934 2377 978 a
2438 916 2677 979 castris

360 1019 754 1087 Hannibalis
832 1040 1066 1085 aversa
1132 1027 1276 1084 erat
1343 1020 1540 1102 (pone
1609 1021 1932 1086 Romana‘
1978 1022 2242 1102 castra).
2363 1022 2678 1106 Apparet,

361 1131 474 1214 qui
530 1128 618 1194 ad
659 1145 990 1207 aversa,
1062 1126 1243 1211 quod
1311 1127 1610 1193 absolute
1678 1129 1965 1211 positum
2024 1128 2335 1195 librarius
2393 1150 2525 1193 non
2580 1132 2679 1194 in-

360 1236 747 1320 tellegebat,
805 1234 1093 1300 adscribi
1138 1236 1429 1317 potuerit
1475 1242 1784 1314 castra3
1830 1237 1897 1299 in
1942 1237 2213 1320 reliquis
2257 1258 2456 1302 unam
2499 1237 2679 1302 litte·

359 1367 502 1410 ram
549 1343 614 1424 (a
660 1366 779 1427 pro
828 1344 888 1424 c)
934 1344 1202 1407 mutavi.
1304 1342 1585 1407 Gravior
1630 1342 1959 1409 dubitatio
2006 1350 2219 1410 restat
2263 1346 2459 1428 paulo
2506 1352 2692 1428 post,-

361 1475 439 1519 eo
509 1450 849 1517 difficilior
916 1450 1279 1534 explicatu,
1346 1450 1554 1533 quod,
1623 1471 2020 1534 quamquam
2088 1474 2207 1535 per
2271 1459 2488 1518 totum
2553 1453 2680 1517 hoc

364 1568 583 1644 caput,
642 1566 863 1624 tamen
909 1558 1003 1623 ibi
1049 1556 1111 1640 (ἓ
1158 1563 1195 1622 9
1243 1563 1311 1622 et
1360 1556 1464 1635 10)
1510 1558 1792 1651 maxime
1838 1567 2139 1643 apparet,
2187 1567 2434 1644 quanto
2481 1580 2679 1643 opere

366 1668 587 1733 Livius
650 1660 1008 1732 dilucidam
1051 1665 1313 1750 Polybii
1368 1658 1815 1731 narrationem
1862 1666 2014 1748 (ΙΙΙ,
2087 1663 2257 1748 101,“
2307 1666 2455 1748 102)
2504 1689 2678 1752 quae-

362 1775 514 1840 dam
580 1775 724 1840 sine
792 1774 1040 1839 dilectu
1076 1773 1650 1855 -cohaerentiaeque
1722 1794 1881 1839 cura
1937 1776 2348 1859 excerpendo
2405 1783 2471 1840 et
2523 1775 2678 1840 flos-

361 1883 543 1948 culos
608 1881 976 1948 rhetoricos
1043 1880 1346 1946 addendo
1415 1881 1810 1964 perverterit
1877 1887 1944 1946 et
2010 1882 2480 1949 obscuraverit.
2602 1884 2680 1948 In

362 1990 485 2055 tali
552 1991 728 2055 enim
793 1990 941 2054 loco
1013 1988 1171 2070 quid
1238 1988 1490 2053 dictum
1555 2010 1688 2054 non
1756 1988 2083 2055 dictumve
2151 1992 2239 2056 sit
2304 1998 2373 2056 et
2439 1991 2679 2075 quibus

364 2098 582 2163 verbis
629 2118 891 2181 quoque
938 2097 1197 2176 ordine,
1256 2095 1521 2162 difficile
1579 2103 1682 2162 est
1735 2096 2050 2162 iudicare.
2152 2098 2517 2180 (Flosculos
2563 2099 2678 2162 ad-

365 2204 541 2270 ditos
599 2225 804 2287 quum
861 2205 1043 2284 dico,
1109 2203 1406 2284 significo
1476 2211 1543 2269 et
1598 2204 1764 2269 illud
1809 2191 2037 2288 supra,
2105 2205 2139 2288 ἓ
2185 2212 2253 2286 4,
2325 2206 2677 2271 emblema:

366 2312 584 2396 quod
665 2312 993 2376 minime
1060 2312 1238 2395 quis
1306 2311 1717 2390 crederet,
1795 2313 1863 2376 in
1931 2335 2060 2396 quo
2129 2313 2472 2380 Creverius
2537 2316 2680 2378 iure

365 2420 588 2500 haesit3
639 2455 715 2465 —
769 2420 930 2501 quid
985 2420 1158 2484 enim
1217 2419 1367 2483 miri
1411 2426 1541 2497 est,
1611 2441 1813 2501 quum
1868 2420 2079 2486 hostis
2134 2422 2404 2506 propior
2460 2423 2573 2500 sit,
2638 2442 2682 2485 a

364 2528 540 2594 bono
607 2529 1007 2610 imperatore
1075 2527 1281 2592 minui
1337 2526 1832 2610 pabulatorum,
1901 2532 2129 2611 augeri
2196 2529 2484 2612 praesidii
2551 2550 2671 2594 nu·
2708 2538 2850 2605 (243)

365 2636 660 2702 merum?
704 2670 792 2682 —-
837 2641 905 2701 et
947 2634 1137 2700 Fabii
1200 2635 1441 2700 artium
1498 2633 1949 2716 mentionem.)
2058 2636 2136 2701 Id
2191 2644 2416 2703 tamen
2471 2637 2679 2702 mani-

364 2745 609 2809 festum
667 2751 770 2809 est
828 2749 898 2808 et
953 2765 1031 2808 ex
1089 2743 1433 2808 sententiae
1489 2744 1945 2826 orationisque
2002 2744 2217 2810 forma
2262 2753 2330 2811 et
2374 2767 2453 2809 ex
2500 2745 2680 2810 codi-

364 2873 512 2917 cum
569 2851 866 2930 indiciis,
934 2850 1244 2916 mendum
1299 2849 1549 2915 haerere
1605 2852 1674 2915 in
1720 2849 1753 2933 ἓ
1805 2855 1913 2925 10,
1984 2873 2179 2934 quem
2233 2853 2448 2918 locum
2504 2850 2679 2916 PCM

364 2962 462 3025 sic
539 2960 860 3043 scriptum
937 2957 1218 3023 habent:
1311 2958 1637 3037 Iamque
1729 2959 2047 3024 artibus
2126 2959 2408 3024 Fabiis
2485 2979 2681 3043 pars

366 3067 789 3132 exercitus
847 3065 1143 3130 aberat
1197 3065 1352 3129 iam
1407 3064 1614 3130 fame
1675 3065 2029 3131 sedendo
2087 3073 2166 3132 et
2223 3065 2678 3131 cunctando

366 3173 1095 3256 bellum-gerebat.
1209 3172 1400 3250 Quod
1468 3194 1586 3256 pro
1655 3173 1862 3239 fame
1931 3195 1972 3238 a
2040 3172 2366 3239 Sabellico
2437 3173 2680 3238 substi-

363 3289 584 3347 tutum
652 3288 758 3346 est
820 3279 920 3361 (et
973 3281 1261 3345 fortasse
1317 3281 1450 3345 iam
1508 3288 1662 3345 ante
1720 3280 1804 3346 ab
1862 3281 2124 3365 aliqum,
2185 3282 2311 3347 etsi
2362 3283 2433 3345 in
2490 3280 2678 3345 codd.

364 3388 1022 3454 Drakenborchianis
1066 3389 1399 3472 plerisque
1443 3388 1477 3453 f
1484 3409 1651 3453 ame
1695 3387 1867 3468 fuit),
1921 3388 2185 3469 ferme,
2230 3409 2503 3473 pravum
2549 3393 2680 3468 est3

365 3518 583 3578 neque
629 3499 799 3561 enim
844 3498 914 3561 in
959 3495 1079 3560 tali
1125 3506 1451 3580 tempore,
1510 3517 1713 3578 quum
1757 3495 2091 3562 Hannibal
2149 3496 2232 3561 ob
2278 3497 2682 3579 paucitatem

363 3604 650 3669 militum
707 3606 815 3668 vix
860 3611 1082 3669 castra
1124 3604 1331 3669 tutari
1375 3611 1631 3687 posset,
1701 3624 1856 3687 pars
1902 3606 2228 3670 exercitus
2271 3604 2519 3669 ferme
2564 3603 2680 3668 ab·

366 3732 534 3790 esse,
590 3713 783 3794 quasi
828 3711 1105 3777 subinde
1153 3709 1493 3776 discedens
1542 3717 1609 3776 et
1654 3711 1932 3792 rediens,
1993 3712 2123 3778 dici
2168 3718 2450 3795 poterat.
2552 3710 2682 3775 Sed

360 3824 806 3902 praeterquam
875 3820 1051 3900 quod
1126 3818 1366 3883 famis
1432 3819 1677 3884 mentio
1746 3840 1955 3901 neque
2024 3819 2167 3884 fieri
2235 3820 2359 3884 hoc
2423 3819 2571 3885 loco
2641 3840 2682 3882 a

358 3925 547 3989 Livio
604 3927 732 3990 nisi
790 3947 909 4009 per
953 3947 1277 3990 summum
1323 3947 1613 3991 errorem
1657 3927 1876 4010 potuit
1922 3926 2100 4008 (nam
2146 3927 2397 3992 dimissi
2443 3926 2681 3990 milites

361 4032 450 4097 ab
495 4032 867 4098 Hannibale
924 4041 1113 4099 erant
1171 4033 1254 4097 ad
1314 4042 1722 4107 commeatus
1765 4035 1832 4097 in
1878 4034 2170 4099 futurum
2214 4035 2444 4099 hiemis
2490 4056 2680 4099 usum

363 4146 436 4204 et
495 4140 581 4204 ad
637 4140 955 4223 pabulum
999 4142 1223 4224 pecori
1268 4141 1791 4219 convehendum‚
1862 4143 1967 4205 cui
2024 4143 2148 4208 soli
2203 4143 2410 4207 fames
2463 4143 2682 4206 timeri

362 4247 659 4330 poterat)
726 4269 939 4330 neque
1007 4249 1147 4313 eius
1215 4248 1399 4313 verbi
1467 4248 1904 4313 tolerabiliter
1974 4271 2123 4315 cum
2190 4251 2423 4315 ceteris
2482 4270 2680 4330 copu-

358 4354 544 4419 landi
625 4357 798 4420 ratio
874 4361 1182 4440 apparet,
1282 4362 1435 4420 ante
1528 4357 1749 4421 omnia
1840 4359 2260 4438 quaerendum
2351 4356 2511 4421 mihi
2590 4358 2680 4418 vi-

359 4461 560 4528 detur
606 4463 689 4527 de
731 4463 1080 4528 verborum
1125 4463 1386 4546 aliquot
1430 4464 1603 4529 sede.
1694 4465 1862 4528 Nam
1908 4465 2078 4530 inter
2124 4465 2262 4529 haec
2309 4464 2680 4528 arctissime
