3230 5282
651 572 773 627 Lib.
811 572 979 627 XLV.
1748 560 1869 621 752

654 744 796 809 dari
841 751 1083 829 posset.
1172 745 1423 811 Deinde
1470 746 1665 810 inea
1698 735 2295 828 condicionesquae
2338 743 2491 809 huic
2528 745 2758 828 primae
2806 765 2963 809 con-

653 853 862 919 traria
928 874 1005 918 ex
1072 853 1347 920 adverso
1414 855 1686 937 ponitur
1730 854 1826 935 (si
1887 860 2149 918 autem
2192 837 2392 935 cet),
2436 852 2821 938 adiungitur
2880 852 2963 916 de

650 960 972 1026 Antiocho
1020 961 1114 1044 (si
1181 969 1447 1028 autem
1494 960 1885 1027 Antiochi
1940 983 2092 1046 non
2148 960 2495 1040 suisset),
2555 962 2662 1025 cui
2722 962 2788 1025 in
2834 961 2963 1026 hac

474 1066 624 1136 (62⁹7)
661 1069 822 1134 nihil
867 1071 1238 1154 respondet.
1326 1070 1653 1135 Praeterea
1697 1071 1765 1134 in
1808 1070 2023 1135 altera
2064 1077 2251 1153 parte
2295 1069 2547 1134 infinito
2594 1069 2789 1135 modo
2840 1070 2963 1150 (eo

650 1198 742 1242 ne
788 1200 849 1261 p.
890 1178 1211 1262 quidem
1248 1179 1585 1244 Romani
1626 1177 1925 1243 factum
1958 1185 2388 1263 apparere)
2425 1185 2761 1260 tamquam
2803 1200 2966 1243 eon-

653 1306 933 1370 sequens
980 1293 1046 1353 et
1093 1286 1270 1371 quod
1316 1285 1660 1365 efficiatur,
1707 1286 1775 1351 id
1819 1288 2107 1371 ponitur,
2154 1286 2333 1370 quod
2378 1288 2446 1350 in
2489 1296 2679 1370 parte
2726 1287 2964 1351 condi-

652 1395 857 1461 cionis
902 1416 1048 1461 esse
1097 1395 1313 1461 debet.
1402 1395 1571 1462 Nam
1615 1394 1881 1460 Prusias
1926 1395 2262 1477 ignoscere
2323 1394 2634 1473 debebat,
2698 1395 2753 1459 si
2797 1417 2966 1477 ager

650 1500 960 1567 Antiochi
1005 1523 1136 1569 non
1179 1501 1398 1569 fuerat
1443 1511 1510 1569 et
1554 1502 1703 1568 ideo
1764 1503 2025 1568 omnino
2074 1504 2520 1569 Romanorum
2563 1501 2777 1567 factus
2826 1524 2965 1568 non

654 1617 829 1690 erat,
877 1616 953 1675 ut
995 1610 1160 1676 nihil
1205 1612 1286 1677 de
1333 1633 1409 1678 eo
1469 1611 1818 1677 decernere
1872 1618 2170 1694 possent,
2237 1618 2353 1676 aut
2409 1613 2463 1676 si
2510 1611 2965 1677 Romanorum

654 1718 917 1800 quidem
961 1716 1194 1800 factus,
1242 1720 1356 1786 sed
1403 1719 1595 1785 datus
1646 1718 1852 1784 Gallis
1900 1721 2031 1785 iam
2077 1728 2236 1785 erat.
2307 1718 2444 1784 Iam
2478 1720 2547 1784 in
2589 1719 2815 1784 codice
2870 1722 2967 1785 sic

655 1825 998 1892 scribitur:
1069 1830 1134 1892 si
1201 1835 1467 1894 autem
1533 1827 1871 1893 Antioci
1937 1849 2088 1892 non
2158 1829 2639 1912 peruissent
2707 1848 2794 1893 eo
2867 1850 2968 1893 ne

655 1935 939 2018 populi
984 1935 1306 2021 quidem
1349 1936 1687 2001 Romani
1731 1934 2036 2001 factum
2083 1945 2433 2020 apparat
2490 1943 2626 2000 aut
2683 1935 2969 2001 datum

655 2041 945 2108 Gallis·
989 2052 1239 2125 esset,
1307 2046 1782 2128 ignosceret
1835 2043 2206 2109 Prusiam
2264 2044 2629 2123 deberet,
2698 2045 2765 2108 si
2811 2059 2966 2124 cet„

655 2149 723 2214 in
760 2173 891 2234 qua
923 2153 1254 2236 scriptura
1284 2151 1369 2218 ad
1403 2153 1520 2218 illa
1552 2160 1916 2237 apparat
1961 2159 2099 2217 aut
2143 2150 2416 2216 datum
2453 2151 2709 2217 attendi
2747 2152 2967 2218 velim.

655 2258 910 2324 Livium
978 2262 1325 2346 scripsisse
1392 2262 1659 2345 opinor:
1741 2261 1807 2325 si
1874 2261 1944 2325 is
2013 2281 2199 2344 ager
2265 2260 2549 2344 populi
2616 2261 2968 2326 Romani

655 2365 929 2432 factus
988 2378 1244 2449 esset,
1315 2390 1557 2452 quum
1624 2366 2014 2433 Antiochi
2069 2389 2224 2433 non
2282 2367 2525 2431 ruisse
2582 2377 2651 2431 et
2718 2390 2809 2434 eo
2871 2393 2970 2435 ne

655 2494 834 2558 pop.
882 2477 1204 2557 quidem
1257 2477 1593 2562 Romani
1661 2475 1965 2542 factum
2033 2485 2435 2557 appareret
2503 2483 2637 2541 aut
2707 2478 2970 2540 dat·-

659 2581 918 2664 Gallis
964 2603 1148 2665 csse,
1192 2585 1619 2670 ignoscere
1663 2583 2033 2651 Prusiam
2092 2585 2394 2652 debere
2440 2592 2561 2651 cet.
2655 2582 2963 2668 (Residet

656 2692 1024 2775 scrupuluS,
1070 2716 1152 2760 ne
1201 2693 1359 2780 quid
1392 2695 1600 2759 lateat
1635 2695 1701 2758 in
1736 2693 1849 2759 illo
1895 2694 2369 2778 peruissent
2413 2703 2652 2779 praeter
2695 2695 2961 2762 fuisse

656 2799 784 2884 et.)
876 2799 1206 2887 [Occurrit
1269 2803 1510 2868 litteris
1592 2803 1984 2886 proximum:
2053 2803 2121 2867 si
2210 2808 2471 2867 autem
2540 2803 2962 2867 Antiocho

655 2931 811 2975 non
853 2913 1230 2995 paruisse
1277 2917 1358 2976 et
1404 2931 1493 2977 eo
1541 2918 1665 2976 cet.
1755 2911 2072 2976 Retentat
2117 2900 2455 2975 assensum
2516 2916 2583 2974 et
2624 2910 2964 2976 Antioci

653 3018 725 3083 in
770 3018 994 3083 codice
1041 3020 1355 3104 scriptum
1401 3025 1468 3085 et
1512 3018 1691 3102 quod
1736 3040 1854 3103 per
1901 3039 1971 3083 se
2016 3038 2171 3102 ager
2229 3017 2354 3084 hoc
2409 3018 2553 3084 loco
2599 3020 2821 3102 aptius
2866 3023 2961 3084 vi-

591 3128 594 3131 ’
655 3124 854 3191 detur
909 3127 1217 3195 Antiochi
1277 3124 1475 3193 fuisse
1533 3126 1665 3192 dici
1723 3147 1919 3208 quam
1963 3125 2284 3192 Antiocho
2329 3126 2650 3210 paruisse.
2740 3124 2963 3209 1864]

657 3233 908 3300 Deinde
966 3234 1027 3318 (ἓ
1088 3235 1192 3318 13)
1249 3236 1317 3300 in
1373 3235 1476 3301 his
1532 3234 1778 3314 verbiS,
1845 3233 2083 3318 quibus
2137 3235 2459 3300 transitur
2525 3234 2608 3298 ad
2675 3232 2966 3300 alteram

658 3363 816 3422 rem,
863 3364 1061 3428 quam
1094 3342 1364 3408 Prusias
1410 3364 1450 3407 a
1498 3348 1734 3408 senatu
1765 3342 2121 3426 petiverat:
2168 3340 2444 3407 Facile
2490 3340 2963 3408 Nicomedis

658 3450 1435 3517 commendationem
1496 3451 1912 3533 accipere,
1974 3455 2278 3534 apparet,
2324 3449 2732 3529 adverbium,
2778 3451 2967 3534 quod

659 3560 921 3625 omnino
987 3558 1311 3624 inutiliter
1378 3557 1703 3637 abundat,
1771 3579 1901 3624 non
1969 3559 2259 3642 potuisse
2325 3559 2536 3641 primo
2591 3557 2738 3623 loco
2800 3561 2966 3641 poni

661 3672 816 3732 ante
852 3688 949 3747 ea,
995 3666 1232 3749 quibus
1267 3687 1439 3732 nova
1470 3685 1575 3730 res
1610 3665 2112 3748 significaretur.
2180 3665 2257 3729 In
2294 3665 2517 3731 codice
2553 3674 2658 3731 est
2699 3664 2967 3745 felici:

656 3775 977 3858 superiori
1022 3775 1360 3840 sententiae
1407 3772 1564 3839 addi
1610 3773 1776 3839 nihil
1820 3780 2068 3857 potest3
2134 3773 2549 3857 relinquitur,
2594 3779 2668 3838 ut
2714 3774 2968 3838 scriba·

660 3904 839 3951 mus:
886 3881 1044 3946 Fili
1090 3882 1560 3948 Nicomedis
1608 3881 2397 3947 commendationem
2443 3882 2849 3964 accipere.

831 3991 1105 4057 Desinet
1148 3989 1288 4054 haec
1332 3994 1562 4055 nostra
1604 4010 1807 4073 opera
1851 3989 1919 4053 in
1966 3989 2195 4056 eodem
2228 3989 2655 4055 correctionis
2701 4009 2967 4071 genere,

659 4119 705 4164 a
739 4120 868 4181 quo
905 4120 1111 4183 prope
1145 4118 1296 4163 orsa
1332 4104 1451 4177 est,
1498 4097 1766 4164 meliore
1805 4098 2276 4164 sententiarum
2311 4097 2743 4163 distinctione.
2792 4096 2970 4162 Nam

659 4207 862 4290 paulo
908 4215 1060 4291 post
1106 4205 1169 4290 (ξ
1220 4206 1324 4286 16)
1371 4206 1464 4272 sic
1523 4204 1863 4271 scribitur:
1936 4210 2017 4270 et
2075 4206 2497 4289 (censuerunt
2552 4202 2808 4288 patres)
2880 4211 2972 4269 ut

661 4336 758 4381 ex
815 4315 1117 4395 classe,
1188 4335 1356 4398 quae
1415 4312 1847 4378 Brundisii
1902 4322 2147 4393 esset,
2216 4334 2463 4379 naves
2530 4311 2790 4396 longae
2850 4314 2973 4378 vi·

660 4424 876 4508 ginti
942 4423 1585 4507 adsignarentur
1640 4420 1913 4502 (Prusiae
1970 4422 2157 4506 regi),
2226 4421 2971 4507 quibus-uteretur,
