3230 5282
1497 538 1621 599 263
2401 551 2526 607 Lib.
2564 553 2712 607 XXI.

391 727 509 802 27,
566 729 610 787 4
670 720 861 805 (tum
916 722 1273 804 undique
1331 743 1596 788 omnes
1656 724 1927 789 exorti
1982 731 2061 790 et
2115 723 2469 790 clamore
2527 726 2713 791 sub-

389 828 572 896 lato
643 832 1032 916 impetum
1098 829 1418 912 fecere),
1488 837 1557 896 et
1624 838 1848 897 tamen
1913 839 2018 897 ter
2082 838 2161 897 et
2228 854 2449 898 errore
2497 840 2714 899 ortum

387 945 554 1021 puto
614 937 875 1020 (XXVI,
923 943 1023 1016 38,
1070 943 1107 1003 ’7
1155 945 1600 1004 cunctatus
1649 945 1806 1020 est3
1867 946 2032 1005 tum
2075 939 2356 1024 scripsi).
2436 940 2710 1021 XXXII,

397 1050 495 1124 14,
561 1050 634 1110 2:
702 1046 902 1112 Inde
949 1046 1355 1131 Gomphos
1412 1046 1757 1113 adortus
1815 1053 1894 1112 et
1949 1069 2091 1132 per
2147 1047 2478 1133 aliquot
2537 1050 2711 1116 dies

367 1173 701 1222 ‚summa
775 1156 849 1219 vi
923 1155 1202 1220 urbem
1267 1161 1630 1234 tuentes,
1715 1175 1954 1241 quum
2030 1157 2183 1221 iam
2264 1156 2534 1223 scalas
2614 1158 2713 1224 ad

387 1263 719 1327 moenia
763 1264 1189 1343 erexisset,
1233 1294 1322 1308 —-·
1364 1264 1732 1348 perpulit
1777 1263 1878 1328 ad
1923 1256 2447 1329 deditionem.
2540 1267 2711 1333 Scri·-

383 1368 715 1435 bendum:
786 1370 1190 1456 Gomphos
1260 1370 1600 1437 adortus
1667 1378 1810 1437 est.
1923 1371 2076 1436 Per
2142 1371 2467 1455 aliquot
2535 1372 2708 1440 dies

383 1484 549 1557 cet.,
618 1485 698 1543 ut
758 1479 1038 1562 primum
1105 1485 1416 1563 suscepta
1479 1500 1585 1544 res
1652 1500 1773 1563 per
1836 1501 1906 1545 se
1964 1485 2270 1563 ponatur.
2380 1479 2709 1561 XXXVII,

383 1590 501 1666 24,
575 1589 616 1650 7
671 1587 1024 1653 manifesto
1084 1588 1322 1652 vitiosa
1377 1594 1481 1653 est
1539 1588 1752 1652 oratio
1807 1588 1875 1652 in
1931 1589 2066 1653 tria
2119 1586 2418 1652 membra
2463 1588 2556 1652 sic
2601 1588 2710 1653 de-

380 1695 682 1778 scripta:
729 1715 1319 1760 consurrexere
1363 1729 1450 1740 -—
1496 1695 2201 1778 contemplatique
2249 1694 2456 1777 (sunt)
2502 1731 2587 1740 ——
2622 1718 2711 1762 ac

384 1823 645 1886 prope
711 1825 868 1871 una
932 1824 1126 1868 voce
1181 1838 1269 1848 —-
1314 1802 2013 1882 exclamaverunt,
2081 1824 2283 1886 quum
2341 1824 2543 1868 causa
2600 1826 2708 1869 ex-

377 1910 727 1975 clamandi
772 1913 1192 1977 contineatur
1235 1911 1304 1975 in
1349 1910 1922 1994 contemplati3
1980 1912 2205 1995 itaque
2260 1917 2441 1976 recte
2498 1933 2587 1977 ac
2642 1914 2710 1977 in

380 2018 733 2084 codicibus
802 2018 1244 2084 deterioribus
1313 2018 1655 2083 sublatum
1705 2024 1828 2083 est.
1940 2020 2173 2084 Restat
2217 2019 2455 2099 XLIII,
2504 2024 2605 2100 21,
2646 2025 2709 2100 4,

378 2126 501 2191 ubi
566 2126 818 2191 editur:
888 2127 1074 2210 App.
1125 2124 1519 2191 Claudius
1574 2161 1661 2172 —
1716 2126 2164 2193 Phanotam
2217 2162 2306 2172 —-
2361 2127 2708 2194 adortus

379 2254 863 2317 oppugnare
921 2240 1001 2300 et
1056 2234 1371 2299 auxilia
1425 2233 1961 2299 Athamanum
2015 2233 2705 2318 Thesprotorum-

379 2363 541 2425 que
598 2376 689 2389 —-
741 2363 1008 2407 secum
1076 2335 1454 2422 adduxit,
1522 2340 1731 2407 codex
1796 2341 2001 2406 habet
2067 2345 2528 2427 oppugnari
2588 2353 2710 2411 est

378 2450 736 2530 auxilia,
795 2472 875 2515 ex
932 2471 1060 2533 quo
1120 2446 1436 2529 efficitur,
1495 2455 1676 2514 recte
1735 2449 2068 2534 descripto
2113 2453 2511 2518 narrationis
2555 2474 2707 2536 pro-

381 2578 662 2640 gressu:
731 2558 1073 2624 adortus
1131 2578 1606 2641 oppugnare
1655 2563 1795 2622 est.
1896 2557 2224 2622 Auxilia
2269 2559 2466 2641 cet.¹)
2579 2560 2709 2627 Sed
2806 2602 2812 2610 -

384 2666 677 2732 eandem
742 2668 1099 2746 rationem,
1192 2687 1392 2751 quam
1458 2665 1662 2731 habet
1716 2665 2002 2749 lapsus
2058 2668 2476 2751 multaque
2539 2690 2713 2734 cum

380 2774 602 2840 caede
661 2776 1020 2854 emersit,
1090 2774 1337 2839 habere
1393 2774 1657 2838 videtur
1713 2774 1780 2837 in
1836 2773 2097 2839 infinita
2141 2777 2467 2840 oratione:
2534 2776 2711 2860 lap-

385 2906 559 2949 sum
642 2884 1058 2967 multaque
1126 2903 1298 2946 cum
1366 2880 1577 2946 caede
1646 2883 2108 2948 emersisse.
2230 2880 2442 2946 Huius
2510 2883 2713 2964 igitur

380 2990 618 3056 formae
665 2993 798 3056 tria
840 2992 1029 3056 video
1077 2990 1384 3055 adnotari
1430 2989 1733 3074 exempla
1776 2990 2085 3054 Liviana:
2159 2989 2267 3068 IV,
2324 2994 2425 3069 46,
2470 2994 2512 3053 4
2561 2989 2711 3071 (di-

384 3101 609 3164 citur
656 3098 730 3177 Q.
780 3097 1184 3164 Servilius
1231 3133 1316 3144 ⁷—
1360 3104 1754 3180 precatus
1800 3097 1895 3162 ab
1944 3098 2073 3162 dis
2116 3133 2203 3142 —
2249 3102 2328 3161 et
2360 3098 2710 3162 ——insti-

382 3207 596 3271 tisse
653 3205 883 3289 filio),
941 3206 1049 3286 VI,
1112 3211 1208 3285 1¹7,
1273 3209 1310 3269 3
1359 3204 1823 3288 (fingerent,
1880 3205 2307 3270 mentitum
2353 3211 2543 3269 ante
2588 3212 2710 3269 at-

380 3334 538 3395 que
607 3312 788 3378 ideo
855 3335 1013 3379 non
1076 3313 1473 3378 habuisse
1542 3312 1728 3395 cet.),
1797 3312 2039 3392 XXIV,
2113 3317 2221 3391 12,
2290 3316 2325 3376 5
2374 3311 2710 3393 (Hanni-

379 3419 655 3485 balem
710 3421 952 3505 Arpis
1008 3419 1459 3504 profectum
1519 3428 1599 3485 et
1654 3420 1994 3503 regredi
2051 3421 2130 3485 in
2188 3419 2710 3505 Campaniam

381 3530 760 3594 adlatum
828 3529 1007 3610 est);
1084 3549 1238 3592 nam
1303 3528 1371 3591 in
1439 3535 1677 3612 quarto
1725 3526 1814 3610 (Ι,
1886 3532 1997 3608 58,
2064 3528 2134 3611 4)
2203 3527 2711 3594 obstinatam

439 3800 488 3867 ¹)
528 3797 683 3867 [Non
727 3800 896 3870 posui
939 3799 999 3853 in
1032 3815 1266 3880 numero
1302 3798 1504 3866 XXIII,
1555 3801 1633 3866 18,
1679 3801 1736 3852 4:
1786 3798 2149 3853 Maharbal
2184 3826 2254 3837 —
2287 3799 2540 3854 missus
2578 3815 2708 3855 nec

523 3886 674 3953 ipse
732 3884 1180 3954 eruptionem
1228 3885 1618 3938 cohortium
1663 3884 2033 3951 sustinuit,
2090 3885 2191 3938 ubi
2246 3901 2370 3938 nec
2427 3884 2576 3953 ipse
2622 3888 2709 3938 est

521 3988 605 4024 ne
642 3971 791 4041 ipse
825 3969 1099 4038 quidem
1130 3968 1200 4036 (v.
1222 3968 1296 4022 ad
1322 3968 1435 4024 Cic.
1455 3969 1579 4023 Fin.
1603 3987 1654 4038 p.
1675 3969 1816 4036 808),
1844 3985 1949 4024 nec
1969 3968 2229 4038 XXXIV,
2275 3971 2357 4036 14,
2393 3970 2428 4022 6
2458 3968 2605 4036 (sed
2640 3969 2709 4023 in

523 4055 1169 4124 dextroextemplo
1205 4054 1389 4123 pulsi
1424 4054 1902 4123 cedentesque
1945 4054 2210 4125 trepidi
2242 4054 2449 4109 etiam
2474 4053 2710 4123 pediti

523 4145 859 4196 terrorem
894 4140 1224 4206 intulere)
1261 4145 1363 4194 aut
1395 4138 1724 4207 XXXVIII,
1772 4142 1862 4207 15,
1917 4144 1942 4192 1
1980 4138 2121 4210 (per
2171 4156 2380 4209 agros
2419 4139 2709 4194 Sinden·

526 4225 696 4280 sium
764 4227 1120 4281 exercitus
1184 4227 1437 4280 ductus
1484 4230 2106 4294 transgressusque
2152 4224 2517 4279 Caularem
2579 4240 2708 4277 am-

526 4328 675 4365 nem
708 4312 949 4381 posuit
984 4310 1274 4379 castr-ak
1298 4327 1429 4364 nam
1463 4315 1705 4378 utroque
1739 4310 1868 4365 loco
1902 4310 2204 4380 participia
2237 4310 2503 4381 copulata
2536 4308 2707 4362 verbo

524 4396 687 4451 finito
727 4393 1154 4466 adiunguntur]
