3230 5282
1381 630 1504 691 689
2236 643 2358 697 Lib.
2397 642 2590 696 XLIV.

303 819 512 901 segnis
557 818 715 883 belli
762 817 1246 881 administratio
1294 816 1660 899 exspectari
1708 822 1951 898 posset.
2027 816 2115 880 Et
2160 838 2240 881 ex
2282 816 2586 881 universo

303 926 539 991 AEmilii
583 928 840 1009 ingenio
887 933 953 990 et
1013 946 1091 989 ex
1149 925 1546 1006 cogitatione
1614 925 1754 988 eius
1820 925 1886 988 in
1953 923 2111 988 belli
2177 923 2589 989 Macedonici

295 1054 515 1100 curam
560 1034 813 1118 pridem
860 1054 1176 1100 conversa
1222 1034 1605 1098 coniectura
1648 1031 1947 1114 fiebat.¹)

462 1141 618 1226 Cap.
667 1146 767 1221 22,
816 1146 852 1206 2
899 1140 994 1223 (in
1041 1143 1340 1207 contione
1387 1141 1456 1205 L.
1506 1139 1783 1218 AEmilii,
1842 1147 2200 1224 antequam
2256 1142 2324 1205 in
2368 1139 2587 1206 Mace·

293 1250 552 1315 doniam
599 1252 741 1330 iret,
787 1249 1073 1332 habita):
1119 1248 1815 1314 Animadvertisse
1861 1249 2157 1327 videor,
2204 1249 2589 1327 QuiriteS,

293 1361 666 1424 maiorem
711 1359 902 1423 mihi
945 1359 1243 1423 sortito
1287 1356 1843 1422 Macedoniam
1878 1358 2377 1439 provinciam
2420 1378 2588 1440 gra·

295 1468 785 1533 tulationem
827 1465 1157 1545 factam,
1228 1486 1459 1550 quam
1514 1485 1753 1547 quum
1797 1472 1937 1529 aut
1993 1465 2276 1531 consul
2334 1487 2588 1531 essem

289 1575 867 1642 consalutatus
937 1581 1077 1639 aut
1152 1595 1307 1657 quo
1387 1572 1513 1638 die
1590 1574 2163 1655 magistratum
2227 1574 2584 1639 inissem.

292 1685 514 1768 Neque
575 1683 1284 1768 plusquamperfectum
1341 1703 1551 1763 neque
1599 1683 2049 1747 coniunctivus
2105 1683 2425 1747 rationem
2470 1681 2585 1750 ha-

290 1791 430 1871 bet,
488 1813 640 1856 nam
689 1799 940 1856 certum
985 1799 1246 1875 tempus
1292 1791 1388 1854 rei
1433 1789 1625 1855 factae
1656 1789 2032 1868 indicatur,
2102 1796 2170 1855 et
2225 1788 2583 1871 gratulatio

291 1899 366 1965 fit
409 1910 584 1980 tum,
654 1921 854 1982 quum
909 1899 1055 1981 quis
1112 1897 1337 1963 consul
1394 1898 1852 1962 consalutatur
1906 1905 1972 1963 et
2017 1919 2146 1982 quo
2193 1897 2297 1962 die
2344 1898 2581 1981 aliquis
2619 1912 2760 1979 (571)

287 2010 749 2091 magistratum
795 2008 936 2072 init.
1028 2004 1250 2070 Codex
1294 2005 1528 2070 habet:
1577 2026 1809 2089 quam
1855 2026 2023 2070 cum
2068 2013 2206 2071 aut
2251 2004 2589 2089 conpul-

285 2135 417 2181 sus
464 2114 974 2192 consulatue,
1023 2116 1089 2179 in
1137 2136 1264 2196 quo
1311 2115 1661 2197 perspicue
1707 2113 2148 2196 significatur:
2219 2135 2389 2178 cum
2450 2120 2591 2178 aut

283 2224 578 2290 consul
625 2243 776 2285 sun
825 2223 1451 2301 consalutatus;
1508 2223 1733 2304 itaque
1781 2223 1978 2286 etiam
2022 2222 2589 2305 magistratum

288 2332 432 2396 inii
502 2331 921 2398 scribendum
988 2338 1122 2410 est3
1192 2331 1312 2394 etsi
1369 2331 1602 2394 mirum
1652 2337 1750 2395 est
1812 2330 1882 2395 id
1928 2331 1994 2394 in
2041 2331 2403 2396 inissent
2464 2330 2589 2410 (sic

291 2441 456 2522 cod.)
503 2442 747 2505 mutari
792 2439 1106 2523 potuisse.
1200 2437 1558 2520 [Originem
1617 2439 1832 2503 mendi
1891 2440 2145 2522 aperiet
2207 2439 2332 2504 hac
2386 2441 2588 2523 scrip-

287 2554 466 2614 tura:
517 2549 846 2626 factam,
905 2567 1132 2630 quam
1192 2568 1428 2630 quum
1473 2547 1772 2626 —inii,
1819 2569 2016 2612 esse.
2093 2547 2302 2630 1876]
2372 2548 2585 2629 (Quod

339 2803 385 2871 ¹)
420 2803 616 2942 {Qfimd‘
651 2804 914 2942 Heigziig
953 2803 1125 2941 allius
1165 2804 1276 2855 vir
1310 2802 1518 2939 posuiti,
1551 2802 1735 2939 {oluit
1769 2803 1887 2856 sine
1925 2803 2096 2941 dublilo
2145 2804 2207 2856 al
2218 2821 2244 2942 ὲ
2254 2805 2410 2943 otqug
2418 2805 2589 2943 ntin·

448 2908 477 2943 e
525 2905 641 2957 eg13
697 2906 754 2942 se
830 2908 849 2942 1
946 2906 978 2941 a
1018 2906 1118 2941 ias
1154 2904 1334 2955 neque
1372 2904 1480 2955 apu
1605 2904 1777 2941 ivium
1813 2904 1991 2956 neque
2068 2905 2131 2943 ac
2169 2906 2215 2942 ω
2245 2907 2278 2941 a
2307 2909 2336 2944 e
2416 2908 2464 2944 lc
2495 2909 2587 2943 um

421 2974 729 3044 reperitur,
785 2991 890 3029 nec
925 2975 1006 3028 ita
1039 2973 1274 3028 Paulum
1307 2971 1498 3025 Livius
1534 2971 1814 3039 laudavit,
1863 2977 1928 3026 ut
1962 2974 2282 3042 superiores
2328 2976 2585 3030 consules

423 3061 577 3113 viros
615 3058 783 3113 fuisse
820 3065 1067 3129 negaret.
1138 3057 1356 3111 Kochio
1415 3056 1626 3125 agilis
1665 3057 1900 3126 placuit,
1958 3075 2125 3126 qnam
2168 3061 2433 3115 virtutem
2467 3060 2581 3115 Ro·

427 3162 629 3198 manus
666 3146 977 3214 imperator
1012 3145 1070 3198 in
1107 3160 1167 3197 se
1202 3143 1420 3197 laudari
1455 3143 1690 3196 miratus
1728 3147 1899 3209 esset3
1945 3162 2124 3212 neque
2161 3146 2308 3200 enim
2344 3164 2586 3215 gnavum

424 3238 483 3284 et
518 3229 727 3284 fortem
762 3230 1093 3285 industriam
1131 3229 1190 3282 id
1224 3228 1560 3283 vocabulum
1606 3225 1898 3298 significat.
1970 3228 2276 3298 Seyffertus
2324 3249 2393 3285 ex
2428 3233 2585 3285 aliis

419 3315 558 3370 facit
591 3315 960 3385 probatus,
1001 3331 1115 3367 non
1153 3331 1284 3368 sane
1321 3315 1633 3368 litterarum
1670 3313 2088 3370 similitudinem
2117 3310 2351 3371 sectans.
2408 3316 2586 3385 Quan-

418 3406 544 3456 tum
579 3401 936 3471 praestitisset
966 3400 1110 3454 bene
1146 3400 1374 3454 invento
1412 3401 1508 3453 uti.
1568 3397 1600 3467 ἓ
1638 3402 1670 3453 3
1707 3416 1938 3467 prorsus
1973 3418 2155 3468 neque
2192 3404 2342 3471 apud
2366 3402 2585 3457 Livium

412 3504 599 3555 neque
661 3486 811 3555 apud
863 3503 1198 3554 quemqnam
1252 3489 1380 3538 ante
1416 3483 1671 3538 Tacitum
1719 3485 2052 3554 scriptorem
2099 3485 2231 3540 ferri
2265 3493 2454 3557 potest
2499 3490 2584 3556 (ac

415 3574 514 3625 vix
552 3572 702 3641 apud
739 3588 1075 3639 quemqnam
1112 3575 1322 3639 praeter
1372 3570 1554 3638 ipsum
1593 3570 1879 3639 Tacitum,
1935 3573 2040 3625 nisi
2088 3572 2242 3641 quod
2286 3574 2354 3627 de
2401 3574 2583 3628 Plinio

417 3657 635 3711 Maiore
675 3674 790 3711 non
828 3655 1062 3722 affirmo)
1098 3655 1221 3710 haec
1257 3656 1416 3709 verbi
1448 3650 1801 3723 substantivi,
1841 3657 2197 3712 coniunctivo
2224 3659 2415 3727 mod0,
2456 3677 2584 3713 cum

415 3742 530 3796 alio
586 3741 758 3795 verbo
794 3741 1072 3810 particula
1125 3746 1191 3795 et
1242 3740 1488 3811 copulati
1528 3741 1776 3794 omissio:
1835 3758 1918 3796 an
1971 3769 2039 3779 —
2084 3745 2417 3812 angustioe
2473 3763 2584 3799 ex-

424 3831 779 3897 superatae
834 3831 900 3881 et
950 3827 1018 3880 in
1055 3842 1235 3894 aequa
1288 3827 1441 3880 loca
1491 3826 1996 3895 pervenissent.
2082 3828 2309 3884 Tacitus
2358 3831 2583 3899 quidem

413 3913 564 3966 hanc
601 3912 864 3966 duritiam
901 3912 1149 3966 studiose
1196 3916 1456 3979 sectatur,
1496 3918 1558 3965 ut
1590 3911 1730 3965 Hist.
1768 3912 1914 3966 libro
1951 3912 2047 3982 IV,
2088 3915 2182 3983 qui
2216 3933 2364 3970 nunc
2400 3919 2584 3986 ipsum

423 3999 484 4051 in
519 3998 782 4052 manibus
828 4004 929 4067 est,
980 4016 1028 4052 c.
1069 4001 1157 4051 13:
1212 3998 1267 4051 si
1305 3998 1864 4067 redintegratum
1919 3999 2180 4053 bellum
2217 4006 2283 4054 et
2316 4006 2423 4054 tot
2467 4020 2579 4055 ar·

425 4090 768 4137 matorum
822 4083 1041 4137 millia
1093 4107 1162 4121 —·
1213 4082 1489 4137 Italiam
1543 4083 1987 4153 irrupissent,
2036 4102 2081 4138 c.
2125 4087 2187 4138 18
2220 4084 2391 4153 med.‚
2432 4104 2478 4140 c.
2516 4090 2584 4141 34

419 4173 555 4222 ante
610 4168 755 4223 med.
827 4168 1027 4238 Itaque
1090 4169 1520 4236 restituendum,
1580 4167 1733 4237 quod
1786 4170 2022 4236 excidit,
2080 4177 2333 4223 essent.
2414 4169 2580 4239 1864]

419 4253 523 4323 §6
561 4254 924 4308 scribendum
960 4254 1211 4309 videtur:
1268 4254 1381 4308 Bis
1435 4254 1501 4307 in
1545 4254 1740 4307 exitu
1793 4255 1950 4307 anni
2003 4255 2147 4308 eins
2201 4255 2585 4324 lapidatum

411 4356 578 4394 esse
616 4340 1011 4394 nuntiatum
1066 4347 1195 4409 est,
1237 4340 1446 4394 semel
1492 4340 1638 4406 (cod.
1673 4341 2060 4393 nuntiatum
2097 4342 2268 4403 esse)
2322 4341 2393 4394 in
2445 4340 2576 4395 Ro·

417 4441 618 4479 mano
657 4442 852 4495 agro,
909 4425 1118 4479 semel
1155 4426 1220 4479 in
1264 4424 1568 4493 Veienti3
1627 4425 1728 4478 bis
1782 4425 1926 4492 (cod.
1974 4425 2173 4478 simul
2227 4427 2292 4479 in
2347 4428 2583 4482 beien-

417 4511 640 4579 tibus)
680 4510 1102 4565 novendiale
1140 4527 1412 4564 sacrum
1447 4508 1705 4563 factum
1745 4515 1863 4564 est.

2054 4617 2122 4667 44
