3230 5282
581 598 703 651 Lib.
742 597 993 650 XXXIII.
1671 587 1796 646 488

754 768 910 851 Cap.
972 767 1083 845 24,
1154 772 1221 831 8:
1304 766 1643 834 Cosanis
1716 791 1805 833 eo
1867 770 1995 833 die
2056 768 2693 852 postulantibus
2758 776 2890 833 cet.

579 876 854 939 Prorsus
913 876 1076 938 mire
1124 875 1262 939 dies
1308 876 1462 940 talis
1510 878 1605 941 rei
1653 876 2006 960 postulatae
2051 882 2342 953 notatur,
2391 884 2458 941 et
2504 875 2901 940 incredibile

580 989 712 1057 est,
781 981 909 1045 hoc
976 983 1042 1046 in
1103 991 1335 1048 senatu
1392 984 1457 1047 in
1519 984 1660 1047 aede
1715 983 2004 1047 Bellonae
2063 984 2249 1066 pacis
2308 982 2624 1046 faciendae
2685 1003 2905 1047 causa.

575 1087 809 1169 legatis
888 1089 1361 1155 Macedonibus
1451 1090 1609 1156 dato
1691 1090 2101 1174 postulatum
2194 1111 2358 1154 esse.
2499 1092 2631 1154 Aut
2720 1091 2899 1154 alius

579 1195 805 1259 subest
851 1216 1033 1260 error
1078 1204 1194 1261 aut
1240 1219 1328 1262 eo
1378 1219 1583 1262 anno
1626 1196 1848 1261 Livius
1896 1197 2190 1279 scripsit3
2238 1196 2518 1262 fortasse
2557 1197 2708 1262 fuit:
2757 1197 2895 1262 Co-

577 1304 799 1366 sanis
860 1324 946 1367 eo
1006 1324 1210 1370 anno
1271 1306 1532 1370 denuo
1579 1303 2091 1388 petentibus»,
2161 1304 2306 1368 coll.
2356 1304 2635 1372 XXXII.
2697 1309 2765 1382 2,
2827 1308 2891 1367 ’7.

578 1407 610 1488 ξ
660 1414 695 1472 5
744 1430 820 1472 ex
868 1410 934 1473 M
980 1410 1344 1491 (senatus
1392 1420 1470 1478 et
1514 1412 1885 1493 habitus)
1932 1433 1972 1475 a
2020 1411 2302 1476 Goellero
2350 1419 2528 1476 recte
2576 1410 2885 1476 efficitur:

578 1524 906 1582 senatus
952 1525 1074 1583 est
1120 1519 1378 1584 datus.
1474 1519 1790 1600 (1863.)¹)

402 1637 543 1705 (369)
753 1624 909 1708 Cap.
969 1629 1084 1704 28,
1153 1631 1189 1688 9
1262 1625 1401 1706 (ubi
1459 1627 1538 1692 de
1596 1626 2072 1708 quaestionibus
2131 1628 2378 1707 agitur,
2448 1647 2592 1708 quae
2649 1625 2895 1690 Thebis

576 1730 820 1796 habitae
869 1740 1023 1797 sunt
1069 1734 1148 1798 de
1195 1735 1304 1813 iis,
1374 1735 1485 1816 qui
1532 1734 1614 1798 ob
1662 1734 1906 1798 caedem
1950 1733 2316 1816 Brachyllis
2363 1734 2429 1797 in
2477 1733 2691 1797 vincla
2734 1755 2890 1797 con·

575 1840 732 1903 iecti
779 1838 1025 1920 erant):
1074 1841 1298 1906 Torti
1345 1848 1527 1924 post
1570 1841 1813 1924 paulo
1858 1842 2252 1917 insonteS,
2300 1862 2530 1923 quum
2577 1842 2892 1905 scirent

577 1946 735 2028 ipsi
781 1947 1007 2025 nihil,
1056 1949 1434 2030 opinione
1474 1950 1818 2012 omni-um
1858 1970 1999 2031 pro
2042 1947 2349 2013 indicio
2391 1949 2511 2011 usi
2550 1948 2891 2030 Zeuxip-—

576 2073 758 2135 pum
804 2060 879 2118 et
924 2054 1468 2120 Pisistratum
1513 2056 2167 2120 nominaverunt.
2272 2055 2380 2119 Sic
2425 2076 2601 2119 nunc
2648 2056 2889 2132 edunt;

574 2161 640 2224 in
686 2162 740 2224 B
784 2168 1006 2225 tamen
1053 2183 1182 2226 non
1229 2170 1330 2227 est
1375 2165 1520 2243 usi,
1568 2163 1748 2246 quod
1794 2165 1859 2225 in
1905 2162 2060 2226 edit.
2088 2162 2257 2244 Mog.
2286 2162 2640 2227 manifesta
2684 2163 2889 2226 inter—

523 2279 526 2284 '
573 2269 906 2350 polatione
952 2269 1251 2334 additum
1299 2278 1430 2348 est3
1502 2271 1597 2334 sic
1656 2270 1829 2333 enim
1887 2270 1980 2332 ibi
2038 2269 2378 2333 scribitur:
2451 2290 2683 2350 quum
2731 2270 2886 2333 sci—

573 2381 757 2438 rent
813 2377 973 2459 ipsi
1032 2379 1504 2460 opinionem
1573 2377 1951 2455 omnium,
2032 2397 2121 2440 ea
2191 2399 2333 2459 pro
2392 2376 2703 2440 indicio
2760 2378 2887 2439 usi

574 2489 696 2545 eet.
802 2484 1030 2565 Atqui,
1093 2485 1207 2566 qui
1254 2485 1381 2567 ipsi
1427 2485 1590 2549 torti
1638 2484 1936 2548 indicant
1980 2483 2250 2565 aliquid,
2307 2503 2521 2564 neque
2569 2483 2883 2546 indicio

570 2596 912 2655 utuntur
958 2612 1169 2672 neque
1215 2614 1359 2675 pro
1407 2590 1646 2657 indicio
1696 2591 1931 2673 aliqua·
1968 2591 2308 2674 opinione3
2367 2592 2433 2655 in
2481 2590 2626 2669 illa,
2686 2611 2879 2672 quam

571 2697 856 2761 editores
904 2698 1072 2762 effici
1120 2699 1494 2777 voluerunt,
1555 2699 1885 2762 sententia
1931 2699 2275 2763 dicendum
2324 2706 2493 2762 erat:
2564 2699 2883 2782 opinio—

569 2826 736 2868 nem
816 2807 1159 2870 omnium
1239 2807 1502 2871 secuti
1581 2828 1727 2888 pro
1807 2806 2113 2870 indicio
2184 2806 2685 2890 Zeuxippum
2754 2812 2881 2869 cet.

567 2911 736 2975 Nam
804 2935 948 2996 pro
1015 2914 1330 2978 indicio
1399 2912 1755 2995 aliquem
1820 2914 2245 2978 nominare
2315 2914 2542 2978 eodem
2604 2934 2881 2996 prorsus

568 3020 760 3084 modo
808 3021 1078 3098 dicitur,
1138 3041 1269 3102 quo
1316 3041 1456 3102 pro
1503 3021 1982 3084 testimonio
2031 3019 2347 3102 aliquid
2396 3020 2699 3096 dicere,
2758 3039 2881 3082 nec
2970 3062 2975 3069 -

565 3136 844 3209 possunt
887 3128 1028 3192 haec
1076 3126 1312 3191 divelli.
1407 3126 1534 3191 Sed
1579 3127 1800 3191 Livius
1848 3126 2022 3190 idem
2070 3125 2251 3204 illud,
2301 3127 2476 3207 quod
2524 3127 2880 3209 participio

567 3237 830 3300 s'ecuti
897 3235 1157 3318 plenius
1226 3233 1579 3314 significari
1647 3240 1937 3317 poterat,
2006 3233 2270 3297 brevius
2339 3233 2503 3296 dixit
2561 3233 2699 3297 solo
2759 3232 2878 3295 ab·-

564 3341 795 3405 lativo:
869 3342 1265 3423 opinione
1333 3342 1684 3405 omnium
1743 3375 1825 3386 —
1879 3342 2527 3405 nominaverunt.
2644 3339 2876 3422 [Abla-

563 3450 770 3512 tivum
819 3468 1084 3530 prorsus
1133 3448 1361 3512 eodem
1407 3449 1600 3512 modo
1652 3448 1880 3511 Cicero
1926 3449 2151 3530 posuit
2200 3448 2378 3511 Verr.
2426 3448 2533 3522 IV,
2583 3446 2616 3529 §
2664 3444 2793 3528 672]

735 3554 891 3638 Cap.
955 3558 1063 3634 30,
1138 3560 1176 3617 8
1234 3554 1342 3634 (de
1404 3575 1568 3639 pace
1625 3554 1930 3638 Philippo
1998 3555 2137 3637 regi
2198 3554 2415 3635 data):
2486 3554 2873 3619 Valerius

564 3663 850 3725 Antias
909 3668 1389 3744 quaternum
1438 3662 1780 3727 millium
1826 3660 2094 3744 pondo
2142 3662 2463 3742 argenti
2511 3659 2871 3742 vectigal

562 3770 639 3833 in
700 3769 972 3832 decem
1030 3789 1282 3833 annos
1343 3770 1822 3852 impositum
1877 3769 2049 3847 regi
2105 3768 2400 3847 tradit3
2471 3766 2869 3831 Claudius

561 3876 637 3938 in
708 3896 959 3939 annos
1027 3877 1376 3956 triginta
1444 3882 1843 3959 quaterna
1908 3873 2172 3938 millia
2243 3875 2504 3958 pondo
2579 3882 2656 3939 et
2723 3874 2865 3936 du-

560 3989 829 4061 centa,
907 4004 1266 4066 praesens
1345 3983 1647 4064 viginti
1716 3982 1981 4046 millia
2045 3982 2330 4064 pondo.
2455 3981 2867 4059 NecessariO,

562 4092 821 4173 opinor,
877 4092 943 4154 in
990 4090 1115 4156 hac
1161 4091 1484 4155 orationis
1531 4090 1747 4154 forma
1792 4089 2142 4153 dicendum
2188 4095 2360 4153 erat:
2423 4089 2867 4171 praesentia

384 4225 525 4291 (390)
562 4198 857 4279 viginti
914 4197 1182 4261 millia
1238 4196 1497 4280 pondo
1556 4197 1659 4273 (ut
1706 4195 2038 4274 xxxvn,
2099 4202 2208 4275 45,
2271 4201 2348 4260 14
2394 4204 2463 4260 et
2507 4194 2866 4271 XXXVIII,

563 4333 856 4341 ---——-.-—--—
874 4334 1019 4341 ———-

611 4397 658 4465 ¹)
701 4396 756 4465 [ξ
801 4401 836 4450 4
879 4398 1195 4451 necessario
1244 4414 1572 4466 praenomen
1619 4399 1881 4467 praetoris
1920 4397 2240 4452 addendum
2279 4404 2387 4452 est:
2444 4416 2476 4451 a
2511 4397 2573 4451 Μ.
2614 4396 2865 4466 Sergio

691 4488 961 4551 praetore3
999 4500 1048 4534 ν.
1087 4480 1320 4549 XXXII,
1360 4483 1441 4547 2⁷,
1478 4485 1524 4535 7.
1603 4481 1775 4551 1863]
