3230 5282
1455 638 1577 698 203
2355 645 2476 698 Lib.
2516 643 2659 698 VIII.

370 822 858 887 atrociorem
915 823 1201 902 fuisse,
1264 821 1515 903 deinde,
1561 843 1761 905 quum
1805 841 2024 884 errore
2071 841 2187 903 pro
2235 840 2325 882 ne
2372 819 2659 901 positum

369 938 536 995 esset
583 953 784 1009 nam,
841 931 925 995 ad
973 933 1363 998 sententiam
1408 938 1739 1014 utcunque
1786 929 2130 1011 negatione
2175 927 2657 993 resarciendam

369 1040 677 1123 scriptum
736 1062 911 1105 esse:
981 1063 1072 1105 ne
1129 1042 1325 1105 iram
1384 1038 1719 1123 quidem.
1821 1038 2052 1119 Itaque
2098 1037 2422 1120 relinquo,
2480 1036 2655 1118 quod

365 1149 619 1213 codices
662 1148 927 1227 habent,
971 1150 1353 1232 Liviumque
1400 1148 1741 1213 aberrasse
1789 1146 2116 1211 sententia
2153 1152 2342 1228 puto,
2387 1166 2654 1228 pravam

364 1259 753 1323 sententiam
813 1280 939 1322 non
990 1272 1169 1339 esse,
1238 1281 1366 1322 non
1421 1258 1750 1322 assentior
1806 1278 1886 1319 ne
1943 1254 2333 1318 amicissimo
2392 1252 2653 1337 quidem

361 1365 622 1431 homini.
713 1366 958 1449 (1861.)

527 1475 690 1559 Cap.
738 1480 839 1554 34,
888 1480 925 1538 9
972 1474 1064 1556 (in
1113 1475 1410 1539 oratione
1461 1474 1529 1537 L.
1578 1472 1885 1556 Papirii):
1934 1493 2167 1555 quum
2211 1505 2297 1513 —-
2340 1469 2650 1532 milites

363 1620 438 1628 —
501 1584 1007 1649 immemores
1086 1584 1577 1647 sacramenti
1658 1581 2000 1646 licentia
2076 1579 2251 1644 sola
2319 1599 2434 1657 se,
2514 1575 2647 1640 ubi

357 1693 639 1771 velint,
707 1698 1255 1757 exauctorent.
1366 1691 1499 1770 Sic,
1569 1689 2119 1774 quemadmodum
2176 1685 2365 1768 vulgo
2413 1685 2646 1765 editur,

352 1800 853 1882 inMscriptum
900 1806 1018 1879 est,
1064 1822 1183 1864 nec
1225 1800 1444 1883 magni
1487 1800 1798 1865 momenti
1846 1819 1988 1862 esse
2034 1795 2354 1871 videntur,
2402 1815 2546 1875 quae
2582 1794 2647 1857 in

352 1908 622 1990 reliquis
670 1907 1003 1972 codicibus
1049 1908 1306 1972 variant
1350 1907 1445 1989 (P,
1495 1906 1742 1987 Klock.‚
1805 1906 1918 1970 alii
1965 1904 2143 1969 sola
2188 1904 2341 1981 ubi,
2399 1903 2639 1967 omisso
2676 1924 2815 1993 (172)

356 2040 461 2097 se,
517 2016 718 2080 LlHl
783 2015 895 2079 alii
952 2016 1334 2082 solauase
1393 2016 1572 2097 ubi).
1675 2016 1802 2082 Sed
1858 2036 1987 2078 non
2043 2013 2262 2097 placet
2305 2013 2647 2079 licentia

355 2126 523 2189 sola
592 2147 677 2189 se
745 2131 1310 2205 exauctorare,
1380 2127 1511 2189 sive
1583 2125 1846 2190 modum
1916 2124 2048 2188 sive
2119 2143 2386 2186 causam
2444 2123 2643 2185 inter-

354 2241 606 2317 pretere
679 2233 827 2313 (mit
892 2232 1146 2298 blosser
1202 2234 1712 2317 Ziigellosigkeit
1777 2238 1922 2297 aut:
2014 2254 2135 2296 aus
2202 2230 2459 2295 blosser
2516 2230 2641 2312 Z.);

352 2340 550 2406 fuitne
636 2342 973 2406 licentia
1051 2344 1372 2407 soluta?
1463 2342 1665 2425 [Nihil
1734 2343 1858 2405 huc
1925 2341 2211 2424 pertinet
2276 2339 2367 2417 II,
2436 2345 2502 2419 3,
2572 2346 2639 2404 4:

354 2451 906 2534 periculosum
974 2473 1151 2516 esse
1220 2454 1294 2516 in
1365 2458 1486 2517 tot
1555 2452 1926 2515 humanis
1985 2449 2408 2513 erroribus
2465 2449 2641 2514 sola

353 2560 825 2624 innocentia
871 2558 1258 2644 vivere.]¹)

404 2818 446 2883 ¹)
485 2817 703 2870 Eodem
752 2833 873 2885 cap.
921 2815 953 2885 ξ
999 2820 1031 2869 5
1077 2837 1306 2886 prorsus
1361 2837 1536 2887 prava
1588 2824 1675 2872 est
1730 2820 2005 2887 particula
2055 2824 2244 2872 vetans
2295 2815 2638 2884 (Maiestas

477 2902 764 2972 imperii
814 2908 1155 2971 perpetua
1200 2923 1277 2957 ne
1326 2909 1537 2970 esset,
1593 2923 1723 2957 non
1771 2923 1919 2958 csse
1968 2906 2032 2957 in
2079 2922 2198 2956 sua
2232 2903 2639 2972 potestatc);

477 2989 558 3042 sic
597 2988 746 3042 enim
786 2987 1018 3055 dicitur,
1065 2991 1220 3057 quasi
1257 2989 1514 3058 Papirius
1552 2990 1745 3058 cupiat
1780 2990 2004 3044 efficere
2038 3006 2226 3058 posse,
2271 3007 2339 3041 ne
2374 2994 2642 3058 perpetua

476 3076 552 3127 sit
587 3075 855 3126 maiestas
892 3074 1134 3143 imperii3
1182 3076 1588 3143 interrogativa
1624 3075 1709 3142 (—
1746 3081 2172 3144 perpetuane
2206 3074 2309 3140 -),
2356 3080 2417 3127 ut
2453 3078 2640 3128 esset

477 3162 552 3214 sit
579 3160 826 3213 futura
855 3166 1057 3227 esset,
1094 3160 1249 3227 dura,
1287 3161 1385 3213 sed
1411 3160 1663 3226 ferenda;
1701 3161 1798 3216 cfr.
1821 3179 1865 3214 c.
1899 3164 1975 3227 13,
2019 3163 2103 3213 14:
2143 3164 2229 3225 ut,
2267 3159 2638 3212 sitLatium

477 3245 727 3299 deinde
774 3263 853 3298 an
899 3263 1031 3299 non
1079 3247 1191 3313 sit,
1245 3247 1313 3300 in
1348 3252 1580 3300 vestra
1614 3265 1811 3301 manu
1847 3246 1953 3313 (di)
1989 3246 2384 3315 posuerint,
2436 3245 2505 3311 H,
2555 3247 2637 3311 55,

475 3334 533 3390 9.
591 3329 772 3395 XXX,
827 3333 910 3398 32,
964 3334 1010 3384 2.
1100 3331 1243 3385 Nam
1297 3333 1463 3401 paulo
1522 3333 1634 3386 alia
1687 3351 1880 3386 eorum
1926 3333 2178 3385 locorum
2225 3333 2368 3385 ratio
2416 3335 2526 3396 est,
2578 3331 2639 3385 in

476 3417 681 3484 quibus
719 3416 966 3469 eiusdem
1001 3435 1255 3485 personae
1293 3419 1441 3471 actio
1480 3419 1842 3488 significatur,
1879 3423 1943 3472 ut
1980 3418 2229 3484 XXXIX,
2266 3420 2348 3484 53,
2384 3420 2441 3470 6:
2490 3417 2637 3485 ipse

475 3504 592 3555 vix
648 3502 752 3554 sui
799 3502 1086 3555 arbitrii
1131 3503 1301 3571 fore,
1356 3522 1545 3573 quem
1589 3505 1900 3559 heredem
1945 3504 2137 3572 regni
2186 3504 2636 3572 relinqueret,

476 3587 783 3642 credens.
886 3587 950 3640 In
995 3586 1026 3657 ᾖ
1071 3591 1104 3642 6
1149 3596 1304 3643 certa
1346 3596 1434 3644 est
1477 3589 1687 3644 Dukeri
1735 3590 2052 3645 emendatio
2102 3590 2187 3657 (in
2232 3607 2299 3643 se
2342 3591 2632 3660 potissi-

465 3691 655 3733 ‚mnm
702 3673 1045 3727 dictatore
1088 3674 1191 3729 ius
1239 3676 1604 3730 dictaturae
1644 3677 2065 3746 exstinguat3
2121 3675 2191 3729 de
2228 3677 2633 3746 exstinguendo

479 3758 708 3827 Papirio
754 3758 1034 3812 dictatore
1070 3779 1233 3815 nemo
1272 3762 1597 3830 cogitabat).
1682 3762 1748 3816 In
1784 3760 1815 3830 ἓ
1853 3765 1884 3815 3
1924 3762 2226 3830 probabilis
2264 3767 2349 3816 est
2383 3763 2636 3817 Douiatii

477 3845 805 3898 coniectura
841 3844 917 3899 de
953 3846 1231 3912 tollentis3
1270 3843 1420 3913 [nam
1477 3865 1601 3901 cum
1650 3847 1891 3902 faciles
1940 3848 2122 3901 minus
2171 3852 2301 3916 apte
2338 3850 2630 3918 coniungi-

481 3935 592 3995 tur,
629 3930 781 3998 quod
817 3948 932 3984 non
967 3931 1100 3985 item
1139 3933 1209 3986 ad
1245 3950 1471 3987 comes
1511 3933 1660 3986 trahi
1696 3933 1923 4003 potest}
1989 3933 2118 4002 Cap.
2156 3936 2239 3999 35,
2281 3936 2344 3987 10
2379 3936 2630 3988 codicum

479 4016 816 4070 auctoritate
869 4033 1043 4085 prope
1095 4018 1250 4071 nulla
1303 4018 1697 4086 (recentiorum
1744 4023 1801 4073 et
1844 4019 2195 4088 paucorum),
2249 4021 2524 4074 sententia
2577 4027 2633 4075 et

478 4100 845 4170 grammatica
908 4102 1125 4155 ratione
1178 4122 1392 4158 summa
1446 4105 1500 4157 vi
1553 4109 1789 4173 cogente
1843 4105 2200 4160 scribendum
2255 4112 2364 4160 est:
2427 4107 2631 4161 Forte

478 4187 580 4241 ita
628 4205 702 4241 eo
736 4204 911 4241 anno
949 4189 1203 4255 evenit,
1253 4194 1352 4256 ut,
1399 4191 1943 4258 quotiescunque
1981 4190 2292 4245 dictator
2328 4193 2404 4245 ab
2442 4210 2625 4245 exer-

480 4273 625 4325 citu
679 4273 1064 4325 recessisset
1116 4273 1236 4343 (pro
1290 4275 1641 4342 recessit),
1695 4275 1931 4329 hostes
1976 4276 2043 4329 in
2090 4276 2357 4330 Samnio
2404 4295 2623 4330 move-

475 4365 727 4412 rentur.
816 4356 900 4412 Ne
950 4364 1111 4414 recta
1162 4360 1389 4428 quidem
1443 4361 1695 4415 oratione
1738 4361 1930 4414 Livius
1983 4362 2232 4430 perfecto
2286 4380 2416 4416 usus
2463 4367 2623 4416 esset.

476 4442 618 4496 Nam
664 4443 933 4513 quoties
981 4445 1272 4511 recessi,
1317 4445 1402 4499 fit
1447 4446 1736 4515 aliquid3
1783 4446 1998 4501 fiebat
2035 4447 2308 4515 (factum
2345 4448 2464 4506 est)
2503 4448 2625 4501 ali-

479 4527 654 4599 quid,
688 4530 960 4601 quoties
995 4548 1408 4586 recesseram
1445 4532 1531 4586 vel
1557 4533 1734 4604 magis
1761 4532 1998 4588 Liviano
2028 4551 2128 4587 usu
2155 4535 2620 4589 recessissem.
