3230 5282
483 577 605 629 Lib.
644 576 839 650 xxlv.
1581 563 1703 623 338

657 747 813 832 Cap.
884 752 995 824 20,
1079 751 1147 811 5:
1231 746 1545 831 Oppida
1620 748 1694 810 vi
1763 754 2000 830 capta
2078 746 2648 830 Compulteria
2709 783 2800 791 —

486 856 844 939 Compsa,
893 855 1075 920 inde
1121 854 1517 937 Fugifulae
1565 862 1651 920 et
1696 853 2242 934 Orbitanium:
2303 876 2392 919 ex
2442 854 2800 919 Lucanis

485 964 813 1028 Blandae
882 969 962 1028 et
1031 962 1470 1046 Apulorum
1540 962 1738 1026 AEcae
1824 970 2330 1046 oppugnatae.
2455 963 2800 1046 Temporis

483 1072 817 1137 distinctio
865 1070 1075 1154 (inde
1131 1070 1232 1151 F.)
1304 1070 1370 1134 in
1435 1069 1560 1134 hac
1619 1070 1816 1134 celeri
1876 1073 2369 1135 enumeratione
2416 1070 2795 1151 exiguorum

484 1180 945 1264 oppidulorum
1000 1180 1226 1262 inepta
1282 1186 1413 1258 est3
1469 1180 1692 1260 itaque
1752 1178 1935 1242 inde
1993 1177 2079 1242 ad
2138 1178 2351 1243 locum
2396 1179 2686 1261 pertinet
2731 1184 2802 1241 et

483 1288 569 1352 ad
626 1287 872 1371 oppida
919 1285 1308 1351 Samnitium
1353 1308 1394 1350 a
1441 1286 1723 1359 Lucanis
1781 1286 2181 1369 separanda,
2249 1286 2796 1367 quemadmodum

484 1395 726 1461 dicitur
782 1415 1075 1478 capere
1122 1415 1213 1458 ex
1258 1394 1641 1459 hostibus
1688 1394 1765 1473 (Ι,
1812 1398 1915 1471 46,
1964 1392 2077 1471 ΙΠ,
2125 1398 2224 1472 68,
2269 1394 2376 1471 IV,
2421 1398 2523 1472 48,
2574 1399 2672 1471 51,
2717 1394 2794 1467 V,

485 1508 585 1583 20,
642 1503 752 1581 VI,
819 1504 941 1584 14),
1004 1523 1093 1566 ex
1137 1502 1654 1579 Tiburtibus,
1714 1524 1804 1567 ex
1849 1501 2176 1567 Volscis
2236 1501 2406 1579 (VII,
2470 1506 2565 1578 18,
2625 1501 2798 1579 VIII,

485 1612 627 1690 23),
685 1613 901 1693 ipsum
945 1610 1129 1674 inde
1175 1610 1296 1687 IX,
1354 1614 1453 1687 20,
1515 1615 1583 1689 9;
1632 1609 1868 1674 deinde
1915 1609 2043 1674 duo
2091 1618 2242 1674 sunt
2289 1609 2570 1687 ordines,
2628 1608 2800 1672 alter

484 1719 880 1802 oppidorum
936 1726 1306 1802 captorum,
1377 1725 1908 1802 oppugnatorum
1965 1717 2152 1782 alter.
2264 1716 2605 1793 Blanda,
2661 1735 2791 1779 non

481 1826 829 1903 Blandae,
889 1833 955 1891 et
1012 1826 1189 1909 apud
1247 1824 1490 1891 Melam
1551 1833 1618 1891 et
1674 1825 1853 1908 apud
1897 1824 2183 1889 Plinium
2242 1831 2308 1889 et
2353 1823 2529 1907 apud
2576 1821 2795 1887 Ptole-

478 1914 713 1998 maeum
750 1933 1156 2017 appellatum
1196 1956 1275 1997 ex
1300 1953 1332 1994 e
1356 1933 1433 1997 fit
1458 1941 1550 1998 et.
1591 1933 1833 2015 {taque
1858 1939 2038 1998 totus
2061 1933 2245 1997 locus
2270 1933 2365 1996 sic
2388 1931 2795 2013 distinguen-

483 2042 602 2106 dus
649 2048 716 2106 et
760 2041 1144 2106 scribendus
1192 2049 1320 2106 est:
1368 2041 1672 2125 oppida
1715 2043 1788 2105 vi
1836 2046 2076 2123 capta
2120 2039 2679 2123 Compulteria
2710 2073 2799 2082 -—

483 2148 825 2231 Compsa
862 2148 1063 2223 inde,
1100 2148 1498 2230 Fugifulae
1524 2184 1609 2192 —
1635 2169 1724 2212 ex
1753 2147 2458 2225 Lucanis,Blanda
2492 2153 2569 2210 et
2591 2146 2794 2227 Apu-

480 2256 743 2320 lorum
778 2256 975 2319 AEcae
1025 2263 1526 2339 oppugnatae.
1568 2254 1816 2339 (1862.)
1875 2253 1907 2337 ξ
1956 2260 1992 2318 9
2041 2278 2075 2319 8
2123 2254 2394 2319 maliis
2442 2253 2545 2333 (P)
2593 2253 2669 2317 fit
2713 2253 2790 2314 in

482 2363 680 2440 aliis
726 2385 847 2446 pro
898 2364 1112 2427 aliis,
1206 2363 1452 2445 (1862.)

657 2470 814 2554 Cap.
887 2474 998 2549 22,
1078 2474 1116 2532 2
1185 2470 1433 2538 multos
1514 2471 1756 2536 abhinc
1837 2492 2046 2536 annos
2124 2471 2416 2535 videram
2481 2467 2796 2532 mendose

481 2578 713 2644 scribi:
806 2578 1352 2643 servitudinis
1443 2578 2138 2662 indignitatisque
2218 2578 2584 2643 homines
2664 2596 2795 2638 ex-

484 2693 795 2771 pertOS‚
873 2677 1136 2766 iisdem,
1215 2706 1357 2770 quae
1426 2688 2033 2775 Weissenbornium
2101 2692 2469 2763 moverunt,
2537 2684 2800 2748 indiciis

482 2802 878 2870 commotus,
948 2794 1243 2859 inaudito
1320 2795 1871 2860 servitudinis
1944 2796 2230 2873 nomine,
2300 2815 2499 2877 quum
2560 2798 2800 2874 praesto

483 2909 658 2967 esset
740 2903 1247 2967 usitatissimum
1326 2904 1795 2982 servitutis,
1876 2910 1943 2967 et
2008 2902 2341 2987 p‘articipii
2408 2905 2800 2982 expertus

482 3031 631 3074 cum
681 3011 982 3092 genetivo
1030 3011 1521 3089 coniunctione3
1591 3011 2034 3093 corrigebam:
2104 3010 2542 3075 servitutis
2600 3027 2797 3071 onus

482 3118 1206 3199 indignitatesque
1263 3119 1325 3182 h.
1374 3124 1779 3200 expertOS,
1836 3139 1959 3182 nec
2003 3125 2221 3182 tamen
2269 3116 2336 3181 id
2384 3115 2797 3199 supplemen-

481 3233 620 3290 tum
667 3227 813 3289 aliis
859 3225 1157 3309 praefero.
1239 3225 1299 3308 [ξ
1346 3231 1385 3288 4
1430 3227 1497 3289 in
1543 3226 1644 3300 iis,
1692 3246 1836 3308 quae
1881 3226 2359 3290 Andranodoro
2405 3223 2797 3288 denuntian-

481 3340 618 3397 tur:
690 3340 1011 3416 portum
1071 3332 1363 3397 Insulae
1411 3334 1768 3414 aperiat,
1829 3332 2116 3398 reddat
2162 3331 2647 3416 praesidium,
2692 3330 2798 3391 vix

487 3439 630 3503 fieri
694 3445 947 3522 potest,
1024 3445 1100 3503 ut
1169 3462 1299 3504 non
1360 3440 1776 3505 scribendum
1832 3441 1918 3506 sit
1971 3441 2254 3505 tradat
2310 3439 2800 3523 (aperiatra-

482 3545 681 3627 dat);
729 3568 879 3611 nam
924 3568 1134 3628 neque
1181 3546 1520 3612 reddere
1566 3554 1667 3611 est
1712 3547 2011 3612 dedere
2056 3569 2269 3631 neque
2314 3545 2449 3611 ulla
2484 3545 2616 3610 alia
2648 3544 2797 3608 red-

482 3653 677 3718 dendi
724 3653 1116 3737 significatio
1163 3654 1225 3719 h.
1273 3655 1314 3718 l.
1363 3676 1507 3720 esse
1552 3662 1795 3738 potest.
1870 3653 2082 3737 1872]
2172 3654 2533 3719 Certiorem
2579 3672 2797 3717 emen-

482 3761 821 3827 dationem
867 3767 1157 3826 extremo
1206 3763 1407 3845 capiti
1455 3760 1516 3844 (ἓ
1560 3762 1666 3843 17)
1704 3762 1950 3840 adfert),
1995 3763 2109 3827 ubi
2157 3764 2251 3826 sic
2298 3762 2542 3826 editur:
2589 3760 2794 3844 peri-

482 3869 915 3952 culumque
983 3870 1265 3951 ingens
1336 3876 1636 3947 manet,
1704 3871 1861 3935 nisi
1929 3870 2111 3953 paci
2180 3877 2254 3934 et
2322 3867 2795 3935 concordiae

482 3976 957 4056 consulitis,
1015 3997 1110 4041 ne
1168 3977 1442 4042 libera
1500 3977 1901 4042 efferatur
1956 4000 2084 4042 res
2131 3978 2482 4060 publica.
2585 3976 2796 4040 Nimis

481 4085 654 4148 enim
711 4085 979 4148 incertae
1036 4090 1104 4148 et
1164 4092 1281 4149 aut
1338 4086 1589 4167 ignavae
1651 4090 1769 4149 aut
1827 4107 2045 4168 pravae
2102 4084 2596 4167 significationis
2650 4104 2793 4146 ver-

481 4190 635 4255 bum
705 4198 807 4256 est
876 4191 1309 4272 efferatur,
1378 4192 1554 4275 quod
1625 4191 1738 4256 alii
1810 4193 1890 4257 de
1947 4194 2257 4257 insolenti
2315 4191 2628 4275 superbia
2687 4211 2794 4254 ac*

482 4299 762 4383 cipiunt,
822 4301 885 4364 in
945 4320 1078 4381 qua
1134 4299 1615 4382 significatione
1676 4308 1793 4365 aut
1851 4300 2180 4365 ablativus
2237 4306 2353 4364 aut
2409 4299 2792 4364 adverbium

478 4406 852 4471 addendum
900 4415 1071 4486 erat,
1128 4428 1249 4471 nec
1306 4415 1527 4473 tamen
1574 4409 1738 4473 satis
1786 4410 2174 4492 exprimitur
2219 4408 2497 4491 periculi
2545 4407 2791 4488 magni-
