3230 5282
454 577 579 631 Lib.
621 576 822 632 XXVI.
1557 563 1680 625 3¹74

629 748 788 833 Cap.
844 753 951 827 15,
1012 752 1079 827 3,
1137 748 1250 814 ubi
1304 749 1391 829 in·
1418 748 1468 812 P
1517 748 1610 813 sic
1670 746 1979 814 scribitur
2024 747 2510 835 (simillimeque
2555 752 2625 818 in
2669 774 2775 819 ce-

454 856 674 937 teris):
738 855 1336 941 percunctandi
1391 857 1638 921 etiam
1693 877 2001 941 aequum
2045 877 2229 922 esse
2275 866 2774 941 potestatem

456 965 646 1030 fieri
694 964 1105 1047 patribu8‚
1161 985 1342 1029 num
1387 965 2131 1030 communicassent
2177 963 2552 1050 (Campani)
2601 990 2774 1033 con-

458 1074 654 1138 silia
710 1094 882 1137 cum
936 1072 1247 1156 aliquis
1286 1073 1722 1145 *sociorum
1769 1071 2047 1138 Latini
2102 1075 2462 1140 nominis
2518 1078 2775 1142 muni·

285 1190 424 1258 (306)
462 1181 861 1264 cipiorum
928 1187 1007 1246 et
1060 1201 1239 1246 num
1293 1201 1442 1264 ope
1501 1200 1772 1245 eorum
1830 1181 1907 1243 in
1965 1179 2184 1246 bello
2243 1181 2524 1249 forent
2581 1185 2773 1250 ead-

454 1288 1086 1371 municipiorum
1143 1288 1438 1365 adiuti,
1495 1308 1626 1352 non
1684 1292 1898 1367 muto,
1958 1308 2154 1370 quam
2201 1288 2384 1368 olim,
2444 1309 2645 1371 quum
2691 1291 2772 1356 de

455 1395 728 1460 coloniis
763 1396 1076 1461 Romanis
1124 1395 1446 1479 disputavi
1481 1394 1747 1477 (Opusc.
1783 1395 1983 1460 Acad.
2021 1395 2052 1458 1
2086 1420 2146 1479 p.
2186 1399 2311 1460 239
2346 1397 2532 1479 not),
2580 1399 2772 1481 posui

456 1504 884 1584 sententiam,
954 1526 1086 1569 non
1153 1505 1367 1585 solum
1435 1503 1648 1568 altero
1705 1502 1851 1568 loco
1911 1502 2016 1586 [ut
2071 1496 2370 1568 voluerat
2427 1506 2559 1569 iam
2617 1503 2770 1570 Cre-

452 1611 729 1695 verius],
787 1613 904 1677 sed
959 1619 1241 1694 utroque
1286 1610 1647 1678 tollendum
1694 1631 1836 1676 esse
1880 1612 2510 1697 municipiorum
2554 1619 2770 1678 ortum

454 1741 534 1785 ex
597 1742 776 1785 num
844 1742 990 1804 ope
1058 1741 1323 1785 eorum
1379 1719 1963 1804 (quemadmodum
2018 1718 2294 1799 XXVII,
2361 1726 2465 1799 11,
2530 1725 2600 1783 11
2663 1720 2767 1787 bis

452 1828 764 1893 scribitur
826 1849 1128 1912 pravum,
1198 1828 1398 1894 semel
1455 1827 1768 1909 rectum),
1837 1833 1912 1892 ut
1971 1827 2325 1893 scribatur:
2394 1849 2564 1893 cum
2617 1828 2769 1893 ali-

456 1937 638 2020 quis
711 1924 1114 2002 sociorum
1177 1935 1454 2001 Latini
1509 1936 1862 2002 nominis
1923 1941 2001 2000 et
2055 1957 2237 2001 num
2293 1957 2438 2019 ope
2503 1958 2771 2002 eorum

452 2045 532 2108 in
579 2043 794 2110 bello
853 2042 1125 2111 forent
1183 2044 1471 2109 adiuti.
1577 2043 1748 2107 Nam
1804 2043 1982 2126 quod
2040 2044 2400 2127 municipia
2445 2045 2770 2110 eiusmodi

453 2151 810 2235 significari
875 2152 1139 2232 volunt,
1209 2173 1355 2233 quae
1422 2152 1758 2217 civitatem
1828 2152 1967 2216 sine
2028 2150 2339 2235 suffragio
2397 2152 2767 2233 habuerint,

452 2280 667 2340 neque
724 2259 864 2324 ulla
921 2266 1025 2325 est
1078 2261 1146 2324 in
1204 2260 1442 2325 horum
1500 2266 1873 2342 temporum
1930 2259 2212 2326 historia
2270 2260 2465 2325 huius
2511 2261 2769 2342 generis

453 2367 986 2450 municipiorum,
1053 2387 1199 2449 quae
1243 2367 1467 2431 Livius
1520 2387 1843 2450 nusquam
1899 2369 2165 2434 omnino
2212 2389 2253 2433 a
2297 2369 2536 2434 ceteris
2594 2369 2769 2450 cogi-

451 2473 657 2540 tando
729 2475 1158 2541 scribendove
1232 2477 1540 2555 secrevit,
1611 2483 1924 2560 separata
1988 2477 2233 2541 mentio
2292 2475 2766 2559 significatiove

452 2589 788 2665 tamquam
883 2585 1118 2651 animis
1210 2584 1580 2668 studiisque
1661 2605 1702 2649 a
1778 2584 2013 2649 ceteris
2092 2584 2534 2651 seiunctorum
2612 2584 2768 2666 (etsi

455 2691 779 2757 debuerat
843 2692 1127 2759 fortasse
1199 2693 1420 2758 Livius
1488 2693 1569 2757 de
1638 2692 1766 2758 hoc
1832 2693 2070 2758 civium
2136 2713 2376 2776 genere
2442 2695 2508 2758 in
2578 2691 2769 2758 Cam·

451 2821 779 2884 panorum
834 2802 1034 2867 rebus
1081 2798 1434 2885 cogi-tare),
1502 2822 1718 2885 neque
1780 2821 1859 2865 ea
1915 2801 2107 2865 sociis
2165 2806 2231 2865 et
2285 2799 2542 2865 Latinis
2589 2806 2770 2884 post-

452 2909 608 2992 poni
667 2914 978 2993 poterant
1036 2930 1249 2992 neque
1306 2905 1373 2974 id
1418 2931 1656 2975 nomen
1700 2910 1838 2974 sine
1884 2909 2214 2993 particula
2258 2908 2456 2973 adiici
2504 2909 2768 2975 socio-
2839 2966 2854 2978 .

449 3039 617 3082 rum
700 3017 974 3083 Latini
1053 3018 1411 3082 nominis
1492 3024 1776 3102 receptae
1852 3017 2308 3100 appellationi.
2430 3017 2518 3081 Et
2595 3016 2769 3082 solos

454 3126 667 3191 socios
722 3127 1095 3191 nominatos
1140 3124 1343 3191 fuisse
1390 3125 1708 3205 ostendit,
1768 3125 1947 3209 quod
1994 3125 2325 3206 sequitur:
2394 3131 2481 3189 ut
2536 3124 2768 3189 solli·

452 3236 924 3299 citarentur
968 3269 1055 3280 —-
1100 3235 1505 3312 sociorum
1550 3233 1924 3298 fidelium
1970 3234 2235 3298 animi.
2339 3231 2505 3297 Livii
2552 3233 2767 3297 animo

449 3343 518 3405 in
586 3342 866 3408 historia
932 3341 1089 3407 belli
1147 3341 1571 3407 Hannibalici
1638 3342 1894 3406 nullum
1961 3343 2134 3405 inter
2200 3341 2374 3405 cives
2432 3347 2499 3405 et
2554 3341 2766 3406 socios

450 3450 722 3514 tertium
801 3470 1007 3531 genus
1086 3449 1425 3515 hominum
1503 3451 1919 3515 interiectum
1999 3451 2395 3526 occurrisse,
2478 3449 2769 3514 certissi-

452 3579 628 3622 mum
676 3564 796 3622 est.

627 3663 784 3748 Cap.
839 3669 947 3744 17,
1010 3670 1046 3730 5
1094 3687 1235 3750 sqq.
1284 3666 1661 3731 Hasdrubal
1705 3665 2103 3731 Hamilcaris
2148 3664 2325 3730 filius
2370 3670 2684 3730 narratur
2729 3685 2770 3729 a

454 3771 523 3836 C.
570 3772 834 3838 Nerone
880 3775 948 3838 in
993 3774 1170 3840 saltu
1217 3774 1438 3858 aliquo
1484 3775 1782 3839 inclusus
1829 3775 2228 3858 promisisse,
2278 3774 2334 3838 si
2379 3773 2532 3837 inde
2579 3773 2770 3838 emis-

454 3903 568 3945 sus
634 3878 835 3960 foret,
907 3902 977 3946 se
1047 3884 1403 3947 exercitum
1474 3903 1554 3946 ex
1612 3881 1935 3965 Hispania
1993 3882 2521 3965 deportaturum.
2633 3878 2770 3961 (Sic

453 3990 628 4054 enim
697 3990 1146 4055 scribendum:
1227 3991 1415 4055 inde
1496 3992 1844 4056 emissus
1927 4011 2077 4074 pro:
2159 3990 2345 4054 inde
2422 3987 2767 4068 missus.)

456 4096 705 4180 [Longe
742 4098 926 4164 aliud
971 4106 1075 4164 est
1119 4099 1571 4164 convivium
1619 4100 1961 4177 mittere,
2007 4097 2133 4163 hoc
2168 4104 2270 4163 est
2305 4094 2766 4178 dimittere]

453 4204 616 4270 Tum
686 4207 779 4271 sic
846 4205 1163 4271 scribitur
1229 4205 1324 4288 (in
1381 4206 1431 4269 P
1477 4212 1544 4270 et
1600 4207 1839 4272 ceteris
1896 4207 2118 4285 codd.,
2188 4207 2479 4290 exceptis
2538 4206 2768 4290 paucis

453 4315 986 4395 recentissimis):
1048 4315 1289 4392 Quam
1334 4333 1495 4378 rem
1541 4336 1778 4399 quum
1823 4314 2007 4380 laeto
2053 4316 2317 4380 animo
2363 4316 2767 4380 Romanus

447 4423 953 4507 accepisset,
1048 4422 1254 4486 diem
1333 4428 1750 4505 posterum
1839 4422 2254 4488 Hannibal
2347 4422 2768 4504 colloquio
