3230 5282
1539 632 1657 694 381
2391 642 2515 697 Lib.
2555 640 2753 696 XXVI.
2783 680 2788 683 =

439 816 874 880 communis
932 815 1237 882 relatio
1296 814 1476 882 fuit.
1570 818 1782 900 Vulgo
1844 816 2104 881 editur:
2148 850 2232 861 —-
2280 812 2754 898 praefuerat3

436 921 860 988 consulum
939 924 1377 990 communis
1436 924 1775 990 relatio
1867 924 2048 988 fuit.
2173 923 2261 986 Et
2343 921 2758 987 desideratur

441 1030 833 1113 significatio
882 1032 1045 1110 eius,
1092 1053 1132 1096 a
1177 1052 1306 1114 quo
1357 1034 1571 1098 oratio
1620 1032 1856 1098 deinde
1901 1029 2305 1097 transfertur
2349 1029 2435 1095 ad
2474 1029 2626 1108 alia,
2689 1034 2757 1093 et

437 1138 859 1204 consulum
907 1159 1107 1222 pravo
1152 1137 1301 1205 loco
1348 1142 1638 1224 ponitur.
1732 1138 1977 1221 (1863.)

608 1245 763 1330 Cap.
793 1250 895 1325 29,
937 1251 1004 1310 3:
1056 1246 1613 1313 Circumibant
1662 1248 1863 1312 enim
1902 1246 2139 1329 (Siculi
2172 1246 2400 1329 legati)
2438 1251 2755 1310 senato-

437 1375 604 1418 rum
663 1354 936 1419 domos
994 1375 1167 1420 cum
1210 1362 1436 1420 veste
1482 1355 1839 1434 sordida,
1889 1353 2425 1420 adfirmantes
2474 1373 2554 1417 se
2599 1372 2755 1417 non

437 1461 662 1526 modo
713 1482 935 1527 suam
971 1465 1315 1547 quisque
1354 1465 1722 1548 patriam,
1762 1463 1900 1529 sed
1933 1468 2188 1527 totam
2223 1460 2596 1526 Siciliam
2630 1481 2744 1525 re·
2784 1474 2926 1541 (311)

436 1568 787 1636 licturos
823 1575 946 1635 cet.
993 1571 1120 1637 Pro
1162 1573 1501 1656 quisque
1539 1593 1742 1655 quum
1768 1571 1978 1649 Valla,
2003 1570 2389 1649 GronoviuS,
2415 1567 2756 1632 Creverius

438 1699 824 1761 quemque
861 1679 1061 1744 scribi
1095 1679 1472 1759 voluissent,
1500 1682 1712 1746 exorti
1746 1700 1955 1763 nuper
1991 1684 2164 1756 sunt,
2204 1678 2319 1761 qui
2353 1677 2755 1742 nominativo

438 1784 886 1851 defensionem
923 1795 1239 1870 pararent
1285 1810 1364 1853 ex
1400 1790 1563 1854 locis
1602 1810 1877 1871 prorsus
1920 1785 2360 1864 dissimilibus,
2406 1786 2473 1848 in
2512 1783 2755 1867 quibus

439 1915 796 1976 pronomen
853 1893 997 1974 (aut
1041 1897 1496 1980 participium)
1556 1897 1887 1961 sententia
1932 1902 1999 1959 et
2030 1894 2187 1982 ‚loco
2235 1892 2320 1957 ad
2367 1890 2757 1975 gerundium

440 2008 557 2065 aut
604 2001 928 2068 ablativos
976 1992 1315 2071 absolutos
1362 2006 1699 2089 pertinens
1747 2010 1984 2080 tamen,
2031 2002 2344 2085 quoniam
2390 2000 2494 2064 his
2540 2020 2755 2082 gram-

440 2111 678 2175 matice
725 2110 1046 2195 adplicari
1090 2114 1339 2197 nequit,
1388 2134 1546 2179 casu
1592 2110 2134 2177 accommodatur
2179 2108 2266 2172 ad
2311 2108 2400 2188 id,
2448 2108 2532 2172 ad
2577 2107 2755 2191 quod

437 2240 640 2282 unum
684 2225 921 2301 potest,
969 2222 1308 2285 sententiae
1354 2221 1554 2286 finitae
1602 2221 1975 2285 subiectum
2009 2218 2111 2298 (ut
2144 2216 2252 2296 IV,
2300 2220 2400 2296 31,
2448 2221 2516 2279 2:
2567 2215 2755 2282 Ten-

441 2325 699 2390 dendo
766 2326 862 2391 ad
929 2348 1073 2393 sua
1138 2329 1488 2413 quisque
1556 2328 1913 2394 consilia
1968 2361 2056 2371 —
2114 2331 2620 2407 aperuerunt
2687 2330 2756 2390 et

440 2433 547 2511 IV,
594 2439 697 2511 44,
750 2439 860 2497 10:
909 2456 1153 2503 causa
1194 2437 1370 2521 ipse
1416 2460 1559 2520 pro
1610 2458 1695 2502 se
1742 2436 1968 2501 dicta
2011 2471 2097 2480 -—
2132 2433 2581 2511 damnatur,
2628 2432 2755 2499 hoc

441 2549 570 2606 est:
619 2562 819 2624 quum
864 2565 1132 2610 causam
1176 2546 1317 2629 ipse
1362 2565 1481 2629 pro
1527 2565 1597 2609 se
1636 2543 1960 2624 dixisset),
2011 2541 2119 2625 [de
2154 2562 2285 2623 quo
2320 2548 2461 2607 toto
2497 2562 2751 2624 genere,

441 2653 615 2737 quod
673 2654 741 2716 in
788 2653 1008 2717 Gram.
1057 2654 1201 2718 Lat.
1251 2653 1283 2736 g
1341 2659 1468 2718 428
1514 2660 1647 2718 not.
1694 2658 1735 2716 4
1779 2652 2157 2718 brevissime
2215 2651 2750 2733 significaveram,

438 2781 613 2825 nunc
669 2761 1000 2827 uberrime
1059 2763 1334 2845 exposui
1378 2763 1448 2826 in
1493 2760 1821 2826 volumine
1869 2759 2496 2824 commentat-ionum
2540 2758 2752 2841 philo-

439 2869 799 2952 logicarum
844 2869 1230 2934 Germanice
1277 2870 1455 2935 edito
1503 2890 1561 2934 a.
1617 2871 1778 2932 1875
1826 2891 1888 2952 p.
1940 2871 2062 2931 365
2111 2863 2318 2950 sqq.];
2376 2866 2483 2930 hic
2528 2866 2751 2947 quis-

437 2997 582 3058 que
628 2976 863 3056 habet,
923 2997 1055 3062 quo
1099 2978 1470 3043 necessario
1514 2976 1862 3054 referatur,
1919 2995 2019 3052 se,
2077 2972 2290 3038 tribus
2335 2979 2489 3037 ante
2535 2972 2750 3037 verbis

440 3082 833 3166 praecedens.
935 3084 1106 3149 Nam
1167 3085 1345 3168 quod
1404 3084 1672 3168 quidam
1734 3084 2080 3164 quisque
2135 3102 2255 3163 pro
2303 3079 2751 3144 indeclinabili

439 3191 747 3257 ablativis
802 3191 1126 3257 absolutis
1184 3194 1518 3276 interponi
1563 3212 1757 3275 posse
1803 3197 2124 3274 putarunt
2169 3187 2532 3271 (debebant
2575 3188 2748 3270 ipse
2815 3179 2826 3189 ’

440 3300 859 3383 adiungere),
914 3306 1217 3383 apparet,
1278 3322 1477 3385 quam
1535 3300 1957 3384 perspicuam
2001 3297 2383 3363 nominativi
2427 3297 2750 3360 rationem

435 3409 502 3473 in
551 3409 660 3486 iis,
719 3429 884 3490 quos
932 3409 1087 3488 dixi,
1147 3408 1310 3474 locis
1356 3430 1484 3474 non
1532 3408 2007 3485 intellexerint3
2063 3407 2288 3488 itaque
2332 3403 2749 3487 relinquitur,

437 3537 565 3600 quo
621 3517 945 3582 mirabilis
1003 3516 1121 3582 illa
1178 3517 1483 3582 doctrina
1539 3518 1824 3595 nitatur,
1882 3536 2048 3579 unus
2103 3513 2215 3577 ille
2260 3513 2480 3591 locuS‚
2539 3534 2573 3576 e
2620 3533 2749 3595 quo

436 3631 595 3688 nata
652 3632 720 3690 et
774 3625 861 3689 ad
918 3647 1116 3709 quem
1172 3627 1475 3710 exposita
1529 3631 1632 3690 est
1686 3623 2024 3704 (traducta
2080 3623 2284 3686 etiam
2343 3642 2384 3685 a
2441 3620 2747 3703 Zumptio

438 3732 506 3795 in
551 3733 1099 3814 grammaticam),
1158 3732 1458 3799 Sallustii
1501 3734 1569 3798 in
1615 3732 1755 3814 lug.
1809 3736 1904 3810 18,
1968 3733 2023 3809 3,
2079 3729 2192 3794 ubi
2239 3735 2355 3793 aut
2401 3729 2748 3812 quisque

438 3860 557 3923 pro
625 3840 1095 3924 quibusque
1163 3842 1452 3924 positum
1521 3841 1813 3906 ablativo
1882 3859 2042 3904 casu
2110 3836 2566 3920 accipiendum
2633 3841 2751 3900 aut

436 3947 901 4032 quibusque
961 3948 1379 4015 scribendum
1435 3970 1609 4028 esse,
1662 3948 1984 4014 vidissent
2044 3953 2488 4022 enarratoreS,
2549 3945 2604 4009 si
2650 3950 2751 4008 at·

431 4056 831 4135 tendissent,
899 4078 1030 4123 non
1092 4058 1389 4140 singulos
1447 4056 1539 4120 ibi
1598 4055 1953 4140 significari
2000 4053 2297 4120 homines
2344 4054 2424 4119 de
2470 4052 2747 4136 imperio

433 4164 934 4246 contendenteS,
993 4165 1111 4231 sed
1164 4172 1391 4249 gentes
1437 4171 1504 4230 et
1548 4164 1862 4248 populos,
1922 4185 2003 4228 ex
2047 4162 2290 4247 quibus
2337 4162 2747 4245 compositus

435 4271 742 4338 Herculis
790 4275 1117 4339 exercitus
1162 4273 1421 4354 fuisset3
1479 4275 1708 4355 itaque
1753 4272 1997 4356 plurali
2042 4292 2312 4336 numero
2360 4269 2519 4334 sibi
2565 4269 2746 4353 qui·

432 4400 582 4462 que
637 4382 988 4466 imperium
1032 4383 1281 4467 petisse
1328 4381 1659 4448 dicuntur.
1760 4380 2025 4462 (Iustini
2080 4381 2268 4445 locus
2314 4377 2551 4454 XXIX,
2605 4381 2658 4454 1,
2708 4379 2746 4439 8

432 4489 501 4552 in
558 4490 937 4557 melioribus
984 4490 1328 4569 codicibus
1376 4490 1571 4555 aliter
1615 4489 1931 4553 scribitur
1975 4487 2152 4572 apud
2199 4488 2542 4569 Ieepium.)
2631 4483 2748 4548 At-
