3230 5282
620 607 739 661 Lib.
779 608 1025 661 XXXIV.
1706 599 1826 658 504

621 799 659 841 a
714 778 988 843 librario
1047 778 1202 842 addi
1261 801 1388 843 non
1447 781 1769 862 potuisse3
1838 782 1982 862 quis
2052 783 2221 845 enim
2277 779 2703 863 vulgatissimi
2758 802 2917 843 usus

620 885 931 949 adverbio
990 892 1213 950 recte
1272 886 1732 973 adscripturus
1789 888 2269 972 interpretandi
2328 908 2533 951 causa
2578 894 2723 951 erat
2764 908 2908 969 pro·

618 995 828 1076 priam
878 994 1034 1057 iuris
1080 992 1473 1058 formulam?
1529 1017 1741 1078 neque
1788 1017 1867 1059 ex
1914 995 2425 1079 publicumve
2473 1004 2610 1058 aut
2655 995 2916 1078 priva·

617 1110 775 1164 tum
845 1100 1036 1164 facile
1095 1100 1253 1165 oriri
1308 1103 1528 1183 potuit
1581 1102 1918 1186 publice
1978 1111 2117 1168 aut
2174 1103 2569 1185 privatim.
2681 1101 2913 1183 Itaque

569 1191 576 1196 ⁵
617 1210 828 1274 eidem
878 1208 1119 1286 codici,
1190 1230 1268 1273 ex
1314 1230 1442 1290 quo
1489 1216 1629 1275 tam
1673 1210 1898 1274 multis
1942 1211 2105 1275 locis
2154 1209 2469 1292 suppletae
2513 1208 2767 1272 lacunae
2811 1228 2921 1271 ce·

617 1325 906 1380 tororum
953 1323 1136 1395 sunt,
1205 1316 1313 1380 hic
1360 1338 1621 1398 quoque
1668 1318 1765 1381 ita
1809 1317 2204 1382 credendum
2251 1323 2443 1400 put0,
2510 1324 2585 1380 ut
2629 1336 2910 1379 errorem

616 1433 731 1489 aut
797 1424 880 1488 ab
948 1425 1095 1508 ipsa
1160 1425 1491 1506 scriptura
1557 1432 1676 1489 aut
1740 1425 1825 1489 ab
1887 1427 2035 1498 eius
2082 1424 2424 1488 notatione
2484 1421 2729 1487 afuisse
2784 1443 2913 1487 non

615 1540 858 1615 putem.
948 1530 1185 1613 Magno
1232 1553 1430 1614 opere
1477 1529 1751 1596 offendit
1796 1531 2069 1614 diligens
2112 1532 2228 1596 illa
2274 1532 2560 1595 omnium
2605 1551 2911 1612 generum

614 1641 1087 1722 mancipiorum
1158 1640 1561 1703 enumeratio
1634 1638 2124 1721 distinctioque,
2207 1661 2404 1720 quum
2474 1639 2636 1702 satis
2706 1645 2919 1701 esset:

614 1771 704 1812 ne
783 1746 992 1829 quod
1059 1745 1561 1828 mancipium.
1684 1746 1891 1828 Regia
1968 1748 2295 1828 mancipia
2373 1745 2558 1809 video
2623 1744 2909 1827 intellegi

543 1880 551 1887 ·
614 1855 900 1938 Philippi
945 1855 1148 1935 regis;
1218 1852 1331 1917 sed
1380 1873 1495 1916 cur
1543 1852 1624 1916 de
1670 1853 1749 1917 iis
1794 1852 1903 1916 hic
1951 1861 2279 1930 caveatur,
2327 1875 2455 1917 non
2504 1861 2801 1936 apparet,
2845 1859 2911 1914 et

614 1962 967 2028 admodum
1025 1959 1333 2042 ambigua
1387 1959 1500 2023 illa
1557 1959 1951 2041 significatio
1998 1967 2202 2036 esset,
2272 1958 2454 2023 nulla
2508 1958 2909 2041 praecedeute

613 2072 679 2135 in
723 2070 848 2134 hoc
892 2076 1038 2135 tota
1082 2089 1152 2131 re
1198 2067 1481 2149 Philippi
1528 2068 1886 2147 mentione3
1944 2068 2074 2132 imo
2121 2067 2396 2131 Nabidis
2442 2066 2913 2149 significantur,

616 2180 694 2243 de
744 2199 871 2260 quo
921 2177 1117 2240 etiam
1165 2196 1216 2238 c.
1269 2178 1366 2251 36,
1414 2180 1450 2235 4
1497 2176 1772 2256 regius
1818 2175 2093 2253 dicitur3
2163 2196 2314 2238 suos
2373 2175 2516 2256 ipse
2575 2194 2792 2238 servos
2838 2181 2913 2237 ut

614 2285 941 2361 educeret,
988 2280 1518 2365 permittebatur.
1622 2282 1760 2345 Nisi
1805 2281 2017 2360 fallor,
2062 2281 2282 2345 Livius
2330 2282 2425 2345 sic
2471 2282 2765 2364 scripsit:
2820 2291 2922 2345 ne·

614 2391 820 2473 quod
899 2389 1085 2453 inde
1164 2389 1651 2471 mancipium
1730 2389 1889 2453 nisi
1965 2391 2274 2470 regium
2351 2388 2687 2471 publice
2765 2396 2908 2452 aut

611 2497 991 2580 privatim
1061 2496 1553 2560 educeretur
1610 2495 1779 2561 sine
1839 2496 2023 2561 dolo
2081 2497 2320 2575 malo;
2389 2497 2455 2561 si
2516 2518 2666 2578 qua
2725 2504 2907 2560 ante

613 2605 910 2670 educta
964 2611 1085 2668 cet.
1189 2604 1392 2668 Recte
1450 2603 1578 2667 iam
1627 2609 1912 2682 cavetur,
1968 2610 2043 2669 ut
2089 2604 2276 2671 dolus
2323 2604 2531 2669 malus
2577 2603 2770 2683 absit,
2825 2623 2907 2667 ue

611 2736 730 2796 pro
789 2713 981 2795 regiis
1040 2711 1151 2775 alii
1210 2711 1589 2775 educantur.
1697 2711 1975 2776 Vetatur
2020 2720 2239 2777 autem
2286 2719 2352 2776 et
2397 2712 2602 2776 Nabis
2647 2711 2911 2795 publice

611 2828 678 2885 et
744 2819 1020 2884 Nabidis
1099 2818 1387 2903 praefecti
1469 2818 1840 2900 militesque
1908 2821 2208 2903 privatim
2279 2820 2576 2884 educere.
2698 2818 2907 2894 Quum

610 2928 1122 3011 publicumve
1181 2931 1319 2989 aut
1365 2926 1781 3007 privatum
1830 2928 2146 3008 scriptum
2193 2935 2391 3005 esset,
2449 2926 2660 2990 altera
2705 2927 2911 3009 scrip·

610 3043 793 3112 tura,
875 3036 942 3098 in
1011 3034 1302 3115 margine
1384 3031 1735 3109 adnotata,
1816 3034 1882 3096 in
1951 3033 2234 3097 alienum
2303 3033 2516 3098 locum
2586 3034 2913 3099 translata

606 3140 955 3220 videtur.¹)

781 3247 937 3330 Cap.
1021 3251 1131 3324 36,
1214 3250 1278 3309 3:
1369 3246 1883 3312 Iuventutem
1963 3255 2377 3330 praeterea.
2445 3250 2905 3312 civitatium

611 3377 882 3422 earum
941 3354 1477 3433 (maritimarum,
1546 3354 1787 3435 quibus
1850 3355 2082 3419 cedere
2128 3355 2335 3419 Nabis
2384 3355 2764 3434 iubebatur)
2811 3354 2905 3417 ad

610 3461 1263 3545 supplementum
1331 3460 1569 3543 longe
1642 3462 1926 3543 optimi
1987 3464 2308 3544 generis
2364 3462 2708 3527 militum
2768 3461 2908 3524 ha·

610 3570 869 3635 bebat.
981 3566 1207 3649 Neque
1277 3568 1789 3633 iuventutem
1865 3568 2167 3634 habere
2226 3569 2322 3633 ad
2381 3569 2905 3651 supplemen-

611 3693 770 3742 tum
808 3675 959 3743 (hoc
995 3680 1113 3751 est,
1149 3674 1321 3738 unde
1361 3674 1889 3757 supplementum
1926 3675 2252 3758 capiatur)
2295 3676 2529 3740 Latine
2566 3675 2692 3740 dici
2731 3682 2910 3758 put0‚

610 3806 730 3849 nec
791 3782 886 3846 ad
946 3780 1587 3863 supplementum
1636 3782 1918 3864 optimi
1965 3785 2286 3864 generis
2332 3782 2716 3862 militum3
2784 3782 2908 3845 hoc

611 3892 782 3957 enim
843 3889 967 3953 erit
1026 3887 1121 3950 ad
1181 3888 1723 3970 supplendum
1779 3890 2160 3972 optimum
2217 3898 2487 3973 genus
2527 3889 2906 3965 militum,

607 4004 682 4062 ut
725 4017 856 4060 non
902 3996 1049 4077 ipsa
1091 3992 1232 4057 haec
1278 3995 1575 4059 iuventus
1622 3995 1959 4075 laudetur,
2019 3995 2134 4061 sed
2191 3996 2469 4061 militum
2516 3996 2643 4061 illae
2688 3996 2911 4077 copiae,

610 4126 754 4189 quae
807 4101 958 4165 inde
1019 4101 1465 4184 suppleantur.
1548 4102 1853 4165 Latinum
1902 4112 1970 4167 et
2012 4112 2267 4168 rectum
2315 4111 2482 4168 erat:
2533 4104 2911 4168 Iuventu-

440 4212 579 4277 (405)
617 4218 770 4275 tem
795 4216 1190 4291 praeterea
1218 4210 1676 4272 civitatium
1706 4212 2648 4294 earumsupplementum
2673 4210 2914 4291 longe

666 4440 713 4507 ¹)
753 4438 935 4507 [1863;
973 4454 1103 4491 nam
1140 4421 1511 4490 antea'aliam
1549 4439 1931 4493 coniecturam
1968 4441 2412 4510 proposueram]
