<?xml version="1.0" encoding="UTF-8"?>
<!DOCTYPE html PUBLIC "-//W3C//DTD XHTML 1.0 Transitional//EN"
    "http://www.w3.org/TR/xhtml1/DTD/xhtml1-transitional.dtd">
<html xmlns="http://www.w3.org/1999/xhtml" xml:lang="en" lang="en">
 <head>
  <title>
</title>
<meta http-equiv="Content-Type" content="text/html;charset=utf-8" />
  <meta name='ocr-system' content='tesseract 3.04.00' />
  <meta name='ocr-capabilities' content='ocr_page ocr_carea ocr_par ocr_line ocrx_word'/>
</head>
<body>
  <div class='ocr_page' id='page_1' title='image "./emendationesliv03madvgoog_0778.png"; bbox 0 0 3230 5282; ppageno 0'>
   <div class='ocr_carea' id='block_1_1' title="bbox 1702 607 1825 668">
    <p class='ocr_par' dir='ltr' id='par_1_1' title="bbox 1702 607 1825 668">
     <span class='ocr_line' id='line_1_1' title="bbox 1702 607 1825 668; baseline 0.008 -1"><span class='ocrx_word' id='word_1_1' title='bbox 1702 607 1825 668; x_wconf 86' lang='lat'><strong>&#39;760</strong></span> 
     </span>
    </p>
   </div>
   <div class='ocr_carea' id='block_1_2' title="bbox 618 790 2908 1106">
    <p class='ocr_par' dir='ltr' id='par_1_2' title="bbox 620 790 2908 935">
     <span class='ocr_line' id='line_1_2' title="bbox 620 790 2908 862; baseline -0.003 -16"><span class='ocrx_word' id='word_1_2' title='bbox 620 794 925 848; x_wconf 75' lang='lat' dir='ltr'>collectiva</span> <span class='ocrx_word' id='word_1_3' title='bbox 944 810 1066 862; x_wconf 80' lang='lat' dir='ltr'><strong>quae</strong></span> <span class='ocrx_word' id='word_1_4' title='bbox 1095 792 1235 847; x_wconf 77' lang='lat' dir='ltr'><strong>falso</strong></span> <span class='ocrx_word' id='word_1_5' title='bbox 1267 794 1577 847; x_wconf 78' lang='lat' dir='ltr'><strong>habeantur</strong></span> <span class='ocrx_word' id='word_1_6' title='bbox 1618 795 1734 856; x_wconf 78' lang='lat'>1293</span> <span class='ocrx_word' id='word_1_7' title='bbox 1860 811 1973 846; x_wconf 93' lang='lat' dir='ltr'><strong>non</strong></span> <span class='ocrx_word' id='word_1_8' title='bbox 2022 791 2238 845; x_wconf 85' lang='lat' dir='ltr'><strong>Liviani</strong></span> <span class='ocrx_word' id='word_1_9' title='bbox 2287 809 2419 844; x_wconf 86' lang='lat' dir='ltr'><strong>usus</strong></span> <span class='ocrx_word' id='word_1_10' title='bbox 2462 794 2556 845; x_wconf 88' lang='grc'><strong>281</strong></span> <span class='ocrx_word' id='word_1_11' title='bbox 2611 808 2683 856; x_wconf 78' lang='lat' dir='ltr'><strong>n.‚</strong></span> <span class='ocrx_word' id='word_1_12' title='bbox 2722 790 2825 842; x_wconf 84' lang='grc'><strong>709</strong></span> <span class='ocrx_word' id='word_1_13' title='bbox 2858 808 2908 842; x_wconf 97' lang='grc' dir='ltr'><strong>ιι.</strong></span> 
     </span>
     <span class='ocr_line' id='line_1_3' title="bbox 684 878 2370 935; baseline -0.002 -2"><span class='ocrx_word' id='word_1_14' title='bbox 684 880 751 933; x_wconf 83' lang='lat' dir='ltr'><strong>iis</strong></span> <span class='ocrx_word' id='word_1_15' title='bbox 788 881 1070 935; x_wconf 86' lang='lat' dir='ltr'><strong>contraria</strong></span> <span class='ocrx_word' id='word_1_16' title='bbox 1106 882 1220 934; x_wconf 91' lang='grc'><strong>295.</strong></span> <span class='ocrx_word' id='word_1_17' title='bbox 1862 878 1971 933; x_wconf 81' lang='lat' dir='ltr'><strong>cfr.</strong></span> <span class='ocrx_word' id='word_1_18' title='bbox 2010 878 2370 932; x_wconf 85' lang='lat' dir='ltr'><strong>Gerundium.</strong></span> 
     </span>
    </p>

    <p class='ocr_par' dir='ltr' id='par_1_3' title="bbox 618 963 2907 1106">
     <span class='ocr_line' id='line_1_4' title="bbox 618 963 2907 1035; baseline -0.003 -17"><span class='ocrx_word' id='word_1_19' title='bbox 618 965 858 1019; x_wconf 88' lang='lat' dir='ltr'><strong>Comitia</strong></span> <span class='ocrx_word' id='word_1_20' title='bbox 890 966 1101 1020; x_wconf 86' lang='lat' dir='ltr'><strong>habere</strong></span> <span class='ocrx_word' id='word_1_21' title='bbox 1148 966 1387 1035; x_wconf 87' lang='lat' dir='ltr'><strong>populus</strong></span> <span class='ocrx_word' id='word_1_22' title='bbox 1441 981 1554 1019; x_wconf 91' lang='lat' dir='ltr'><strong>non</strong></span> <span class='ocrx_word' id='word_1_23' title='bbox 1600 965 1734 1019; x_wconf 86' lang='lat' dir='ltr'><strong>dici·</strong></span> <span class='ocrx_word' id='word_1_24' title='bbox 1792 966 1910 1033; x_wconf 87' lang='lat' dir='ltr'><strong>De;</strong></span> <span class='ocrx_word' id='word_1_25' title='bbox 1968 981 2215 1034; x_wconf 88' lang='lat' dir='ltr'><strong>capere</strong></span> <span class='ocrx_word' id='word_1_26' title='bbox 2270 963 2350 1016; x_wconf 93' lang='lat' dir='ltr'><strong>de</strong></span> <span class='ocrx_word' id='word_1_27' title='bbox 2407 963 2645 1031; x_wconf 85' lang='lat' dir='ltr'><strong>aliquo</strong></span> <span class='ocrx_word' id='word_1_28' title='bbox 2697 964 2794 1015; x_wconf 88' lang='grc'><strong>162</strong></span> <span class='ocrx_word' id='word_1_29' title='bbox 2828 979 2907 1026; x_wconf 86' lang='grc' dir='ltr'><strong>ιι.;</strong></span> 
     </span>
     <span class='ocr_line' id='line_1_5' title="bbox 683 1050 2508 1106; baseline -0.003 -1"><span class='ocrx_word' id='word_1_30' title='bbox 683 1055 774 1105; x_wconf 84' lang='lat' dir='ltr'><strong>tur</strong></span> <span class='ocrx_word' id='word_1_31' title='bbox 807 1054 924 1106; x_wconf 88' lang='grc'><strong>375.</strong></span> <span class='ocrx_word' id='word_1_32' title='bbox 1861 1067 2129 1106; x_wconf 87' lang='lat' dir='ltr'><strong>sumere</strong></span> <span class='ocrx_word' id='word_1_33' title='bbox 2166 1050 2244 1104; x_wconf 90' lang='lat' dir='ltr'><strong>de</strong></span> <span class='ocrx_word' id='word_1_34' title='bbox 2281 1050 2355 1102; x_wconf 92' lang='lat' dir='ltr'><strong>al.</strong></span> <span class='ocrx_word' id='word_1_35' title='bbox 2394 1050 2508 1101; x_wconf 91' lang='grc'><strong>719.</strong></span> 
     </span>
    </p>
   </div>
   <div class='ocr_carea' id='block_1_3' title="bbox 614 1134 2909 2669">
    <p class='ocr_par' dir='ltr' id='par_1_4' title="bbox 617 1134 2905 1463">
     <span class='ocr_line' id='line_1_6' title="bbox 617 1134 2905 1205; baseline -0.003 -13"><span class='ocrx_word' id='word_1_36' title='bbox 617 1136 951 1192; x_wconf 87' lang='lat' dir='ltr'><strong>Conferre</strong></span> <span class='ocrx_word' id='word_1_37' title='bbox 1004 1136 1141 1192; x_wconf 85' lang='lat' dir='ltr'><strong>falso</strong></span> <span class='ocrx_word' id='word_1_38' title='bbox 1205 1153 1309 1205; x_wconf 91' lang='lat' dir='ltr'><strong>pro</strong></span> <span class='ocrx_word' id='word_1_39' title='bbox 1363 1137 1549 1192; x_wconf 76' lang='lat' dir='ltr'><strong>ferre</strong></span> <span class='ocrx_word' id='word_1_40' title='bbox 1606 1137 1735 1202; x_wconf 89' lang='grc'><strong>110;</strong></span> <span class='ocrx_word' id='word_1_41' title='bbox 1792 1137 2061 1191; x_wconf 89' lang='lat' dir='ltr'><strong>Debere</strong></span> <span class='ocrx_word' id='word_1_42' title='bbox 2097 1135 2167 1189; x_wconf 87' lang='lat' dir='ltr'><strong>de</strong></span> <span class='ocrx_word' id='word_1_43' title='bbox 2199 1135 2388 1203; x_wconf 86' lang='lat' dir='ltr'><strong>logica</strong></span> <span class='ocrx_word' id='word_1_44' title='bbox 2422 1134 2759 1188; x_wconf 76' lang='lat' dir='ltr'><strong>necessitate</strong></span> <span class='ocrx_word' id='word_1_45' title='bbox 2799 1135 2905 1186; x_wconf 90' lang='grc'><strong>100.</strong></span> 
     </span>
     <span class='ocr_line' id='line_1_7' title="bbox 683 1219 2904 1293; baseline -0.003 -16"><span class='ocrx_word' id='word_1_46' title='bbox 683 1223 1008 1278; x_wconf 81' lang='lat' dir='ltr'><strong>conferre</strong></span> <span class='ocrx_word' id='word_1_47' title='bbox 1055 1224 1424 1293; x_wconf 82' lang='lat' dir='ltr'><strong>pecuniam</strong></span> <span class='ocrx_word' id='word_1_48' title='bbox 1478 1226 1535 1276; x_wconf 89' lang='lat' dir='ltr'><strong>et</strong></span> <span class='ocrx_word' id='word_1_49' title='bbox 1586 1238 1740 1275; x_wconf 91' lang='lat' dir='ltr'><strong>con·</strong></span> <span class='ocrx_word' id='word_1_50' title='bbox 1791 1223 2162 1292; x_wconf 78' lang='lat' dir='ltr'><strong>Deceptus,</strong></span> <span class='ocrx_word' id='word_1_51' title='bbox 2207 1222 2263 1275; x_wconf 88' lang='lat' dir='ltr'><strong>in</strong></span> <span class='ocrx_word' id='word_1_52' title='bbox 2305 1238 2415 1289; x_wconf 87' lang='lat' dir='ltr'><strong>quo</strong></span> <span class='ocrx_word' id='word_1_53' title='bbox 2453 1221 2572 1289; x_wconf 89' lang='lat' dir='ltr'><strong>quis</strong></span> <span class='ocrx_word' id='word_1_54' title='bbox 2609 1219 2904 1287; x_wconf 75' lang='lat' dir='ltr'><strong>decipitur,</strong></span> 
     </span>
     <span class='ocr_line' id='line_1_8' title="bbox 681 1308 2731 1378; baseline -0.002 -15"><span class='ocrx_word' id='word_1_55' title='bbox 681 1309 899 1364; x_wconf 85' lang='lat' dir='ltr'><strong>ficere</strong></span> <span class='ocrx_word' id='word_1_56' title='bbox 940 1311 1064 1378; x_wconf 81' lang='lat'><strong>1343</strong></span> <span class='ocrx_word' id='word_1_57' title='bbox 1122 1308 1452 1364; x_wconf 80' lang='lat' dir='ltr'><strong>conferre</strong></span> <span class='ocrx_word' id='word_1_58' title='bbox 1499 1312 1556 1363; x_wconf 89' lang='lat' dir='ltr'><strong>et</strong></span> <span class='ocrx_word' id='word_1_59' title='bbox 1590 1324 1738 1362; x_wconf 87' lang='lat' dir='ltr'><strong>con·</strong></span> <span class='ocrx_word' id='word_1_60' title='bbox 1860 1310 1974 1362; x_wconf 84' lang='grc'><strong>285.</strong></span> <span class='ocrx_word' id='word_1_61' title='bbox 2726 1357 2731 1370; x_wconf 60' lang='lat'><em>„</em></span> 
     </span>
     <span class='ocr_line' id='line_1_9' title="bbox 682 1391 2905 1463; baseline -0.003 -14"><span class='ocrx_word' id='word_1_62' title='bbox 682 1412 917 1450; x_wconf 78' lang='lat' dir='ltr'><strong>serere</strong></span> <span class='ocrx_word' id='word_1_63' title='bbox 954 1397 1070 1449; x_wconf 86' lang='grc'><strong>256.</strong></span> <span class='ocrx_word' id='word_1_64' title='bbox 1792 1394 2048 1450; x_wconf 89' lang='lat' dir='ltr'><strong>Defend</strong></span> <span class='ocrx_word' id='word_1_65' title='bbox 2064 1412 2200 1463; x_wconf 90' lang='lat' dir='ltr'><strong>ere,</strong></span> <span class='ocrx_word' id='word_1_66' title='bbox 2272 1392 2657 1448; x_wconf 77' lang='lat' dir='ltr'><strong>defendentem</strong></span> <span class='ocrx_word' id='word_1_67' title='bbox 2720 1391 2905 1445; x_wconf 83' lang='lat' dir='ltr'><strong>dicere</strong></span> 
     </span>
    </p>

    <p class='ocr_par' dir='ltr' id='par_1_5' title="bbox 616 1477 2650 1723">
     <span class='ocr_line' id='line_1_10' title="bbox 616 1477 1973 1550; baseline 0 -16"><span class='ocrx_word' id='word_1_68' title='bbox 616 1480 1050 1536; x_wconf 81' lang='lat' dir='ltr'><strong>Coniunctiones</strong></span> <span class='ocrx_word' id='word_1_69' title='bbox 1088 1480 1423 1550; x_wconf 79' lang='lat' dir='ltr'><strong>copulativae</strong></span> <span class='ocrx_word' id='word_1_70' title='bbox 1462 1481 1589 1548; x_wconf 91' lang='lat' dir='ltr'><strong>(ac,</strong></span> <span class='ocrx_word' id='word_1_71' title='bbox 1630 1484 1735 1533; x_wconf 88' lang='lat' dir='ltr'><strong>at·</strong></span> <span class='ocrx_word' id='word_1_72' title='bbox 1832 1477 1973 1536; x_wconf 63' lang='lat'><strong>&#39;482</strong></span> 
     </span>
     <span class='ocr_line' id='line_1_11' title="bbox 681 1566 2648 1636; baseline -0.001 -16"><span class='ocrx_word' id='word_1_73' title='bbox 681 1584 829 1636; x_wconf 89' lang='lat' dir='ltr'><strong>que,</strong></span> <span class='ocrx_word' id='word_1_74' title='bbox 869 1566 958 1634; x_wconf 90' lang='lat' dir='ltr'><strong>et)</strong></span> <span class='ocrx_word' id='word_1_75' title='bbox 992 1568 1141 1622; x_wconf 92' lang='lat' dir='ltr'><strong>inter</strong></span> <span class='ocrx_word' id='word_1_76' title='bbox 1169 1568 1406 1621; x_wconf 86' lang='lat' dir='ltr'><strong>alterum</strong></span> <span class='ocrx_word' id='word_1_77' title='bbox 1433 1566 1737 1622; x_wconf 87' lang='lat' dir='ltr'><strong>ettertium</strong></span> <span class='ocrx_word' id='word_1_78' title='bbox 1789 1566 2086 1636; x_wconf 80' lang='lat' dir='ltr'><strong>Defungi</strong></span> <span class='ocrx_word' id='word_1_79' title='bbox 2121 1567 2496 1622; x_wconf 76' lang='lat' dir='ltr'><strong>certamine</strong></span> <span class='ocrx_word' id='word_1_80' title='bbox 2534 1567 2648 1620; x_wconf 83' lang='grc'><strong>228.</strong></span> 
     </span>
     <span class='ocr_line' id='line_1_12' title="bbox 678 1652 2650 1723; baseline -0.001 -17"><span class='ocrx_word' id='word_1_81' title='bbox 678 1653 988 1706; x_wconf 86' lang='lat' dir='ltr'><strong>membrum</strong></span> <span class='ocrx_word' id='word_1_82' title='bbox 1025 1656 1094 1708; x_wconf 86' lang='grc'><strong>82</strong></span> <span class='ocrx_word' id='word_1_83' title='bbox 1129 1671 1208 1722; x_wconf 93' lang='lat' dir='ltr'><strong>sq.</strong></span> <span class='ocrx_word' id='word_1_84' title='bbox 1789 1653 2053 1708; x_wconf 88' lang='lat' dir='ltr'><strong>Dehinc</strong></span> <span class='ocrx_word' id='word_1_85' title='bbox 2088 1671 2255 1723; x_wconf 83' lang='lat' dir='ltr'><strong>prave</strong></span> <span class='ocrx_word' id='word_1_86' title='bbox 2289 1652 2533 1722; x_wconf 86' lang='lat' dir='ltr'><strong>positum</strong></span> <span class='ocrx_word' id='word_1_87' title='bbox 2567 1653 2650 1706; x_wconf 90' lang='grc'><strong>67.</strong></span> 
     </span>
    </p>

    <p class='ocr_par' dir='ltr' id='par_1_6' title="bbox 614 1736 2909 2669">
     <span class='ocr_line' id='line_1_13' title="bbox 614 1736 2795 1809; baseline 0 -18"><span class='ocrx_word' id='word_1_88' title='bbox 614 1738 1008 1793; x_wconf 81' lang='lat' dir='ltr'><strong>Coniunctivus</strong></span> <span class='ocrx_word' id='word_1_89' title='bbox 1062 1739 1312 1808; x_wconf 74' lang='lat' dir='ltr'><strong>optative</strong></span> <span class='ocrx_word' id='word_1_90' title='bbox 1365 1755 1490 1793; x_wconf 88' lang='lat' dir='ltr'><strong>cum</strong></span> <span class='ocrx_word' id='word_1_91' title='bbox 1525 1736 1737 1790; x_wconf 85' lang='lat' dir='ltr'><strong>indica·</strong></span> <span class='ocrx_word' id='word_1_92' title='bbox 1792 1750 1880 1793; x_wconf 68' lang='grc' dir='ltr'><strong>Διῒ</strong></span> <span class='ocrx_word' id='word_1_93' title='bbox 1910 1738 1980 1793; x_wconf 85' lang='lat' dir='ltr'><strong>de</strong></span> <span class='ocrx_word' id='word_1_94' title='bbox 2013 1740 2195 1809; x_wconf 85' lang='lat' dir='ltr'><strong>logica</strong></span> <span class='ocrx_word' id='word_1_95' title='bbox 2229 1739 2570 1794; x_wconf 73' lang='lat' dir='ltr'><strong>necessitate</strong></span> <span class='ocrx_word' id='word_1_96' title='bbox 2611 1740 2708 1791; x_wconf 91' lang='grc'><strong>100</strong></span> <span class='ocrx_word' id='word_1_97' title='bbox 2741 1757 2795 1791; x_wconf 89' lang='grc' dir='ltr'><strong>ιι.</strong></span> 
     </span>
     <span class='ocr_line' id='line_1_14' title="bbox 677 1823 2904 1895; baseline 0 -18"><span class='ocrx_word' id='word_1_98' title='bbox 677 1824 795 1878; x_wconf 82' lang='lat' dir='ltr'><strong>tivo</strong></span> <span class='ocrx_word' id='word_1_99' title='bbox 816 1825 1105 1893; x_wconf 85' lang='lat' dir='ltr'><strong>copulatus</strong></span> <span class='ocrx_word' id='word_1_100' title='bbox 1125 1827 1249 1890; x_wconf 80' lang='lat'><strong>4193</strong></span> <span class='ocrx_word' id='word_1_101' title='bbox 1271 1823 1673 1894; x_wconf 86' lang='lat' dir='ltr'><strong>coni.pendens</strong></span> <span class='ocrx_word' id='word_1_102' title='bbox 1703 1839 1736 1876; x_wconf 91' lang='lat' dir='ltr'><strong>a</strong></span> <span class='ocrx_word' id='word_1_103' title='bbox 1788 1825 2130 1895; x_wconf 87' lang='lat' dir='ltr'><strong>Deinceps</strong></span> <span class='ocrx_word' id='word_1_104' title='bbox 2166 1843 2334 1895; x_wconf 81' lang='lat' dir='ltr'><strong>prave</strong></span> <span class='ocrx_word' id='word_1_105' title='bbox 2370 1842 2475 1895; x_wconf 89' lang='lat' dir='ltr'><strong>pro</strong></span> <span class='ocrx_word' id='word_1_106' title='bbox 2512 1824 2756 1878; x_wconf 89' lang='lat' dir='ltr'><strong>deinde</strong></span> <span class='ocrx_word' id='word_1_107' title='bbox 2792 1826 2904 1877; x_wconf 78' lang='grc'><strong>326.</strong></span> 
     </span>
     <span class='ocr_line' id='line_1_15' title="bbox 680 1908 2905 1981; baseline -0 -18"><span class='ocrx_word' id='word_1_108' title='bbox 680 1911 855 1965; x_wconf 82' lang='lat' dir='ltr'><strong>verbo</strong></span> <span class='ocrx_word' id='word_1_109' title='bbox 917 1927 1032 1965; x_wconf 91' lang='lat' dir='ltr'><strong>non</strong></span> <span class='ocrx_word' id='word_1_110' title='bbox 1095 1927 1358 1979; x_wconf 86' lang='lat' dir='ltr'><strong>expresso</strong></span> <span class='ocrx_word' id='word_1_111' title='bbox 1411 1911 1531 1977; x_wconf 89' lang='grc'><strong>667,</strong></span> <span class='ocrx_word' id='word_1_112' title='bbox 1589 1908 1732 1964; x_wconf 86' lang='lat' dir='ltr'><strong>coni.</strong></span> <span class='ocrx_word' id='word_1_113' title='bbox 1789 1912 2123 1980; x_wconf 79' lang='lat' dir='ltr'><strong>Delegare</strong></span> <span class='ocrx_word' id='word_1_114' title='bbox 2154 1929 2325 1981; x_wconf 82' lang='lat' dir='ltr'><strong>prave</strong></span> <span class='ocrx_word' id='word_1_115' title='bbox 2340 1928 2445 1981; x_wconf 87' lang='lat' dir='ltr'><strong>pro</strong></span> <span class='ocrx_word' id='word_1_116' title='bbox 2471 1909 2776 1966; x_wconf 88' lang='lat' dir='ltr'><strong>deiicere</strong></span> <span class='ocrx_word' id='word_1_117' title='bbox 2792 1912 2905 1963; x_wconf 74' lang='grc'><strong>420.</strong></span> 
     </span>
     <span class='ocr_line' id='line_1_16' title="bbox 677 1994 2754 2068; baseline 0.001 -19"><span class='ocrx_word' id='word_1_118' title='bbox 677 2001 809 2064; x_wconf 86' lang='lat' dir='ltr'><strong>post</strong></span> <span class='ocrx_word' id='word_1_119' title='bbox 844 1996 1023 2065; x_wconf 85' lang='lat' dir='ltr'><strong>quod</strong></span> <span class='ocrx_word' id='word_1_120' title='bbox 1057 1996 1160 2051; x_wconf 82' lang='grc'><strong>516</strong></span> <span class='ocrx_word' id='word_1_121' title='bbox 1184 2014 1263 2063; x_wconf 84' lang='grc' dir='ltr'><strong>ιι.,</strong></span> <span class='ocrx_word' id='word_1_122' title='bbox 1300 1995 1443 2050; x_wconf 88' lang='lat' dir='ltr'><strong>coni.</strong></span> <span class='ocrx_word' id='word_1_123' title='bbox 1475 1994 1734 2050; x_wconf 74' lang='lat' dir='ltr'><strong>secundae</strong></span> <span class='ocrx_word' id='word_1_124' title='bbox 1789 1997 2011 2053; x_wconf 88' lang='lat' dir='ltr'><strong>Delium</strong></span> <span class='ocrx_word' id='word_1_125' title='bbox 2049 1999 2316 2068; x_wconf 85' lang='lat' dir='ltr'><strong>templum</strong></span> <span class='ocrx_word' id='word_1_126' title='bbox 2350 1997 2602 2051; x_wconf 80' lang='lat' dir='ltr'><strong>Boeotiae</strong></span> <span class='ocrx_word' id='word_1_127' title='bbox 2636 1997 2754 2050; x_wconf 74' lang='lat'><strong>625.</strong></span> 
     </span>
     <span class='ocr_line' id='line_1_17' title="bbox 674 2079 2909 2154; baseline 0 -19"><span class='ocrx_word' id='word_1_128' title='bbox 674 2098 931 2150; x_wconf 79' lang='lat' dir='ltr'><strong>personae</strong></span> <span class='ocrx_word' id='word_1_129' title='bbox 968 2084 1086 2150; x_wconf 89' lang='grc'><strong>205,</strong></span> <span class='ocrx_word' id='word_1_130' title='bbox 1139 2082 1280 2136; x_wconf 91' lang='lat' dir='ltr'><strong>coni.</strong></span> <span class='ocrx_word' id='word_1_131' title='bbox 1318 2098 1422 2152; x_wconf 87' lang='lat' dir='ltr'><strong>pro</strong></span> <span class='ocrx_word' id='word_1_132' title='bbox 1461 2079 1735 2135; x_wconf 83' lang='lat' dir='ltr'><strong>infinitivo</strong></span> <span class='ocrx_word' id='word_1_133' title='bbox 1789 2083 2204 2154; x_wconf 84' lang='lat' dir='ltr'><strong>Depopulari</strong></span> <span class='ocrx_word' id='word_1_134' title='bbox 2249 2101 2369 2138; x_wconf 88' lang='lat' dir='ltr'><strong>non</strong></span> <span class='ocrx_word' id='word_1_135' title='bbox 2406 2082 2609 2136; x_wconf 82' lang='lat' dir='ltr'><strong>dicitur</strong></span> <span class='ocrx_word' id='word_1_136' title='bbox 2652 2082 2909 2137; x_wconf 85' lang='lat' dir='ltr'><strong>absolute</strong></span> 
     </span>
     <span class='ocr_line' id='line_1_18' title="bbox 673 2166 1972 2236; baseline 0.004 -17"><span class='ocrx_word' id='word_1_137' title='bbox 673 2166 732 2220; x_wconf 92' lang='lat' dir='ltr'><strong>in</strong></span> <span class='ocrx_word' id='word_1_138' title='bbox 753 2166 1288 2236; x_wconf 75' lang='lat' dir='ltr'><strong>interrogationibus</strong></span> <span class='ocrx_word' id='word_1_139' title='bbox 1309 2168 1578 2222; x_wconf 82' lang='lat' dir='ltr'><strong>orationis</strong></span> <span class='ocrx_word' id='word_1_140' title='bbox 1600 2166 1737 2220; x_wconf 91' lang='lat' dir='ltr'><strong>obli·</strong></span> <span class='ocrx_word' id='word_1_141' title='bbox 1856 2172 1972 2224; x_wconf 89' lang='grc'><strong>323.</strong></span> 
     </span>
     <span class='ocr_line' id='line_1_19' title="bbox 675 2253 2908 2323; baseline 0 -17"><span class='ocrx_word' id='word_1_142' title='bbox 675 2270 798 2321; x_wconf 86' lang='lat' dir='ltr'><strong>quoe</strong></span> <span class='ocrx_word' id='word_1_143' title='bbox 822 2256 935 2318; x_wconf 87' lang='grc'><strong>133,</strong></span> <span class='ocrx_word' id='word_1_144' title='bbox 960 2256 1088 2322; x_wconf 82' lang='grc'><strong>554;</strong></span> <span class='ocrx_word' id='word_1_145' title='bbox 1118 2255 1262 2308; x_wconf 89' lang='lat' dir='ltr'><strong>coni.</strong></span> <span class='ocrx_word' id='word_1_146' title='bbox 1284 2253 1512 2323; x_wconf 83' lang='lat' dir='ltr'><strong>perfecti</strong></span> <span class='ocrx_word' id='word_1_147' title='bbox 1532 2269 1734 2322; x_wconf 82' lang='lat' dir='ltr'><strong>pravus</strong></span> <span class='ocrx_word' id='word_1_148' title='bbox 1787 2254 2043 2310; x_wconf 88' lang='lat' dir='ltr'><strong>Dextra</strong></span> <span class='ocrx_word' id='word_1_149' title='bbox 2078 2257 2247 2309; x_wconf 85' lang='lat' dir='ltr'><strong>viam</strong></span> <span class='ocrx_word' id='word_1_150' title='bbox 2277 2271 2389 2309; x_wconf 90' lang='lat' dir='ltr'><strong>non</strong></span> <span class='ocrx_word' id='word_1_151' title='bbox 2419 2254 2624 2307; x_wconf 85' lang='lat' dir='ltr'><strong>dicitur</strong></span> <span class='ocrx_word' id='word_1_152' title='bbox 2656 2256 2755 2307; x_wconf 86' lang='grc'><strong>196</strong></span> <span class='ocrx_word' id='word_1_153' title='bbox 2784 2254 2908 2318; x_wconf 83' lang='lat' dir='ltr'><strong>(nec</strong></span> 
     </span>
     <span class='ocr_line' id='line_1_20' title="bbox 671 2338 2658 2408; baseline 0.001 -17"><span class='ocrx_word' id='word_1_154' title='bbox 671 2345 803 2407; x_wconf 90' lang='lat' dir='ltr'><strong>post</strong></span> <span class='ocrx_word' id='word_1_155' title='bbox 839 2355 1040 2406; x_wconf 89' lang='lat' dir='ltr'><strong>quum</strong></span> <span class='ocrx_word' id='word_1_156' title='bbox 1075 2342 1202 2408; x_wconf 76' lang='lat'><strong>7453</strong></span> <span class='ocrx_word' id='word_1_157' title='bbox 1265 2341 1408 2394; x_wconf 88' lang='lat' dir='ltr'><strong>coni.</strong></span> <span class='ocrx_word' id='word_1_158' title='bbox 1461 2343 1520 2393; x_wconf 90' lang='lat' dir='ltr'><strong>et</strong></span> <span class='ocrx_word' id='word_1_159' title='bbox 1563 2338 1731 2392; x_wconf 90' lang='lat' dir='ltr'><strong>indic.</strong></span> <span class='ocrx_word' id='word_1_160' title='bbox 1857 2341 2269 2396; x_wconf 78' lang='lat' dir='ltr'><strong>dextrorsus</strong></span> <span class='ocrx_word' id='word_1_161' title='bbox 2308 2357 2483 2394; x_wconf 82' lang='lat' dir='ltr'><strong>oram</strong></span> <span class='ocrx_word' id='word_1_162' title='bbox 2526 2339 2658 2405; x_wconf 88' lang='lat'>161).</span> 
     </span>
     <span class='ocr_line' id='line_1_21' title="bbox 675 2423 2908 2494; baseline 0 -17"><span class='ocrx_word' id='word_1_163' title='bbox 675 2423 944 2492; x_wconf 82' lang='lat' dir='ltr'><strong>(perfecti)</strong></span> <span class='ocrx_word' id='word_1_164' title='bbox 989 2425 1048 2479; x_wconf 90' lang='lat' dir='ltr'><strong>in</strong></span> <span class='ocrx_word' id='word_1_165' title='bbox 1087 2430 1225 2479; x_wconf 84' lang='lat' dir='ltr'><strong>orat.</strong></span> <span class='ocrx_word' id='word_1_166' title='bbox 1274 2425 1382 2479; x_wconf 90' lang='lat' dir='ltr'><strong>obl.</strong></span> <span class='ocrx_word' id='word_1_167' title='bbox 1436 2443 1486 2479; x_wconf 79' lang='lat' dir='ltr'><strong>v.</strong></span> <span class='ocrx_word' id='word_1_168' title='bbox 1532 2425 1733 2491; x_wconf 87' lang='lat' dir='ltr'><strong>Indic.;</strong></span> <span class='ocrx_word' id='word_1_169' title='bbox 1788 2427 2062 2494; x_wconf 88' lang='lat' dir='ltr'><strong>Dicere,</strong></span> <span class='ocrx_word' id='word_1_170' title='bbox 2094 2427 2405 2493; x_wconf 79' lang='lat' dir='ltr'><strong>edicere,</strong></span> <span class='ocrx_word' id='word_1_171' title='bbox 2455 2425 2762 2479; x_wconf 86' lang='lat' dir='ltr'><strong>indicere</strong></span> <span class='ocrx_word' id='word_1_172' title='bbox 2806 2427 2908 2478; x_wconf 79' lang='lat'><strong>519</strong></span> 
     </span>
     <span class='ocr_line' id='line_1_22' title="bbox 673 2510 2905 2581; baseline 0.001 -20"><span class='ocrx_word' id='word_1_173' title='bbox 673 2510 1014 2564; x_wconf 77' lang='lat' dir='ltr'><strong>coniunctivi</strong></span> <span class='ocrx_word' id='word_1_174' title='bbox 1071 2510 1459 2581; x_wconf 83' lang='lat' dir='ltr'><strong>imperfectum</strong></span> <span class='ocrx_word' id='word_1_175' title='bbox 1501 2527 1603 2579; x_wconf 92' lang='lat' dir='ltr'><strong>pro</strong></span> <span class='ocrx_word' id='word_1_176' title='bbox 1659 2512 1737 2564; x_wconf 90' lang='lat' dir='ltr'><strong>in-</strong></span> <span class='ocrx_word' id='word_1_177' title='bbox 1856 2532 1939 2581; x_wconf 88' lang='lat' dir='ltr'><strong>n.;</strong></span> <span class='ocrx_word' id='word_1_178' title='bbox 1976 2512 2199 2567; x_wconf 85' lang='lat' dir='ltr'><strong>dicendi</strong></span> <span class='ocrx_word' id='word_1_179' title='bbox 2215 2514 2445 2567; x_wconf 79' lang='lat' dir='ltr'><strong>verbum</strong></span> <span class='ocrx_word' id='word_1_180' title='bbox 2464 2511 2620 2565; x_wconf 79' lang='lat' dir='ltr'><strong>varie</strong></span> <span class='ocrx_word' id='word_1_181' title='bbox 2641 2512 2905 2564; x_wconf 77' lang='lat' dir='ltr'><strong>omissum</strong></span> 
     </span>
     <span class='ocr_line' id='line_1_23' title="bbox 670 2592 2905 2669; baseline 0.001 -21"><span class='ocrx_word' id='word_1_182' title='bbox 670 2592 886 2649; x_wconf 78' lang='lat' dir='ltr'><strong>finitivo</strong></span> <span class='ocrx_word' id='word_1_183' title='bbox 947 2613 979 2650; x_wconf 84' lang='lat' dir='ltr'><strong>a</strong></span> <span class='ocrx_word' id='word_1_184' title='bbox 1019 2596 1260 2652; x_wconf 86' lang='lat' dir='ltr'><strong>librariis</strong></span> <span class='ocrx_word' id='word_1_185' title='bbox 1312 2597 1581 2667; x_wconf 88' lang='lat' dir='ltr'><strong>scriptum</strong></span> <span class='ocrx_word' id='word_1_186' title='bbox 1641 2603 1737 2653; x_wconf 88' lang='lat' dir='ltr'><strong>aut</strong></span> <span class='ocrx_word' id='word_1_187' title='bbox 1855 2601 1921 2655; x_wconf 89' lang='grc'><strong>56</strong></span> <span class='ocrx_word' id='word_1_188' title='bbox 1955 2618 2007 2653; x_wconf 89' lang='grc' dir='ltr'><strong>ιι.</strong></span> <span class='ocrx_word' id='word_1_189' title='bbox 2049 2602 2196 2669; x_wconf 82' lang='lat' dir='ltr'><strong>(post</strong></span> <span class='ocrx_word' id='word_1_190' title='bbox 2225 2597 2461 2669; x_wconf 88' lang='lat' dir='ltr'><strong>quum),</strong></span> <span class='ocrx_word' id='word_1_191' title='bbox 2500 2596 2775 2666; x_wconf 55' lang='lat' dir='ltr'><strong>cumpost</strong></span> <span class='ocrx_word' id='word_1_192' title='bbox 2801 2597 2905 2661; x_wconf 89' lang='lat' dir='ltr'><strong>et),</strong></span> 
     </span>
    </p>
   </div>
   <div class='ocr_carea' id='block_1_4' title="bbox 606 2683 2911 3699">
    <p class='ocr_par' dir='ltr' id='par_1_7' title="bbox 606 2683 2911 3699">
     <span class='ocr_line' id='line_1_24' title="bbox 674 2683 2900 2756; baseline -0 -20"><span class='ocrx_word' id='word_1_193' title='bbox 674 2685 874 2736; x_wconf 87' lang='lat' dir='ltr'><strong>contra</strong></span> <span class='ocrx_word' id='word_1_194' title='bbox 908 2684 1026 2751; x_wconf 89' lang='grc'><strong>631,</strong></span> <span class='ocrx_word' id='word_1_195' title='bbox 1060 2686 1177 2739; x_wconf 88' lang='grc'><strong>753.</strong></span> <span class='ocrx_word' id='word_1_196' title='bbox 1853 2704 2022 2756; x_wconf 86' lang='lat' dir='ltr'><strong>prave</strong></span> <span class='ocrx_word' id='word_1_197' title='bbox 2069 2687 2329 2741; x_wconf 87' lang='lat' dir='ltr'><strong>omissum</strong></span> <span class='ocrx_word' id='word_1_198' title='bbox 2377 2687 2502 2751; x_wconf 78' lang='lat'><strong>6433</strong></span> <span class='ocrx_word' id='word_1_199' title='bbox 2559 2683 2750 2738; x_wconf 87' lang='lat' dir='ltr'><strong>dicto</strong></span> <span class='ocrx_word' id='word_1_200' title='bbox 2788 2701 2900 2736; x_wconf 83' lang='lat' dir='ltr'><strong>au·</strong></span> 
     </span>
     <span class='ocr_line' id='line_1_25' title="bbox 607 2766 2274 2828; baseline 0.002 -8"><span class='ocrx_word' id='word_1_201' title='bbox 607 2766 985 2823; x_wconf 83' lang='lat' dir='ltr'><strong>Coniurare</strong></span> <span class='ocrx_word' id='word_1_202' title='bbox 1023 2770 1092 2824; x_wconf 89' lang='lat' dir='ltr'><strong>de</strong></span> <span class='ocrx_word' id='word_1_203' title='bbox 1126 2770 1392 2825; x_wconf 75' lang='lat' dir='ltr'><strong>militibus</strong></span> <span class='ocrx_word' id='word_1_204' title='bbox 1429 2772 1530 2825; x_wconf 89' lang='grc'><strong>302</strong></span> <span class='ocrx_word' id='word_1_205' title='bbox 1565 2789 1621 2825; x_wconf 84' lang='grc' dir='ltr'><strong>ιι.</strong></span> <span class='ocrx_word' id='word_1_206' title='bbox 1856 2774 2049 2828; x_wconf 73' lang='lat' dir='ltr'><strong>diens</strong></span> <span class='ocrx_word' id='word_1_207' title='bbox 2084 2774 2186 2827; x_wconf 83' lang='grc'><strong>607</strong></span> <span class='ocrx_word' id='word_1_208' title='bbox 2222 2790 2274 2826; x_wconf 86' lang='grc' dir='ltr'><strong>ιι.</strong></span> 
     </span>
     <span class='ocr_line' id='line_1_26' title="bbox 606 2852 2901 2924; baseline 0.001 -19"><span class='ocrx_word' id='word_1_209' title='bbox 606 2852 962 2909; x_wconf 87' lang='lat' dir='ltr'><strong>Consensu</strong></span> <span class='ocrx_word' id='word_1_210' title='bbox 1002 2858 1113 2910; x_wconf 91' lang='grc'><strong>126.</strong></span> <span class='ocrx_word' id='word_1_211' title='bbox 1785 2860 1906 2915; x_wconf 77' lang='lat' dir='ltr'><strong>Die</strong></span> <span class='ocrx_word' id='word_1_212' title='bbox 1943 2877 2017 2913; x_wconf 75' lang='lat' dir='ltr'><strong>ac</strong></span> <span class='ocrx_word' id='word_1_213' title='bbox 2052 2863 2267 2924; x_wconf 84' lang='lat' dir='ltr'><strong>nocte,</strong></span> <span class='ocrx_word' id='word_1_214' title='bbox 2304 2856 2480 2911; x_wconf 88' lang='lat' dir='ltr'><strong>diem</strong></span> <span class='ocrx_word' id='word_1_215' title='bbox 2515 2873 2588 2909; x_wconf 88' lang='lat' dir='ltr'><strong>ac</strong></span> <span class='ocrx_word' id='word_1_216' title='bbox 2626 2862 2901 2909; x_wconf 87' lang='lat' dir='ltr'><strong>noctem</strong></span> 
     </span>
     <span class='ocr_line' id='line_1_27' title="bbox 608 2938 2042 3001; baseline 0.003 -9"><span class='ocrx_word' id='word_1_217' title='bbox 608 2938 992 2995; x_wconf 82' lang='lat' dir='ltr'><strong>Consuetus</strong></span> <span class='ocrx_word' id='word_1_218' title='bbox 1028 2942 1129 2995; x_wconf 89' lang='lat' dir='ltr'><strong>rei</strong></span> <span class='ocrx_word' id='word_1_219' title='bbox 1166 2944 1233 2997; x_wconf 87' lang='grc'><strong>59</strong></span> <span class='ocrx_word' id='word_1_220' title='bbox 1268 2960 1322 2996; x_wconf 89' lang='lat' dir='ltr'><strong>n.</strong></span> <span class='ocrx_word' id='word_1_221' title='bbox 1854 2948 1958 3001; x_wconf 82' lang='lat'><strong>487</strong></span> <span class='ocrx_word' id='word_1_222' title='bbox 1991 2964 2042 3000; x_wconf 90' lang='grc' dir='ltr'><strong>ιι.</strong></span> 
     </span>
     <span class='ocr_line' id='line_1_28' title="bbox 608 3024 2905 3101; baseline 0 -23"><span class='ocrx_word' id='word_1_223' title='bbox 608 3024 942 3080; x_wconf 86' lang='lat' dir='ltr'><strong>Consultu</strong></span> <span class='ocrx_word' id='word_1_224' title='bbox 994 3027 1289 3096; x_wconf 78' lang='lat' dir='ltr'><strong>collegae</strong></span> <span class='ocrx_word' id='word_1_225' title='bbox 1341 3045 1573 3097; x_wconf 80' lang='lat' dir='ltr'><strong>pravum</strong></span> <span class='ocrx_word' id='word_1_226' title='bbox 1628 3045 1729 3098; x_wconf 86' lang='lat' dir='ltr'><strong>pro</strong></span> <span class='ocrx_word' id='word_1_227' title='bbox 1784 3031 2189 3101; x_wconf 86' lang='lat' dir='ltr'><strong>Dignitates</strong></span> <span class='ocrx_word' id='word_1_228' title='bbox 2237 3031 2307 3084; x_wconf 90' lang='lat' dir='ltr'><strong>de</strong></span> <span class='ocrx_word' id='word_1_229' title='bbox 2353 3029 2671 3083; x_wconf 84' lang='lat' dir='ltr'><strong>hominibus</strong></span> <span class='ocrx_word' id='word_1_230' title='bbox 2722 3027 2905 3095; x_wconf 81' lang='lat' dir='ltr'><strong>digni-</strong></span> 
     </span>
     <span class='ocr_line' id='line_1_29' title="bbox 678 3112 2648 3186; baseline 0.001 -22"><span class='ocrx_word' id='word_1_231' title='bbox 678 3112 980 3166; x_wconf 88' lang='lat' dir='ltr'><strong>consilio</strong></span> <span class='ocrx_word' id='word_1_232' title='bbox 1022 3114 1090 3166; x_wconf 87' lang='grc'><strong>22</strong></span> <span class='ocrx_word' id='word_1_233' title='bbox 1123 3132 1175 3167; x_wconf 88' lang='grc' dir='ltr'><strong>ιι.</strong></span> <span class='ocrx_word' id='word_1_234' title='bbox 1852 3124 1969 3172; x_wconf 88' lang='lat' dir='ltr'><strong>tate</strong></span> <span class='ocrx_word' id='word_1_235' title='bbox 2006 3117 2317 3186; x_wconf 76' lang='lat' dir='ltr'><strong>insignibus</strong></span> <span class='ocrx_word' id='word_1_236' title='bbox 2354 3117 2494 3170; x_wconf 87' lang='lat' dir='ltr'><strong>inus.</strong></span> <span class='ocrx_word' id='word_1_237' title='bbox 2534 3117 2648 3169; x_wconf 85' lang='grc'><strong>306.</strong></span> 
     </span>
     <span class='ocr_line' id='line_1_30' title="bbox 611 3196 2903 3273; baseline 0 -23"><span class='ocrx_word' id='word_1_238' title='bbox 611 3196 856 3251; x_wconf 87' lang='lat' dir='ltr'><strong>Coram</strong></span> <span class='ocrx_word' id='word_1_239' title='bbox 894 3200 1012 3252; x_wconf 87' lang='grc'><strong>375.</strong></span> <span class='ocrx_word' id='word_1_240' title='bbox 1786 3204 2046 3273; x_wconf 78' lang='lat' dir='ltr'><strong>Dignus</strong></span> <span class='ocrx_word' id='word_1_241' title='bbox 2117 3219 2287 3270; x_wconf 86' lang='lat' dir='ltr'><strong>sum,</strong></span> <span class='ocrx_word' id='word_1_242' title='bbox 2361 3219 2457 3255; x_wconf 89' lang='lat' dir='ltr'><strong>me</strong></span> <span class='ocrx_word' id='word_1_243' title='bbox 2522 3218 2669 3253; x_wconf 79' lang='lat' dir='ltr'><strong>esse</strong></span> <span class='ocrx_word' id='word_1_244' title='bbox 2738 3199 2903 3268; x_wconf 88' lang='lat' dir='ltr'><strong>impr.</strong></span> 
     </span>
     <span class='ocr_line' id='line_1_31' title="bbox 613 3282 2045 3356; baseline 0.004 -20"><span class='ocrx_word' id='word_1_245' title='bbox 613 3282 958 3337; x_wconf 83' lang='lat' dir='ltr'><strong>Coronarum</strong></span> <span class='ocrx_word' id='word_1_246' title='bbox 985 3288 1104 3337; x_wconf 88' lang='lat' dir='ltr'><strong>tum</strong></span> <span class='ocrx_word' id='word_1_247' title='bbox 1132 3302 1414 3352; x_wconf 88' lang='lat' dir='ltr'><strong>numerus,</strong></span> <span class='ocrx_word' id='word_1_248' title='bbox 1444 3290 1564 3340; x_wconf 91' lang='lat' dir='ltr'><strong>tum</strong></span> <span class='ocrx_word' id='word_1_249' title='bbox 1594 3304 1729 3356; x_wconf 89' lang='lat' dir='ltr'><strong>pon·</strong></span> <span class='ocrx_word' id='word_1_250' title='bbox 1858 3292 1955 3345; x_wconf 87' lang='grc'><strong>125</strong></span> <span class='ocrx_word' id='word_1_251' title='bbox 1990 3308 2045 3343; x_wconf 94' lang='lat' dir='ltr'><strong>n.</strong></span> 
     </span>
     <span class='ocr_line' id='line_1_32' title="bbox 679 3369 2336 3445; baseline 0.004 -24"><span class='ocrx_word' id='word_1_252' title='bbox 679 3369 784 3422; x_wconf 87' lang='lat' dir='ltr'><strong>dus</strong></span> <span class='ocrx_word' id='word_1_253' title='bbox 821 3369 1100 3423; x_wconf 83' lang='lat' dir='ltr'><strong>indicatur</strong></span> <span class='ocrx_word' id='word_1_254' title='bbox 1133 3371 1235 3424; x_wconf 74' lang='lat'><strong>572</strong></span> <span class='ocrx_word' id='word_1_255' title='bbox 1268 3391 1320 3425; x_wconf 89' lang='lat' dir='ltr'><strong>n.</strong></span> <span class='ocrx_word' id='word_1_256' title='bbox 1784 3376 2184 3445; x_wconf 87' lang='lat' dir='ltr'><strong>Discerptio</strong></span> <span class='ocrx_word' id='word_1_257' title='bbox 2220 3376 2336 3428; x_wconf 86' lang='grc'><strong>615.</strong></span> 
     </span>
     <span class='ocr_line' id='line_1_33' title="bbox 612 3454 2742 3529; baseline -0.002 -14"><span class='ocrx_word' id='word_1_258' title='bbox 612 3454 903 3508; x_wconf 70' lang='lat' dir='ltr'><strong>creverim!</strong></span> <span class='ocrx_word' id='word_1_259' title='bbox 940 3457 1023 3509; x_wconf 84' lang='lat'><strong>41·</strong></span> <span class='ocrx_word' id='word_1_260' title='bbox 1786 3460 2145 3529; x_wconf 85' lang='lat' dir='ltr'><strong>Dissipata</strong></span> <span class='ocrx_word' id='word_1_261' title='bbox 2180 3459 2373 3529; x_wconf 86' lang='lat' dir='ltr'><strong>fuga,</strong></span> <span class='ocrx_word' id='word_1_262' title='bbox 2414 3460 2588 3512; x_wconf 82' lang='lat' dir='ltr'><strong>simm.</strong></span> <span class='ocrx_word' id='word_1_263' title='bbox 2630 3460 2742 3511; x_wconf 89' lang='grc'><strong>160.</strong></span> 
     </span>
     <span class='ocr_line' id='line_1_34' title="bbox 614 3539 2911 3612; baseline 0.002 -19"><span class='ocrx_word' id='word_1_264' title='bbox 614 3539 885 3595; x_wconf 85' lang='lat' dir='ltr'><strong>Cnlmen</strong></span> <span class='ocrx_word' id='word_1_265' title='bbox 936 3559 1070 3595; x_wconf 90' lang='lat' dir='ltr'><strong>num</strong></span> <span class='ocrx_word' id='word_1_266' title='bbox 1123 3542 1390 3597; x_wconf 83' lang='lat' dir='ltr'><strong>translate</strong></span> <span class='ocrx_word' id='word_1_267' title='bbox 1436 3545 1506 3598; x_wconf 92' lang='lat' dir='ltr'><strong>de</strong></span> <span class='ocrx_word' id='word_1_268' title='bbox 1550 3545 1729 3600; x_wconf 88' lang='lat' dir='ltr'><strong>homi·</strong></span> <span class='ocrx_word' id='word_1_269' title='bbox 1786 3546 2168 3603; x_wconf 81' lang='lat' dir='ltr'><strong>Distributivis</strong></span> <span class='ocrx_word' id='word_1_270' title='bbox 2221 3545 2468 3599; x_wconf 86' lang='lat' dir='ltr'><strong>adiectus</strong></span> <span class='ocrx_word' id='word_1_271' title='bbox 2522 3560 2669 3598; x_wconf 89' lang='lat' dir='ltr'><strong>num.</strong></span> <span class='ocrx_word' id='word_1_272' title='bbox 2720 3545 2911 3612; x_wconf 81' lang='lat' dir='ltr'><strong>singu-</strong></span> 
     </span>
     <span class='ocr_line' id='line_1_35' title="bbox 679 3625 2611 3699; baseline -0.001 -14"><span class='ocrx_word' id='word_1_273' title='bbox 679 3625 845 3680; x_wconf 70' lang='lat' dir='ltr'><strong>nibtm</strong></span> <span class='ocrx_word' id='word_1_274' title='bbox 883 3629 1001 3680; x_wconf 79' lang='grc'><strong>720-</strong></span> <span class='ocrx_word' id='word_1_275' title='bbox 1854 3634 1985 3688; x_wconf 89' lang='lat' dir='ltr'><strong>laris</strong></span> <span class='ocrx_word' id='word_1_276' title='bbox 2024 3633 2108 3699; x_wconf 87' lang='lat' dir='ltr'><strong>(in</strong></span> <span class='ocrx_word' id='word_1_277' title='bbox 2145 3629 2457 3695; x_wconf 90' lang='lat' dir='ltr'><strong>militem)</strong></span> <span class='ocrx_word' id='word_1_278' title='bbox 2499 3632 2611 3684; x_wconf 82' lang='lat'>119.</span> 
     </span>
    </p>
   </div>
   <div class='ocr_carea' id='block_1_5' title="bbox 615 3710 2915 4557">
    <p class='ocr_par' dir='ltr' id='par_1_8' title="bbox 615 3710 2915 4218">
     <span class='ocr_line' id='line_1_36' title="bbox 615 3710 2768 3784; baseline 0.002 -19"><span class='ocrx_word' id='word_1_279' title='bbox 615 3710 766 3765; x_wconf 84' lang='lat' dir='ltr'><strong>Cum</strong></span> <span class='ocrx_word' id='word_1_280' title='bbox 822 3729 896 3766; x_wconf 92' lang='lat' dir='ltr'><strong>eo</strong></span> <span class='ocrx_word' id='word_1_281' title='bbox 933 3719 1008 3767; x_wconf 86' lang='lat' dir='ltr'><strong>ut</strong></span> <span class='ocrx_word' id='word_1_282' title='bbox 1056 3715 1179 3781; x_wconf 81' lang='lat'>1953</span> <span class='ocrx_word' id='word_1_283' title='bbox 1227 3731 1372 3767; x_wconf 86' lang='lat' dir='ltr'><strong>cum</strong></span> <span class='ocrx_word' id='word_1_284' title='bbox 1407 3717 1734 3784; x_wconf 80' lang='lat' dir='ltr'><strong>praepositio</strong></span> <span class='ocrx_word' id='word_1_285' title='bbox 1787 3720 2170 3775; x_wconf 83' lang='lat' dir='ltr'><strong>Donarium</strong></span> <span class='ocrx_word' id='word_1_286' title='bbox 2207 3735 2320 3771; x_wconf 90' lang='lat' dir='ltr'><strong>non</strong></span> <span class='ocrx_word' id='word_1_287' title='bbox 2356 3715 2425 3769; x_wconf 89' lang='lat' dir='ltr'><strong>de</strong></span> <span class='ocrx_word' id='word_1_288' title='bbox 2462 3715 2614 3770; x_wconf 88' lang='lat' dir='ltr'><strong>dono</strong></span> <span class='ocrx_word' id='word_1_289' title='bbox 2649 3716 2768 3769; x_wconf 86' lang='grc'><strong>635.</strong></span> 
     </span>
     <span class='ocr_line' id='line_1_37' title="bbox 684 3796 2794 3873; baseline 0.001 -24"><span class='ocrx_word' id='word_1_290' title='bbox 684 3796 874 3851; x_wconf 87' lang='lat' dir='ltr'><strong>addita</strong></span> <span class='ocrx_word' id='word_1_291' title='bbox 918 3804 974 3851; x_wconf 87' lang='lat' dir='ltr'><strong>et</strong></span> <span class='ocrx_word' id='word_1_292' title='bbox 1037 3799 1241 3852; x_wconf 85' lang='lat' dir='ltr'><strong>omissa</strong></span> <span class='ocrx_word' id='word_1_293' title='bbox 1295 3802 1394 3854; x_wconf 76' lang='lat'><strong>209</strong></span> <span class='ocrx_word' id='word_1_294' title='bbox 1450 3819 1532 3867; x_wconf 89' lang='lat' dir='ltr'><strong>n.;</strong></span> <span class='ocrx_word' id='word_1_295' title='bbox 1589 3819 1735 3855; x_wconf 88' lang='lat' dir='ltr'><strong>cum</strong></span> <span class='ocrx_word' id='word_1_296' title='bbox 1786 3807 2022 3861; x_wconf 77' lang='lat' dir='ltr'><strong>Donec</strong></span> <span class='ocrx_word' id='word_1_297' title='bbox 2061 3823 2106 3857; x_wconf 82' lang='lat' dir='ltr'><strong>c.</strong></span> <span class='ocrx_word' id='word_1_298' title='bbox 2143 3802 2280 3873; x_wconf 82' lang='lat' dir='ltr'><strong>perf.</strong></span> <span class='ocrx_word' id='word_1_299' title='bbox 2317 3802 2486 3856; x_wconf 87' lang='lat' dir='ltr'><strong>indic.</strong></span> <span class='ocrx_word' id='word_1_300' title='bbox 2523 3804 2641 3865; x_wconf 83' lang='lat'><strong>362,</strong></span> <span class='ocrx_word' id='word_1_301' title='bbox 2678 3802 2794 3854; x_wconf 89' lang='grc'><strong>717.</strong></span> 
     </span>
     <span class='ocr_line' id='line_1_38' title="bbox 683 3885 2393 3951; baseline 0.003 -15"><span class='ocrx_word' id='word_1_302' title='bbox 683 3900 846 3937; x_wconf 90' lang='lat' dir='ltr'><strong>cura</strong></span> <span class='ocrx_word' id='word_1_303' title='bbox 897 3901 1034 3950; x_wconf 55' lang='lat' dir='ltr'><strong>(non</strong></span> <span class='ocrx_word' id='word_1_304' title='bbox 1082 3886 1267 3951; x_wconf 89' lang='lat' dir='ltr'><strong>cura)</strong></span> <span class='ocrx_word' id='word_1_305' title='bbox 1323 3885 1392 3939; x_wconf 92' lang='lat' dir='ltr'><strong>de</strong></span> <span class='ocrx_word' id='word_1_306' title='bbox 1446 3887 1613 3941; x_wconf 91' lang='lat' dir='ltr'><strong>modo</strong></span> <span class='ocrx_word' id='word_1_307' title='bbox 1653 3888 1735 3942; x_wconf 91' lang='lat' dir='ltr'><strong>rei</strong></span> <span class='ocrx_word' id='word_1_308' title='bbox 1787 3889 2274 3945; x_wconf 87' lang='lat' dir='ltr'><strong>Drakenborchius</strong></span> <span class='ocrx_word' id='word_1_309' title='bbox 2310 3891 2393 3942; x_wconf 84' lang='lat'><strong>40.</strong></span> 
     </span>
     <span class='ocr_line' id='line_1_39' title="bbox 684 3969 2755 4045; baseline 0.001 -23"><span class='ocrx_word' id='word_1_310' title='bbox 684 3969 915 4037; x_wconf 62' lang='lat' dir='ltr'><strong>agendae</strong></span> <span class='ocrx_word' id='word_1_311' title='bbox 987 3971 1116 4037; x_wconf 78' lang='lat'><strong>7543</strong></span> <span class='ocrx_word' id='word_1_312' title='bbox 1203 3977 1734 4039; x_wconf 85' lang='lat' dir='ltr'><strong>recuperatores</strong></span> <span class='ocrx_word' id='word_1_313' title='bbox 1787 3977 2046 4030; x_wconf 87' lang='lat' dir='ltr'><strong>Dubito</strong></span> <span class='ocrx_word' id='word_1_314' title='bbox 2084 3993 2162 4029; x_wconf 91' lang='lat' dir='ltr'><strong>an</strong></span> <span class='ocrx_word' id='word_1_315' title='bbox 2199 3975 2350 4045; x_wconf 89' lang='lat' dir='ltr'><strong>apud</strong></span> <span class='ocrx_word' id='word_1_316' title='bbox 2383 3974 2602 4028; x_wconf 80' lang='lat' dir='ltr'><strong>Livium</strong></span> <span class='ocrx_word' id='word_1_317' title='bbox 2643 3975 2755 4027; x_wconf 89' lang='grc'><strong>168.</strong></span> 
     </span>
     <span class='ocr_line' id='line_1_40' title="bbox 686 4055 2915 4131; baseline 0.001 -23"><span class='ocrx_word' id='word_1_318' title='bbox 686 4072 829 4108; x_wconf 87' lang='lat' dir='ltr'><strong>cum</strong></span> <span class='ocrx_word' id='word_1_319' title='bbox 866 4055 1102 4124; x_wconf 90' lang='lat' dir='ltr'><strong>aliquo</strong></span> <span class='ocrx_word' id='word_1_320' title='bbox 1139 4074 1398 4109; x_wconf 87' lang='lat' dir='ltr'><strong>sumere</strong></span> <span class='ocrx_word' id='word_1_321' title='bbox 1432 4058 1547 4110; x_wconf 84' lang='grc'><strong>664.</strong></span> <span class='ocrx_word' id='word_1_322' title='bbox 1790 4062 2010 4131; x_wconf 86' lang='lat' dir='ltr'><strong>Duplex</strong></span> <span class='ocrx_word' id='word_1_323' title='bbox 2073 4062 2351 4130; x_wconf 85' lang='lat' dir='ltr'><strong>scriptura</strong></span> <span class='ocrx_word' id='word_1_324' title='bbox 2402 4061 2489 4125; x_wconf 80' lang='lat' dir='ltr'><strong>(ex</strong></span> <span class='ocrx_word' id='word_1_325' title='bbox 2543 4058 2915 4113; x_wconf 81' lang='lat' dir='ltr'><strong>adnotatione</strong></span> 
     </span>
     <span class='ocr_line' id='line_1_41' title="bbox 685 4140 2915 4218; baseline 0.001 -25"><span class='ocrx_word' id='word_1_326' title='bbox 685 4140 867 4205; x_wconf 86' lang='lat' dir='ltr'><strong>(Cum</strong></span> <span class='ocrx_word' id='word_1_327' title='bbox 903 4142 1225 4196; x_wconf 89' lang='lat' dir='ltr'><strong>coniunctio</strong></span> <span class='ocrx_word' id='word_1_328' title='bbox 1261 4159 1310 4195; x_wconf 86' lang='lat' dir='ltr'><strong>v.</strong></span> <span class='ocrx_word' id='word_1_329' title='bbox 1350 4143 1583 4211; x_wconf 87' lang='lat' dir='ltr'><strong>quum.)</strong></span> <span class='ocrx_word' id='word_1_330' title='bbox 1859 4165 2027 4218; x_wconf 87' lang='lat' dir='ltr'><strong>supra</strong></span> <span class='ocrx_word' id='word_1_331' title='bbox 2071 4145 2300 4215; x_wconf 77' lang='lat' dir='ltr'><strong>scripta)</strong></span> <span class='ocrx_word' id='word_1_332' title='bbox 2344 4146 2402 4199; x_wconf 89' lang='lat' dir='ltr'><strong>in</strong></span> <span class='ocrx_word' id='word_1_333' title='bbox 2438 4145 2583 4199; x_wconf 85' lang='lat' dir='ltr'><strong>Livii</strong></span> <span class='ocrx_word' id='word_1_334' title='bbox 2619 4144 2915 4199; x_wconf 83' lang='lat' dir='ltr'><strong>codicibus</strong></span> 
     </span>
    </p>

    <p class='ocr_par' dir='ltr' id='par_1_9' title="bbox 1856 4231 2912 4303">
     <span class='ocr_line' id='line_1_42' title="bbox 1856 4231 2912 4303; baseline -0.004 -16"><span class='ocrx_word' id='word_1_335' title='bbox 1856 4234 2054 4303; x_wconf 77' lang='lat' dir='ltr'><strong>primae</strong></span> <span class='ocrx_word' id='word_1_336' title='bbox 2100 4232 2325 4286; x_wconf 87' lang='lat' dir='ltr'><strong>decadis</strong></span> <span class='ocrx_word' id='word_1_337' title='bbox 2374 4234 2439 4285; x_wconf 91' lang='grc'><strong>17</strong></span> <span class='ocrx_word' id='word_1_338' title='bbox 2474 4248 2576 4300; x_wconf 86' lang='lat' dir='ltr'><strong>sq.,</strong></span> <span class='ocrx_word' id='word_1_339' title='bbox 2616 4233 2676 4284; x_wconf 91' lang='grc'><strong>21</strong></span> <span class='ocrx_word' id='word_1_340' title='bbox 2717 4248 2790 4296; x_wconf 86' lang='grc' dir='ltr'><strong>ιι.,</strong></span> <span class='ocrx_word' id='word_1_341' title='bbox 2826 4231 2912 4283; x_wconf 78' lang='grc'><strong>32.</strong></span> 
     </span>
    </p>

    <p class='ocr_par' dir='ltr' id='par_1_10' title="bbox 617 4310 1214 4381">
     <span class='ocr_line' id='line_1_43' title="bbox 617 4310 1214 4381; baseline -0.003 -17"><span class='ocrx_word' id='word_1_342' title='bbox 617 4310 797 4365; x_wconf 88' lang='lat' dir='ltr'><strong>Dare</strong></span> <span class='ocrx_word' id='word_1_343' title='bbox 833 4311 1022 4381; x_wconf 88' lang='lat' dir='ltr'><strong>leges</strong></span> <span class='ocrx_word' id='word_1_344' title='bbox 1058 4314 1126 4367; x_wconf 87' lang='grc'><strong>92</strong></span> <span class='ocrx_word' id='word_1_345' title='bbox 1162 4331 1214 4367; x_wconf 90' lang='grc' dir='ltr'><strong>ιι.</strong></span> 
     </span>
    </p>

    <p class='ocr_par' dir='ltr' id='par_1_11' title="bbox 620 4394 2913 4557">
     <span class='ocr_line' id='line_1_44' title="bbox 620 4394 2913 4473; baseline 0.002 -24"><span class='ocrx_word' id='word_1_346' title='bbox 620 4394 853 4451; x_wconf 85' lang='lat' dir='ltr'><strong>Dativus</strong></span> <span class='ocrx_word' id='word_1_347' title='bbox 889 4399 1255 4452; x_wconf 79' lang='lat' dir='ltr'><strong>substantivis</strong></span> <span class='ocrx_word' id='word_1_348' title='bbox 1291 4399 1606 4455; x_wconf 81' lang='lat' dir='ltr'><strong>verbalibus</strong></span> <span class='ocrx_word' id='word_1_349' title='bbox 1644 4401 1738 4454; x_wconf 89' lang='lat' dir='ltr'><strong>ad·</strong></span> <span class='ocrx_word' id='word_1_350' title='bbox 1790 4403 2055 4473; x_wconf 87' lang='lat' dir='ltr'><strong>Ecquid</strong></span> <span class='ocrx_word' id='word_1_351' title='bbox 2109 4405 2208 4459; x_wconf 86' lang='lat' dir='ltr'><strong>ita</strong></span> <span class='ocrx_word' id='word_1_352' title='bbox 2251 4421 2358 4473; x_wconf 88' lang='lat' dir='ltr'><strong>pro</strong></span> <span class='ocrx_word' id='word_1_353' title='bbox 2404 4402 2565 4472; x_wconf 91' lang='lat' dir='ltr'><strong>quid</strong></span> <span class='ocrx_word' id='word_1_354' title='bbox 2612 4402 2712 4455; x_wconf 85' lang='lat' dir='ltr'><strong>ita</strong></span> <span class='ocrx_word' id='word_1_355' title='bbox 2746 4402 2913 4469; x_wconf 85' lang='lat' dir='ltr'><strong>impr.</strong></span> 
     </span>
     <span class='ocr_line' id='line_1_45' title="bbox 686 4482 1972 4557; baseline 0.005 -22"><span class='ocrx_word' id='word_1_356' title='bbox 686 4482 907 4536; x_wconf 87' lang='lat' dir='ltr'><strong>iunctus</strong></span> <span class='ocrx_word' id='word_1_357' title='bbox 925 4485 1053 4549; x_wconf 75' lang='lat'><strong>6573</strong></span> <span class='ocrx_word' id='word_1_358' title='bbox 1084 4484 1302 4538; x_wconf 79' lang='lat' dir='ltr'><strong>dativus</strong></span> <span class='ocrx_word' id='word_1_359' title='bbox 1321 4502 1423 4553; x_wconf 89' lang='lat' dir='ltr'><strong>pro</strong></span> <span class='ocrx_word' id='word_1_360' title='bbox 1454 4485 1533 4539; x_wconf 84' lang='lat' dir='ltr'><strong>ab</strong></span> <span class='ocrx_word' id='word_1_361' title='bbox 1562 4503 1735 4557; x_wconf 81' lang='lat' dir='ltr'><strong>praep.</strong></span> <span class='ocrx_word' id='word_1_362' title='bbox 1856 4492 1972 4544; x_wconf 84' lang='lat'>633.</span> 
     </span>
    </p>
   </div>
  </div>
 </body>
</html>
