3230 5282
1462 592 1584 651 495
2270 606 2391 660 Lib.
2430 607 2667 661 XXXIV

369 824 603 888 lierum
661 824 959 889 subiecta
1015 826 1170 889 viris
1219 826 1480 889 dicitur.
1592 824 1675 910 B:
1737 846 1879 906 per
1940 801 2001 907 q’
2038 826 2578 908 subiecerint,
2647 852 2681 895 e

372 953 499 1015 quo
546 930 893 1013 Ussingius
943 932 1374 1014 probabiliter
1420 930 1651 995 efficit:
1723 953 1863 1013 per
1911 954 2079 1015 quae
2128 954 2264 998 eas
2312 936 2680 1002 subiece-

368 1042 541 1102 rint
607 1041 824 1102 viriS.
941 1038 1139 1120 Origo
1210 1040 1451 1103 erroris
1513 1060 1588 1102 ex
1646 1058 1674 1098 s
1733 1039 1932 1102 semel
1990 1041 2257 1122 scripto.
2373 1041 2405 1123 ἓ
2465 1048 2531 1106 5:
2602 1045 2680 1108 id

370 1146 597 1211 modo
647 1148 1059 1228 quaeritur,
1120 1149 1188 1210 si
1237 1148 1529 1210 maiori
1577 1147 1795 1228 parti
1846 1147 2044 1209 etin
2093 1168 2471 1212 summam
2518 1149 2678 1230 (lex)

369 1254 729 1338 prodest.
832 1253 904 1317 In
962 1253 1061 1319 his
1122 1255 1458 1337 prodest
1518 1254 1620 1316 vix
1678 1271 1898 1316 verum
1959 1260 2089 1332 est;
2160 1254 2375 1319 Livius
2424 1256 2682 1320 videtur

371 1364 713 1445 scripsisse
761 1363 1056 1444 prosit,
1126 1361 1391 1439 deinde,
1463 1383 1662 1444 quum
1722 1382 1799 1424 ex
1844 1362 2193 1443 prositsi
2242 1369 2457 1426 ortum
2507 1372 2680 1428 esset

370 1471 613 1550 prosi,
664 1469 1049 1551 corrigendo
1096 1471 1344 1533 factum
1392 1489 1535 1532 esse
1584 1467 1927 1550 prodest
1973 1470 2057 1531 si.
2156 1468 2367 1551 1863]

541 1575 696 1659 Cap.
746 1581 802 1653 4,
855 1580 930 1640 18
978 1577 1070 1656 (in
1117 1577 1345 1642 eadem
1392 1575 1748 1655 oratione):
1809 1575 2026 1639 Nunc
2071 1575 2304 1658 vulgo
2354 1577 2668 1642 alienos
2707 1594 2863 1663 (396)

370 1685 591 1747 viros
638 1689 931 1766 rogant
978 1691 1073 1762 et,
1124 1683 1331 1766 quod
1379 1684 1632 1746 maius
1680 1689 1816 1760 est,
1861 1683 2113 1764 legem
2162 1689 2238 1747 et
2283 1684 2682 1767 suffragia

369 1799 690 1873 rogant,
756 1797 831 1854 et
877 1812 917 1854 a
964 1790 1446 1872 quibusdam
1508 1791 1984 1872 impetrant,
2043 1792 2431 1856 adversus
2477 1798 2557 1855 te
2605 1798 2680 1855 et

367 1920 526 1962 rem
583 1906 802 1961 tuam
861 1906 939 1962 et
997 1899 1310 1963 liberos
1369 1904 1557 1961 tuos
1617 1897 2210 1962 inexorabiles.
2310 1897 2509 1963 Plura
2555 1898 2678 1976 hic,

368 2009 423 2070 si
471 2008 613 2087 quis
661 2005 1006 2086 diligenter
1051 2006 1435 2083 attenderit,
1496 2006 1636 2069 iure
1685 2003 2036 2084 offendent,
2096 2004 2368 2070 subitus
2401 2006 2680 2088 primum

367 2115 432 2177 in
481 2113 707 2177 eadem
756 2114 1027 2195 periodo
1076 2115 1159 2177 ad
1207 2135 1406 2177 unum
1456 2112 1774 2195 aliquem,
1845 2113 1956 2194 qui
2014 2120 2211 2177 antea
2270 2112 2678 2196 significatus

368 2242 493 2284 non
543 2227 670 2297 est,
736 2220 1222 2303 adloquendum
1269 2221 1621 2298 transituS,
1681 2220 1794 2283 sed
1841 2219 2046 2283 multo
2093 2221 2299 2302 magis
2345 2222 2493 2303 ipsa
2536 2242 2679 2284 sen-

367 2330 607 2406 te11tia3
679 2348 795 2391 cur
842 2330 1014 2391 enim
1060 2328 1622 2391 inexorabiles
1670 2326 1972 2391 mulieres
2020 2327 2470 2410 appellantur,
2531 2349 2677 2410 quae

367 2435 526 2499 nihil
573 2441 904 2516 rogantur,
966 2437 1124 2518 ipsae
1172 2436 1340 2498 alios
1388 2441 1624 2516 rogant
1671 2437 1736 2497 et
1782 2433 2104 2514 quosdam
2152 2434 2522 2499 exorabiles
2571 2457 2679 2498 ex-

374 2543 757 2625 periuntur?
826 2551 890 2605 et
961 2563 1076 2606 cur
1144 2542 1457 2606 adversus
1525 2541 1795 2619 liberos,
1864 2562 2141 2623 quorum
2199 2542 2393 2606 nullae
2454 2563 2680 2625 preces

375 2652 752 2734 significatae
801 2659 982 2728 sunt,
1052 2650 1536 2715 inexorabiles?
1604 2651 1805 2731 Atqui
1866 2657 2079 2714 totum
2137 2649 2260 2714 hoc
2306 2652 2679 2715 inexora-

372 2758 590 2821 biles
638 2760 702 2821 in
752 2760 1001 2839 optimo
1049 2759 1275 2822 codice
1311 2757 1362 2820 B
1398 2779 1526 2822 non
1576 2764 1696 2832 est,
1745 2759 1807 2819 in
1857 2779 1985 2840 quo
2036 2756 2334 2821 omnibus
2380 2756 2677 2839 apicibus

374 2868 467 2930 sic
547 2865 885 2929 scribitur:
965 2901 1047 2909 —
1126 2873 1207 2929 et
1275 2887 1315 2929 a
1380 2864 1863 2946 quibusdam
1942 2865 2402 2946 impetrant.
2524 2864 2678 2927 Ad-

374 2995 655 3037 versus
724 2981 797 3036 te
857 2980 932 3036 et
992 2994 1149 3036 rem
1206 2980 1415 3036 tuam
1475 2980 1551 3035 et
1605 2971 1920 3034 liberos
1979 2977 2162 3035 tuos
2227 2970 2678 3035 exorabilis

375 3101 473 3143 es,
566 3080 922 3160 Postquam
971 3103 1010 3143 a
1057 3079 1449 3163 quibusdam
1498 3077 1663 3142 Cato
1713 3078 2021 3142 mulieres
2069 3079 2440 3160 impetrare,
2500 3077 2680 3158 quod

373 3194 638 3269 petant,
708 3187 900 3263 (lixit,
972 3187 1189 3251 subito
1263 3188 1628 3249 orationem
1703 3188 1941 3249 avertit
1997 3185 2079 3248 ad
2140 3206 2338 3249 unum
2397 3185 2679 3266 aliquem
2761 3268 2770 3279 ο

375 3316 452 3358 ex
529 3292 628 3357 his
708 3295 863 3357 viris
908 3286 1239 3358 ‘facilibus
1308 3301 1375 3358 et
1442 3293 1919 3370 exorabilibuS,
2001 3300 2065 3357 et
2144 3294 2209 3355 in
2276 3313 2462 3356 suum
2532 3313 2679 3356 suo-

372 3424 649 3484 rumque
730 3401 1037 3466 damnum
1118 3401 1517 3466 exorabilem
1598 3422 1744 3464 eum
1825 3421 1969 3465 esse
2039 3400 2346 3465 ostendit.
2472 3400 2678 3464 Miror

372 3519 508 3573 tam
565 3494 1038 3585 necessariam,
1108 3517 1243 3573 tam
1304 3516 1634 3592 apertam,
1702 3513 1836 3570 tam
1899 3510 2226 3590 egregiam
2288 3509 2679 3591 scripturam

373 3617 742 3698 neglectam
790 3638 949 3680 esse.
1058 3616 1654 3696 (Weissenbornius
1711 3617 1774 3678 in
1835 3616 2046 3680 altera
2092 3615 2246 3679 edit.
2297 3617 2682 3679 inexora-

373 3724 572 3788 bilis
634 3725 930 3807 scripsit,
1002 3726 1240 3788 omisso
1290 3745 1399 3802 eS,
1466 3723 2067 3804 nominativumque
2130 3743 2249 3806 pro
2307 3725 2682 3788 inexora-

371 3830 589 3894 biles
636 3852 779 3896 esse
828 3830 1092 3911 voluitl)

546 3937 703 4021 Cap.
765 3943 832 4015 5,
903 3944 939 4002 9
1004 3941 1097 4018 (in
1169 3940 1462 4003 oratione
1521 3938 1590 4001 L.
1654 3937 1929 4016 Valerii,
1998 3937 2371 4017 suadentiS‚
2439 3946 2512 4002 ut
2578 3937 2682 4001 lex

372 4046 587 4129 Oppia
654 4046 987 4125 tollatur):
1069 4047 1227 4111 Iam
1298 4046 1498 4109 urbe
1568 4053 1813 4128 capta
1873 4066 1912 4108 a
1971 4044 2233 4109 Gallis
2296 4065 2444 4128 quo
2501 4044 2683 4108 red-

374 4162 643 4236 empta
733 4153 930 4218 urbs
1014 4156 1183 4220 est?
1285 4153 1573 4237 Nempe
1655 4173 1925 4216 aurum
2005 4159 2386 4217 matronae
2456 4187 2541 4198 —-
2608 4153 2680 4214 in

374 4261 794 4343 publicum
855 4263 1401 4326 contulerunt.
1515 4261 1695 4325 Nihil
1757 4261 2060 4324 similiter
2108 4261 2422 4342 scriptum
2467 4280 2678 4342 neque

373 4368 548 4452 apud
620 4368 871 4433 Livium
953 4389 1165 4451 neque
1244 4368 1421 4451 apud
1501 4385 1892 4450 quemquam
1971 4367 2211 4431 bonum
2280 4368 2668 4449 scriptorem
