3230 5282
1457 628 1574 687 531
2229 642 2351 695 Lib.
2390 642 2671 696 XXXVII.

535 809 692 894 Cap.
754 814 863 886 30,
934 813 970 871 2
1032 810 1142 889 (de
1200 810 1411 874 classe
1456 810 1753 874 Romana
1809 811 2196 894 Rhodiaque
2256 821 2322 878 et
2366 814 2672 879 Antiochi

361 917 685 1002 proelium
754 915 1078 996 inituris):
1146 917 1474 981 Robore*
1531 919 1856 982 navium
1926 926 2004 984 et
2072 922 2388 985 virtute
2464 922 2675 985 mili-

363 1033 529 1091 tum
605 1025 950 1088 Romani
1030 1024 1270 1106 longe
1350 1025 1626 1107 regios
1706 1028 2251 1108 praestabant,
2342 1029 2672 1093 Rhodiae

362 1153 610 1196 naves
679 1131 1062 1213 agilitate
1122 1140 1202 1196 et
1261 1131 1434 1197 arte
1492 1133 2137 1215 gubernatorum
2196 1139 2275 1198 et
2321 1137 2676 1202 scientia

366 1243 772 1323 remigum.
886 1238 1208 1303 Perizonii
1266 1241 1405 1305 haec
1463 1249 1567 1306 est
1611 1243 2018 1320 coniectura:
2086 1243 2153 1305 in
2199 1243 2535 1309 codicibus
2581 1244 2672 1308 le-

366 1350 572 1430 gitur:
652 1348 892 1429 longe
954 1347 1314 1412 Rhodios
1372 1350 1876 1431 praestabant
1933 1349 2014 1429 (B
2073 1350 2335 1415 lodios
2397 1351 2647 1432 errore)

363 1458 563 1520 Recte
626 1455 1006 1519 Perizonius
1064 1463 1290 1538 negat,
1358 1458 1425 1520 in
1495 1457 1933 1541 praeparanda
2000 1459 2378 1522 narratione
2435 1460 2649 1542 proeli

362 1565 535 1628 inter
593 1565 921 1628 Romanos
968 1563 1395 1646 Rhodiosque
1465 1572 1532 1629 et
1600 1586 1679 1628 ex
1736 1564 1949 1630 altera
2003 1572 2189 1648 parte
2247 1567 2461 1649 regios
2517 1575 2672 1651 apte

361 1671 583 1735 induci
650 1671 1203 1753 comparationem
1260 1670 1707 1737 Romanorum
1763 1672 2296 1757 Rhodiorumque
2352 1674 2525 1738 inter
2580 1696 2649 1740 se

364 1787 464 1856 ut,
524 1799 656 1859 qua
710 1800 780 1842 re
829 1779 1106 1842 Romani
1151 1778 1443 1844 Rhodios
1490 1780 1783 1857 vicerint,
1832 1780 2090 1844 dicatur
2172 1779 2267 1860 (et
2313 1781 2597 1846 debebat
2642 1805 2676 1848 e

365 1887 693 1950 contrario
756 1886 911 1950 addi
972 1888 1039 1951 in
1095 1887 1308 1952 altero
1370 1886 1666 1951 membro
1729 1887 2199 1968 Romanas);
2264 1909 2485 1952 verum
2544 1911 2673 1954 non

366 2015 400 2057 e
460 1994 732 2076 regios
789 2001 1019 2058 natum
1078 1993 1240 2058 illud
1287 1995 1690 2073 Rhodios,
1762 1993 1876 2059 sed
1938 1996 2419 2078 interpretandi
2478 2017 2678 2062 causa

365 2100 659 2165 additum
708 2101 810 2181 (ut
854 2101 1017 2164 illud
1065 2122 1299 2184 quam
1343 2101 1668 2166 AEtolos
1714 2103 1780 2165 in
1828 2101 2122 2181 XXXVI,
2180 2106 2281 2180 25,
2331 2102 2416 2183 7),
2474 2125 2675 2184 quum

363 2206 583 2272 Livius
651 2208 948 2272 universe
1009 2208 1089 2272 de
1147 2209 1360 2273 tribus
1419 2209 1745 2274 classibus
1808 2210 2172 2274 Romanam
2232 2232 2361 2274 uno
2420 2231 2674 2292 genere,

364 2314 657 2379 Rhodias
744 2315 955 2380 altero
1032 2317 1417 2381 excelluisse
1491 2317 1897 2400 scripsisset,
1995 2318 2193 2398 regiis
2266 2318 2509 2383 nullius
2580 2320 2677 2383 rei

279 2447 282 2452 ·
364 2424 705 2487 tribuisset
761 2425 1238 2506 principatum:
1321 2423 1647 2488 Robore
1730 2425 2057 2489 navium
2134 2430 2211 2488 et
2270 2426 2447 2489 virt.
2512 2426 2674 2489 mil.

366 2532 708 2594 Romani
785 2529 1035 2614 longe
1112 2531 1646 2615 praestabant,
1714 2531 2051 2595 Rhodiae
2124 2552 2370 2596 naves
2432 2533 2678 2613 agili-

368 2645 540 2703 tate
588 2647 709 2704 cet.
1302 2687 1309 2694 .

541 2746 697 2830 Cap.
750 2751 849 2823 31,
902 2753 966 2810 7:
1015 2749 1324 2813 Rhodii
1370 2748 1549 2831 (post
1592 2748 1916 2831 proelium
1960 2747 2193 2812 navale
2240 2748 2323 2811 ad
2371 2747 2680 2830 Myonne-

369 2877 513 2919 sum
572 2876 611 2918 a
675 2855 743 2918 L.
804 2854 1066 2918 AEmilio
1132 2862 1413 2938 praetore
1475 2855 1739 2919 domum
1794 2853 2013 2918 redire
2070 2854 2262 2933 iussi)
2323 2854 2680 2937 impigre

368 2968 880 3045 praevertere
948 2961 1045 3025 ad
1117 2961 1863 3043 traiiciendasque
1935 2962 2221 3043 copias
2295 2962 2670 3026 consulis
2707 2985 2851 3055 (429)

369 3068 724 3153 (Scipionis
769 3067 1299 3151 Hellespontum)
1348 3071 1542 3146 iere,
1590 3076 1848 3150 atque
1896 3088 1987 3131 eo
2032 3089 2358 3151 quoque
2405 3067 2679 3133 functi

371 3176 694 3253 officio,
742 3186 907 3240 tum
956 3176 1265 3241 demum
1312 3175 1682 3241 Rhodum
1727 3174 2069 3239 rediere.
2158 3175 2433 3239 Prorsus
2480 3196 2678 3258 prave

369 3284 612 3348 dicitur
677 3289 1221 3367 praevertere,
1288 3304 1418 3346 non
1488 3282 1752 3358 addito,
1823 3281 1910 3345 ad
1977 3281 2134 3364 quid
2203 3285 2676 3364 praeverterint.

365 3391 706 3456 Particula
771 3412 928 3473 que
985 3413 1105 3456 nec
1172 3393 1239 3457 in
1308 3391 1359 3454 B
1426 3410 1547 3454 nec
1613 3391 1680 3453 in
1750 3387 2274 3454 Drakenborchii
2342 3390 2676 3455 codicibus

368 3499 647 3579 (decem)
708 3498 854 3564 fuit.
967 3499 1284 3563 Detracta
1340 3499 1543 3580 igitur
1597 3517 1732 3560 una
1788 3496 2014 3560 littera
2068 3497 2487 3562 scribendum
2545 3505 2676 3563 est:

366 3606 679 3671 Rhodii
725 3612 1230 3689 praevertere
1288 3604 1383 3670 ad
1427 3603 2005 3670 traiiciendas
2049 3605 2334 3686 copias
2384 3626 2678 3670 consu-

365 3714 472 3779 lis
519 3714 662 3793 irc,
712 3719 958 3796 atque
1005 3719 1127 3777 cet.

539 3819 695 3905 Cap.
747 3825 857 3900 35,
929 3824 964 3885 3
1030 3819 1128 3901 (in
1171 3819 1479 3884 Antiochi
1541 3819 1912 3900 legatorum
1974 3819 2273 3883 oratione
2322 3819 2402 3883 de
2449 3819 2674 3902 pace):

368 3951 532 4005 eas,
581 3951 750 4011 quae
796 3931 874 3993 in
918 3928 1120 3992 Asia
1166 3928 1356 4005 sint,
1403 3927 1816 3991 civitates
1864 3926 2326 4009 (Lampsacum
2375 3933 2441 3991 et
2485 3927 2678 3991 Alex-

365 4036 668 4100 andriam
714 4036 1064 4117 Troadem)
1124 4034 1474 4099 tradere
1538 4031 1812 4116 (regem)
1876 4041 2264 4116 paratum
2311 4054 2536 4113 esse,
2606 4040 2684 4097 et

366 4145 436 4207 si
482 4164 689 4225 quas
737 4144 953 4208 alias
998 4143 1371 4218 Romani,
1441 4140 1659 4222 quod
1719 4161 2055 4205 suarum
2102 4142 2472 4223 partium
2514 4141 2681 4205 fue-

367 4250 558 4330 rint,
603 4250 1044 4315 vindicare
1091 4251 1187 4315 ab
1234 4248 1596 4331 imperio
1644 4248 1883 4330 regio
1929 4247 2222 4312 velint.
2314 4246 2536 4313 Codex
2579 4246 2676 4311 M:

367 4376 577 4438 quas
661 4378 1001 4422 suarum
1081 4357 1451 4439 partium
1532 4354 2014 4432 ediderant,
2071 4354 2278 4437 ‚quod
2357 4355 2497 4418 iure
2573 4354 2679 4416 vix

369 4464 647 4527 credunt
693 4486 772 4528 ex
817 4465 1025 4529 altero
1073 4464 1185 4557 illo
1232 4470 1448 4527 ortum
1496 4484 1669 4541 esse:
1739 4461 1914 4543 quod
1975 4470 2196 4526 autem
2259 4460 2510 4544 aliquid
2556 4460 2677 4525 sub

141 4712 1781 5194 βψ
