3230 5282
453 2823 593 2890 (507)

630 575 754 631 Lib.
791 577 936 631 XLI.
1718 569 1787 630 6]
1803 570 1841 630 6

631 772 830 827 muS‚
881 751 1477 834 consultantes,
1547 759 1691 831 cet„
1735 754 1862 819 nisi
1931 754 2109 838 quod
2164 754 2486 819 violenter
2549 754 2810 820 fuisse
2853 755 2917 819 in

631 857 662 921 f
673 859 929 922 nimus
994 845 1304 925 inutatur.
1395 860 1642 926 Eadem
1708 862 1945 927 lacuna
1990 868 2079 927 set
2160 863 2519 946 superioris
2587 864 2919 928 sententiae

631 965 826 1030 finem
872 974 938 1031 et
982 967 1177 1033 huius
1221 969 1481 1034 initium
1526 969 1775 1050 hausit;
1820 969 1959 1034 haec
2006 973 2178 1036 enim
2212 972 2530 1037 orationis
2575 971 2785 1037 forma
2826 971 2919 1035 fu-

632 1080 807 1139 erat:
855 1084 941 1139 ut
983 1075 1348 1161 Philippi
1393 1078 1764 1158 iniuriaS‚
1810 1079 1875 1143 si
1922 1100 2088 1162 quae
2133 1079 2350 1144 forte
2395 1078 2747 1157 fuerunt,
2797 1078 2920 1143 ob·

633 1190 984 1248 scurent.
1073 1184 1589 1265 Meministis,
1640 1207 1873 1269 quum
1920 1187 2218 1252 classis
2265 1188 2339 1252 R.
2389 1186 2451 1252 C.
2507 1193 2798 1266 staret,
2842 1222 2922 1231 —

630 1291 985 1356 triduum
1051 1315 1188 1359 nos
1243 1296 1320 1359 in
1379 1294 1737 1360 concilio
1794 1293 2079 1374 fuisse,
2139 1302 2262 1360 cet.
2354 1295 2663 1377 Sequitur
2708 1293 2769 1377 (ξ
2822 1295 2918 1373 14)

631 1421 813 1466 error
855 1423 925 1467 re
971 1424 1235 1486 parvus,
1281 1403 1366 1467 ad
1413 1405 1752 1469 sententiae
1799 1404 2266 1469 detrimentum
2309 1426 2436 1468 non
2499 1425 2768 1487 parvus;
2835 1405 2921 1468 sic

632 1511 804 1575 enim
852 1511 1191 1577 scribitur:
1259 1511 1417 1576 fuit
1485 1518 1709 1577 certe
1775 1518 2038 1577 tamen
2087 1512 2436 1596 aliquid,
2500 1499 2717 1595 'quod
2774 1519 2924 1576 tam

630 1618 945 1702 longam
1024 1619 1705 1686 deliberationem
1780 1620 2091 1685 faceret
2171 1620 2340 1701 (cod.
2409 1619 2779 1700 fecerat),
2845 1619 2923 1683 id

632 1728 840 1811 quod
907 1734 1083 1793 erat
1151 1735 1479 1795 vetusta
1525 1729 1696 1811 (cod.
1743 1729 2189 1811 vetustate)
2240 1730 2718 1794 coniunctio
2766 1749 2923 1792 cum

630 1834 1268 1916 Macedonibus‚'
1309 1845 1589 1904 vetera
1658 1844 1734 1902 et
1778 1857 2062 1918 magna
2118 1838 2196 1901 in
2252 1858 2396 1902 nos
2442 1858 2712 1920 regum
2760 1835 2921 1918 (cod.

632 1965 820 2009 reru
840 1944 928 2025 m)
1007 1948 1319 2012 merita.
1430 1946 1826 2012 Pravissime
1906 1966 2055 2010 cum
2134 1944 2391 2010 infinita
2468 1945 2925 2011 adfirmatione

632 2052 1005 2136 (aliquid)
1073 2077 1190 2138 per
1258 2055 1336 2120 id
1403 2055 1611 2138 quod
1681 2054 1923 2138 (ipsum
1978 2053 2210 2118 vitiose
2256 2055 2577 2137 positum,
2624 2056 2923 2136 quoniam

632 2183 761 2226 non
808 2162 892 2228 ad
935 2163 1368 2246 praedicatum
1413 2171 1702 2229 totamve
1740 2162 2130 2228 sententiam
2165 2160 2473 2243 refertur)
2511 2164 2927 2247 coniungitur

640 2277 834 2335 certae
879 2272 977 2336 rei
1023 2271 1496 2337 demonstratio
1560 2270 1943 2354 (aliquid,
1998 2268 2066 2334 id
2112 2270 2372 2354 quod).
2463 2271 2739 2335 Rectam
2785 2292 2925 2337 ora-

630 2378 829 2442 tionis
875 2377 1153 2444 formam
1198 2379 1439 2445 efficiet
1483 2402 1614 2445 una
1658 2380 1883 2445 littera
1939 2385 2005 2443 et
2062 2378 2254 2443 simul
2300 2380 2742 2463 interpunctio
2792 2401 2924 2444 mu-

631 2492 800 2551 tata:
867 2486 1024 2551 fuit
1068 2508 1122 2552 c.
1168 2495 1215 2553 t.
1263 2488 1608 2571 aliquid,
1675 2488 1887 2571 quod
1945 2493 2104 2552 tam
2144 2486 2467 2570 longam
2513 2485 2922 2552 delibera-

629 2595 926 2660 tionem
971 2594 1305 2663 faceret.
1395 2597 1483 2662 Id
1529 2596 1988 2683 quid-erat?
2059 2595 2407 2661 Vetusta
2445 2595 2922 2662 coniunctio

630 2724 682 2767 c.
730 2703 923 2769 Mac.
971 2704 1166 2786 cet.¹)

800 2810 955 2898 Cap.
1005 2817 1104 2893 26,
1155 2818 1191 2879 3
1238 2823 1303 2880 et
1348 2820 1386 2879 4
1433 2814 1540 2897 (de
1585 2815 1896 2881 Romanis
1933 2811 2294 2878 Celtiberos
2334 2819 2551 2878 castra
2584 2834 2921 2896 aggressos

625 2923 963 3006 eruptione
1042 2922 1220 2988 facta
1297 2922 1824 3007 repellentibus):
1916 2920 2326 3003 Urgentes
2405 2920 2700 2986 deinde
2781 2920 2921 2986 alii

635 3031 804 3112 (cod.
852 3032 1039 3113 alia)
1085 3031 1294 3096 alios
1342 3032 1611 3096 secuti
1660 3037 2098 3096 evaserunt
2143 3027 2311 3107 (cod.
2371 3036 2924 3095 secuteevase·

623 3139 836 3221 runt)
885 3148 1118 3205 extra
1161 3139 1488 3215 vallum,
1546 3146 1631 3204 ut
1677 3137 2029 3223 pandere
2089 3139 2340 3202 aciem
2386 3144 2462 3201 et
2508 3137 2922 3220 exaequari

627 3248 1010 3313 cornibus
1057 3247 1225 3329 (cod.
1275 3249 1668 3331 exe-quari
1715 3222 2159 3328 circuibas)
2200 3245 2590 3324 hostibuS,
2637 3246 2921 3329 quibus

677 3502 728 3567 ¹)
765 3500 797 3571 ᾖ
834 3504 867 3555 6
901 3502 1261 3572 Kreyssigins
1314 3520 1502 3556 veram
1555 3503 1892 3571 scripturam
1937 3500 2184 3555 restituit
2240 3500 2350 3569 (Ac
2388 3501 2641 3555 sc‘imus
2675 3499 2837 3555 Pers
2851 3516 2919 3555 ea

764 3604 988 3656 regno
1027 3594 1322 3657 accepto
1360 3602 1591 3657 regem
1639 3606 1671 3641 a
1705 3608 1760 3658 p.
1800 3588 1871 3642 R.
1911 3587 2375 3658 appellatum;
2433 3586 2767 3653 audimus,
2821 3587 2913 3639 le-

763 3681 958 3745 gatos
1011 3675 1355 3729 Romanos
1409 3675 1688 3728 venisse
1744 3672 1824 3727 ad
1876 3689 2110 3742 regem
2165 3677 2233 3727 et
2288 3689 2405 3726 eos
2459 3672 2765 3740 benigne
2804 3689 2913 3724 ex·

764 3759 1040 3831 ceptos)‚
1098 3766 1351 3815 correcto
1404 3760 1621 3814 librarii
1672 3775 1879 3826 errore,
1917 3759 2012 3827 qui
2048 3759 2219 3812 verba
2254 3758 2524 3826 legatos
2578 3756 2912 3810 Romanos

765 3848 1037 3902 venisse
1089 3845 1170 3899 ad
1221 3863 1448 3916 regem
1498 3844 1585 3898 bis
1642 3844 1894 3912 scripsit,
1948 3844 2191 3911 primum
2228 3843 2409 3896 alieno
2448 3843 2575 3896 loco
2622 3842 2776 3911 (post
2812 3860 2910 3896 ac-

765 3932 998 4002 cepto),
1052 3931 1251 3985 deinde
1316 3949 1433 3986 suc.
1506 3930 1610 3999 Qui
1658 3930 1767 3983 alia
1812 3934 2131 3995 tentarunt,
2176 3945 2353 3997 neque
2399 3928 2599 3982 erroris
2645 3929 2912 3996 originem

764 4019 1024 4073 viderunt
1059 4034 1238 4086 neque
1273 4017 1542 4071 orationis
1578 4016 1729 4069 inter
1779 4014 1890 4068 duo
1926 4014 2097 4068 verba
2151 4013 2424 4082 (scimus
2477 4020 2534 4068 et
2581 4012 2911 4077 audimus)

766 4104 1082 4158 distributas
1122 4103 1516 4170 aequalitatem.
1592 4100 1748 4155 Idem
1783 4098 1815 4169 ξ
1851 4102 1886 4155 8
1920 4106 2074 4154 recte
2129 4100 2410 4168 subegit
2461 4117 2561 4169 pro
2616 4099 2912 4153 subiecit

766 4189 1006 4259 scripsit,
1059 4193 1340 4256 postremo
1396 4185 1428 4256 ξ
1469 4191 1549 4255 18,
1583 4190 1901 4256 permutata
1952 4185 2187 4240 duarum
2232 4202 2433 4239 vocum
2480 4184 2610 4240 sede
2647 4184 2778 4251 (vid.
2821 4201 2905 4236 su·

764 4292 866 4344 pra
899 4291 955 4342 p.
997 4272 1143 4341 491):
1184 4274 1456 4328 etiamsi
1501 4291 1635 4327 non
1679 4270 2045 4326 finiuntur
2095 4271 2274 4338 odia,
2320 4272 2902 4325 intermittantur.

764 4359 1216 4414 Weissnbornius
1268 4359 1525 4413 omnibus
1579 4358 1664 4412 his
1717 4358 1857 4412 locis
1909 4374 2023 4411 non
2075 4363 2227 4411 recte
2277 4354 2663 4425 Kreyssigium
2717 4356 2907 4409 ducem

764 4445 1021 4500 deseruit.
