3230 5282
1449 634 1530 699 55
2095 684 2096 687 η
2436 645 2563 702 Lib.
2597 644 2641 701 1.

333 824 544 892 satis
610 823 834 902 dare,
915 822 1123 887 satis
1201 826 1483 905 petere
1550 820 1822 886 damni
1887 820 2180 886 infecti
2249 826 2317 886 et
2381 819 2641 900 similia,

331 933 635 1019 genetivo
702 929 1200 997 accommodato
1267 929 1355 995 ad
1410 951 1646 995 novam
1699 930 2039 996 notionem
2092 930 2374 997 nominis
2418 929 2643 1010 satiS,

332 1042 512 1127 quod
579 1042 641 1108 si
704 1062 842 1107 non
906 1041 1124 1124 ipsum
1189 1039 1367 1123 apud
1423 1036 1807 1105 Ciceronem
1875 1038 2120 1104 excidit
2187 1037 2395 1122 (quod
2450 1037 2645 1104 vehe-

334 1157 591 1217 menter
647 1148 1006 1234 suspicor),
1077 1146 1314 1213 saltem
1374 1168 1454 1213 ex
1511 1146 1628 1213 illo
1685 1168 1808 1213 usu
1856 1148 2098 1226 (satis
2155 1147 2643 1232 promittere

330 1260 603 1325 damni
649 1255 968 1340 infecti)
1005 1256 1270 1322 brevior
1291 1255 1411 1321 illa
1431 1255 1679 1322 locutio
1705 1262 1856 1322 orta
1877 1262 2008 1336 est3
2055 1257 2124 1321 in
2157 1255 2646 1321 condicendi

330 1368 531 1435 verbo
602 1367 771 1433 nihil
837 1372 941 1431 est
1006 1364 1236 1430 simile.
1358 1363 1662 1443 Accedit,
1741 1363 1922 1449 quod
1990 1365 2318 1429 communi
2380 1385 2645 1430 rerum

331 1476 662 1544 vocabulo
721 1480 875 1559 apte
933 1472 1401 1558 superadditur
1456 1472 1664 1556 magis
1708 1454 2048 1557 proprium
2092 1473 2363 1538 litium
2406 1494 2648 1539 nomen

333 1587 429 1667 (in
484 1607 624 1670 quo
681 1586 751 1649 in
804 1589 1089 1648 mentem
1144 1582 1327 1648 venit
1370 1602 1517 1646 cum
1560 1581 1701 1646 risu
1744 1582 2032 1647 inductae
2076 1602 2118 1646 a
2163 1579 2478 1647 Cicerone
2523 1603 2644 1666 pro

330 1694 611 1760 Murena
667 1713 720 1757 c.
787 1694 863 1755 12
934 1690 1342 1774 quaestioniS,
1409 1711 1572 1755 rem
1640 1710 1726 1755 an
1782 1689 2006 1755 litem
2075 1690 2203 1755 dici
2261 1690 2648 1774 oporteret),

328 1803 548 1869 minus
596 1807 775 1885 apte,
823 1798 1003 1882 quod
1048 1799 1211 1864 iuris
1256 1799 1598 1883 proprium
1642 1819 1777 1864 non
1822 1804 1919 1864 est
1950 1799 2019 1863 in
2052 1797 2175 1863 hac
2211 1804 2646 1864 controversae

331 1913 427 1978 rei
484 1908 1000 1994 significatione,
1067 1927 1507 1972 causarum.
1608 1907 1871 1989 Itaque,
1940 1907 2064 1972 etsi
2111 1905 2375 1972 difficile
2421 1912 2525 1972 est
2569 1908 2651 1973 de

329 2017 719 2085 huiusmodi
792 2014 1125 2081 veteribus
1205 2014 1549 2081 verborum
1627 2014 1925 2080 formulis
2006 2014 2348 2094 iudicium,
2427 2021 2649 2081 tamen

333 2127 525 2193 valde
573 2126 899 2209 suspicor,
948 2123 1203 2188 Livium
1249 2125 1628 2207 scripsisse:
1676 2144 2006 2207 quarum
2050 2143 2332 2205 rerum,
2377 2124 2652 2190 litium

333 2255 586 2301 causa
669 2231 1042 2298 condixit
1118 2238 1354 2316 pater
1419 2238 1805 2317 patratus
1875 2239 2034 2312 cet.,
2113 2232 2359 2298 codicis
2427 2240 2651 2299 autem

332 2343 681 2428 archetypi
737 2340 1021 2407 scribam
1073 2337 1402 2423 frequenti
1460 2340 1725 2406 errandi
1769 2361 2005 2423 genere
2051 2340 2205 2422 (vid.
2253 2363 2541 2426 prooem.
2588 2367 2651 2429 p.

339 2452 443 2535 lo)
505 2451 602 2517 ad
659 2449 826 2515 duos
872 2449 1204 2533 genetivos
1249 2450 1388 2514 sine
1433 2450 1890 2514 coniunctione
1936 2450 2188 2534 positos
2233 2452 2502 2516 tertium
2547 2472 2651 2517 ac-

331 2559 816 2628 commodasse.
924 2557 1208 2641 Propter
1258 2578 1364 2622 res
1410 2563 1477 2622 et
1520 2557 1675 2622 lites
1720 2556 2097 2623 condictum
2140 2565 2314 2639 erat,
2360 2559 2484 2625 hoc
2530 2567 2650 2639 est,

334 2670 775 2754 postulatum,
833 2673 907 2732 ut
952 2665 1397 2747 satisfieret.¹)
1506 2665 1716 2732 Paulo
1762 2673 1912 2752 post
1957 2664 2019 2750 (ἓ
2072 2667 2208 2749 12),
2267 2667 2379 2733 ubi
2427 2668 2651 2735 Livius

333 2777 603 2845 hastam
660 2798 702 2840 a
754 2775 965 2841 fetiali
1032 2777 1101 2839 in
1156 2774 1442 2840 hostium
1498 2775 1664 2840 fines
1718 2776 1896 2840 mitti
1951 2776 2020 2840 in
2075 2775 2248 2841 bello
2305 2775 2652 2845 indicendo

338 2888 610 2953 solitam
675 2889 1142 2950 commemorat
1220 2881 1567 2964 (hastam
1644 2882 2043 2949 ferratam
2121 2890 2260 2949 aut
2326 2887 2654 2968 sangui-

337 3016 565 3061 neam
613 3013 828 3078 praeu
844 2991 1107 3073 stam),
1163 3011 1499 3074 nunquam
1542 2979 1924 3075 intellegere
1970 2993 2176 3075 potui,
2223 3013 2355 3074 qua
2396 2994 2654 3059 ratione

334 3102 546 3169 hastae
594 3101 859 3167 ferratae
902 3102 1236 3166 contraria
1278 3107 1637 3185 poneretur
1679 3101 2070 3183 sanguinea,
2128 3101 2261 3165 sive
2307 3121 2413 3179 ea,
2473 3102 2650 3184 quod
2685 3107 2793 3177 (46)

339 3220 406 3276 et
445 3232 559 3277 res
608 3211 757 3294 ipsa
799 3208 1140 3293 postulare
1185 3209 1446 3274 videtur
1490 3214 1558 3273 et
1590 3208 1917 3274 Ammiani
1951 3207 2315 3273 Marcellini
2361 3208 2656 3274 eiusdem

340 3321 507 3385 ritus
558 3316 954 3402 significatio
1000 3316 1206 3399 (XIX,
1260 3325 1322 3380 1:
1381 3315 1625 3381 hasta
1667 3318 2062 3400 sanguine
2108 3314 2448 3396 infecta;
2504 3338 2656 3383 nam

339 3435 472 3510 δόρυ
540 3431 846 3507 αἱματῶδες
902 3425 1082 3509 apud
1139 3425 1417 3490 Dionem
1473 3422 1772 3490 Cassium
1833 3425 2072 3504 LXXI,
2143 3428 2223 3490 33
2281 3425 2656 3510 ambiguum

343 3539 487 3618 est),
547 3540 827 3600 cruenta
870 3533 1290 3617 intellegitur,
1339 3533 1665 3615 quomodo
1712 3535 2208 3616 sanguineus
2253 3533 2432 3618 apud
2480 3534 2657 3601 solos

344 3653 580 3729 poetas
627 3643 871 3709 dictum
914 3642 1204 3726 reperi0,
1264 3642 1397 3706 sive
1455 3643 1797 3726 sanguinei
1852 3642 2090 3708 coloris
2150 3640 2656 3728 (blutfarbig,

342 3774 471 3819 non
515 3735 1099 3834 blut⁰gefarbtk
1145 3771 1299 3815 nam
1342 3751 1674 3815 cruentari
1720 3749 2015 3816 coloreve
2060 3750 2236 3815 infici
2279 3772 2410 3816 non
2443 3753 2658 3818 minus

344 3860 596 3927 ferrata
638 3860 839 3926 hasta
881 3865 1164 3944 poterat.
1265 3858 1429 3924 Tum
1477 3860 1609 3924 sive
1656 3858 2180 3942 sanguineam
2224 3866 2661 3943 praeustam

344 3991 476 4035 una
517 3970 789 4035 notione
833 3965 1370 4051 comprehendas,
1413 3968 1659 4046 nescio,
1706 3967 1865 4050 quid
1909 3973 2198 4052 praeusta
2239 3966 2438 4033 hasta
2481 3991 2660 4035 com·

347 4099 541 4144 mune
587 4076 832 4142 habeat
877 4097 1025 4141 cum
1071 4077 1463 4160 sanguinea,
1523 4077 1678 4156 sive,
1736 4075 1915 4158 quod
1958 4075 2399 4141 membrorum
2444 4099 2660 4161 sequa-

346 4185 503 4252 litas
582 4183 820 4251 suadet
884 4189 952 4249 et
1017 4183 1219 4266 cogit,
1296 4189 1668 4268 praeustae
1733 4182 2096 4268 appellatio
2161 4184 2249 4249 ad
2314 4191 2659 4270 utramque

407 4441 454 4506 ¹)
490 4438 701 4510 [Minus
751 4438 1045 4510 probabile
1098 4437 1344 4506 videtur,
1397 4439 1550 4508 quod
1600 4439 1702 4493 Th.
1756 4440 2028 4510 Bergkius
2083 4458 2442 4498 causarum
2497 4456 2659 4509 ergo

486 4526 659 4581 scribi
692 4523 911 4595 voluit-J
