3230 5282
1455 593 1536 656 99
2388 610 2513 666 Lib.
2551 611 2648 665 111.

329 775 645 855 reddere,
725 775 1280 861 quemadmodum
1367 776 1625 858 fabula,
1714 799 2134 863 responsum,
2225 782 2650 863 consuetudo,

330 891 589 949 veteres
634 889 815 949 artes
859 882 1090 948 referri
1135 884 1461 949 dicuntur.
1553 884 1682 951 Sed
1728 906 1806 950 ea
1851 885 2240 969 significatio
2285 910 2419 954 non
2460 889 2651 955 valde

333 998 492 1075 apta
537 997 674 1071 est3
739 990 1094 1056 videndum
1152 992 1385 1075 igitur,
1451 1013 1535 1057 ne
1579 992 1803 1058 Livius
1860 992 2234 1077 perferes
2293 996 2652 1080 scripserit,

334 1096 892 1180 quemadmodum
934 1098 1042 1163 lex
1086 1099 1429 1182 perfertur.
1520 1097 1837 1182 (1861.)¹)

508 1203 670 1291 Cap.
700 1210 799 1285 50,
852 1210 931 1297 lO
978 1204 1119 1287 (ubi
1167 1206 1248 1271 de
1293 1209 1535 1291 togatis
1583 1208 1820 1290 agitur,
1868 1209 1981 1291 qui
2025 1199 2176 1292 post
2223 1209 2466 1275 caedem
2489 1211 2649 1277 Ver-

332 1315 526 1398 giniae
596 1335 676 1378 ex
739 1314 903 1379 urbe
970 1315 1323 1379 incastra
1379 1302 2093 1397 venerant):'eadem
2159 1315 2310 1381 illa
2366 1318 2538 1400 (quae
2584 1320 2652 1383 in

333 1421 500 1487 urbe
546 1420 977 1501 accidissent)
1035 1422 1445 1502 querendo
1493 1421 2062 1507 docendoque,
2123 1430 2430 1506 quanto
2476 1427 2653 1491 visa

332 1550 570 1614 quam
651 1529 940 1594 audita
1006 1527 1478 1613 indigniora
1544 1531 1977 1613 potuerint
2044 1530 2319 1596 videri.
2432 1531 2651 1610 Quum

329 1659 471 1702 rem
516 1644 841 1716 atrocem,
913 1638 1017 1700 cui
1061 1636 1189 1721 ipsi
1233 1636 1670 1717 interfuimus,
1717 1637 1866 1702 aliis
1911 1660 2274 1718 narramus,
2344 1639 2652 1705 docemus

331 1766 478 1808 eam
543 1743 751 1809 oculis
809 1743 1173 1809 subiectam
1219 1765 1416 1826 quam
1462 1745 1760 1810 auditam
1803 1744 2239 1829 indigniorem
2286 1753 2403 1811 aut
2446 1748 2653 1812 visam

331 1873 480 1917 esse
527 1856 647 1917 aut
691 1871 955 1917 necesse
1002 1850 1204 1916 fuisse
1249 1850 1490 1932 videri3
1536 1853 1913 1935 potuisse
1960 1851 2166 1917 videri
2199 1852 2652 1936 indigniorem,
2722 1934 2727 1938 .

327 1958 497 2024 nihil
542 1965 666 2038 est,
725 1957 901 2041 quod
947 1958 1322 2038 doceamus,
1369 1960 1681 2041 quoniam
1726 1960 1794 2023 id
1840 1959 1926 2024 ad
1971 1981 2109 2024 rem
2153 1956 2318 2024 nihil
2364 1963 2654 2044 pertinet

326 2076 398 2132 et
468 2088 590 2151 per
658 2087 726 2132 se
796 2066 1221 2151 intellegitur.
1333 2067 1565 2150 Itaque
1622 2066 1984 2132 absurdum
2040 2073 2141 2132 est
2196 2070 2640 2150 potuerint,
2680 2077 2788 2147 (82)

326 2174 514 2259 quod
570 2195 770 2256 quum
813 2174 1387 2240 Weissenbornius
1448 2175 1673 2259 aliqua
1731 2196 1809 2238 ex
1866 2182 2054 2259 parte
2112 2177 2416 2254 sentiret,
2474 2176 2650 2255 fecit,

325 2281 510 2365 quod
577 2282 845 2366 saepiu8‚
915 2302 1113 2364 quam
1179 2281 1441 2362 vellem,
1511 2283 1578 2346 in
1647 2281 1893 2347 talibus
1963 2279 2154 2362 facit,
2223 2289 2297 2346 ut
2368 2283 2654 2348 occultet

327 2388 796 2454 difficultatem
875 2389 1315 2456 enarrationis
1397 2388 1622 2474 aliqua
1690 2390 1943 2473 specie,
2023 2388 2188 2455 locis
2257 2389 2652 2472 quibusdam

324 2497 525 2580 quasi
592 2495 916 2567 similibus
974 2498 1361 2581 adscriptiS‚
1429 2498 1497 2560 in
1554 2496 1822 2579 quibuS,
1891 2493 1953 2561 si'
2003 2496 2379 2580 diligentius
2436 2502 2651 2562 atten-

333 2604 546 2685 deris,
603 2603 766 2669 nihil
813 2610 913 2670 est
960 2601 1191 2669 simile.
1294 2604 1463 2670 Nam
1522 2605 1951 2688 potuerint
2004 2603 2513 2689 interpretatur:
2584 2625 2653 2670 es

327 2713 504 2796 liege
563 2713 632 2777 in
692 2711 808 2776 der
851 2710 1067 2775 Natur
1114 2712 1230 2776 der
1276 2710 1516 2793 Sache3
1574 2712 1761 2795 atqui
1808 2710 2192 2777 vertendum
2240 2712 2429 2795 plene
2478 2719 2651 2777 erat:

329 2842 404 2886 es
446 2819 620 2902 liege
665 2820 733 2883 in
779 2818 896 2883 der
940 2818 1153 2884 Natur
1200 2819 1317 2883 der
1364 2817 1595 2897 Sache,
1646 2818 1801 2884 dass
1849 2840 1919 2884 es
1965 2807 2136 2884 habe
2180 2855 2269 2864 —
2312 2818 2649 2896 konnen,

327 2927 512 3011 quod
591 2926 941 2991 ridiculum
1019 2933 1150 2992 est:
1226 2928 1583 3010 requiritur
1669 2928 1869 2990 enim:
1949 2925 2103 2991 dass
2183 2948 2252 2992 es
2329 2926 2502 2991 habe
2568 2962 2653 2970 —

327 3040 675 3100 miissen.
790 3032 979 3110 Quod
1028 3041 1248 3098 autem
1296 3040 1638 3117 comparat
1681 3033 1762 3114 Π,
1815 3037 1909 3112 16,
1971 3037 2040 3097 6:
2108 3041 2193 3098 ut
2252 3033 2383 3099 diu
2440 3033 2651 3098 nihil

327 3143 519 3208 inde
577 3141 1085 3206 rebellionis
1142 3142 1435 3206 timere
1493 3147 1860 3225 possent,
1921 3141 1992 3205 id
2047 3141 2217 3205 hanc
2261 3140 2464 3206 habet
2509 3162 2652 3206 sen-

325 3251 638 3315 tentiam:
689 3254 766 3313 ut
808 3248 1103 3312 liceret
1149 3248 1261 3313 diu
1304 3249 1683 3313 rebellionis
1729 3255 1911 3312 metu
1959 3249 2405 3332 supersedere.
2474 3247 2654 3312 Nihil

324 3359 538 3442 igitur
614 3357 684 3420 in
765 3377 841 3419 eo
918 3355 1064 3420 loco
1132 3354 1330 3421 huius
1399 3355 1647 3436 simile3
1729 3355 1987 3438 reliqua
2064 3377 2195 3421 non
2273 3376 2651 3439 persequor.

329 3464 622 3549 Scripsit
677 3463 932 3528 Livius:
1004 3469 1307 3546 quanto
1361 3463 1965 3547 —indigniora
2031 3462 2472 3542 oportuerit
2536 3464 2651 3526 vi-

389 3692 438 3756 ¹)
476 3690 609 3759 Cap.
665 3693 758 3756 44,
821 3691 856 3742 8
913 3692 1067 3742 recte
1119 3686 1496 3756 Ingerslevius
1561 3687 1879 3742 orationem
1929 3687 2010 3740 sic
2055 3686 2380 3755 descripsit:
2437 3686 2655 3740 Vocat

471 3775 776 3845 puellam
813 3773 881 3827 in
915 3773 1034 3826 ius.
1115 3773 1554 3839 Auctoribus,
1605 3772 1719 3841 qui
1765 3772 2079 3838 aderant,
2124 3776 2199 3826 ut
2234 3775 2653 3840 sequeretur,

472 3860 556 3914 sd
593 3858 910 3914 tribunal
954 3857 1163 3927 Appii
1219 3862 1624 3926 perventum
1675 3861 1792 3911 est.
1876 3855 2139 3910 Postulat
2189 3859 2459 3922 assertor3
2514 3873 2649 3910 con·

471 3944 809 4001 cedentibus
859 3943 1193 3998 adversariis
1231 3941 1331 4012 fit,
1377 3942 1532 4011 quod
1566 3942 1900 4011 postularat.
1982 3939 2113 4011 Cap.
2149 3943 2234 4008 49,
2272 3942 2307 3994 6
2342 3940 2498 4010 quod
2530 3941 2656 4010 ipse

473 4029 839 4085 scribendum
892 4029 1268 4083 conieceram:
1323 4029 1659 4096 Agitatus
1706 4026 1954 4081 deinde
2003 4027 2346 4093 consiliis,
2401 4027 2471 4079 sd
2527 4041 2655 4093 que

475 4134 557 4170 ex
614 4114 801 4168 omni
855 4118 1054 4183 parte
1099 4112 1554 4169 adsentiendo
1601 4111 1835 4166 multis
1880 4112 2284 4166 auctoribus
2329 4109 2648 4180 trepida-

471 4203 697 4266 verat,
744 4203 1056 4253 senatum
1103 4204 1450 4268 postremo
1501 4197 1735 4251 vocari
1773 4197 2009 4265 iussit,
2053 4201 2255 4266 postea
2289 4196 2359 4248 ab
2398 4194 2651 4250 Strothio

474 4288 818 4354 occupatum
863 4283 994 4338 vidi.
1086 4283 1152 4339 In
1205 4284 1464 4338 codicum
1516 4282 1796 4351 scriptura
1853 4282 1980 4349 (etsi
2033 4286 2236 4351 atque
2290 4297 2489 4349 reapse
2533 4294 2648 4333 non

473 4369 665 4424 differt
701 4372 772 4424 ab
810 4369 892 4422 ad
928 4368 1096 4438 quse)
1131 4368 1561 4438 perversissima
1596 4372 1686 4421 est
1723 4366 1996 4421 orationis
2030 4366 2382 4436 progressiO,
2429 4380 2655 4434 perver-

474 4456 755 4510 sissimum
791 4453 1416 4524 plusquamperfectum.
