<?xml version="1.0" encoding="UTF-8"?>
<!DOCTYPE html PUBLIC "-//W3C//DTD XHTML 1.0 Transitional//EN"
    "http://www.w3.org/TR/xhtml1/DTD/xhtml1-transitional.dtd">
<html xmlns="http://www.w3.org/1999/xhtml" xml:lang="en" lang="en">
 <head>
  <title>
</title>
<meta http-equiv="Content-Type" content="text/html;charset=utf-8" />
  <meta name='ocr-system' content='tesseract 3.04.00' />
  <meta name='ocr-capabilities' content='ocr_page ocr_carea ocr_par ocr_line ocrx_word'/>
</head>
<body>
  <div class='ocr_page' id='page_1' title='image "./emendationesliv03madvgoog_0282.png"; bbox 0 0 3230 5282; ppageno 0'>
   <div class='ocr_carea' id='block_1_1' title="bbox 623 609 1839 675">
    <p class='ocr_par' dir='ltr' id='par_1_1' title="bbox 623 609 1839 675">
     <span class='ocr_line' id='line_1_1' title="bbox 623 609 1839 675; baseline -0.005 0"><span class='ocrx_word' id='word_1_1' title='bbox 623 621 748 675; x_wconf 76' lang='lat' dir='ltr'><strong>Lib.</strong></span> <span class='ocrx_word' id='word_1_2' title='bbox 777 612 932 673; x_wconf 80' lang='lat' dir='ltr'><strong>XXI.</strong></span> <span class='ocrx_word' id='word_1_3' title='bbox 1716 609 1839 669; x_wconf 80' lang='lat'><strong>272</strong></span> 
     </span>
    </p>
   </div>
   <div class='ocr_carea' id='block_1_2' title="bbox 448 791 2944 4201">
    <p class='ocr_par' dir='ltr' id='par_1_2' title="bbox 448 791 2944 4201">
     <span class='ocr_line' id='line_1_2' title="bbox 622 791 2921 877; baseline 0 -20"><span class='ocrx_word' id='word_1_4' title='bbox 622 792 989 877; x_wconf 74' lang='lat' dir='ltr'>Hispaniae,</span> <span class='ocrx_word' id='word_1_5' title='bbox 1048 793 1115 856; x_wconf 95' lang='lat' dir='ltr'><strong>in</strong></span> <span class='ocrx_word' id='word_1_6' title='bbox 1172 791 1411 875; x_wconf 86' lang='lat' dir='ltr'><strong>quibus</strong></span> <span class='ocrx_word' id='word_1_7' title='bbox 1467 792 1763 858; x_wconf 88' lang='lat' dir='ltr'><strong>nondum</strong></span> <span class='ocrx_word' id='word_1_8' title='bbox 1808 793 2155 877; x_wconf 89' lang='lat' dir='ltr'><strong>quisquam</strong></span> <span class='ocrx_word' id='word_1_9' title='bbox 2202 794 2649 858; x_wconf 89' lang='lat' dir='ltr'><strong>Romanorum</strong></span> <span class='ocrx_word' id='word_1_10' title='bbox 2695 793 2921 877; x_wconf 90' lang='lat' dir='ltr'><strong>pedem</strong></span> 
     </span>
     <span class='ocr_line' id='line_1_3' title="bbox 624 899 2923 984; baseline 0 -19"><span class='ocrx_word' id='word_1_11' title='bbox 624 906 971 984; x_wconf 88' lang='lat' dir='ltr'><strong>posuerat,</strong></span> <span class='ocrx_word' id='word_1_12' title='bbox 1037 922 1079 965; x_wconf 89' lang='lat' dir='ltr'><strong>a</strong></span> <span class='ocrx_word' id='word_1_13' title='bbox 1135 899 1362 966; x_wconf 83' lang='lat' dir='ltr'><strong>Sicilia</strong></span> <span class='ocrx_word' id='word_1_14' title='bbox 1429 907 1496 964; x_wconf 84' lang='lat' dir='ltr'><strong>et</strong></span> <span class='ocrx_word' id='word_1_15' title='bbox 1551 899 1857 965; x_wconf 87' lang='lat' dir='ltr'><strong>Sardinia</strong></span> <span class='ocrx_word' id='word_1_16' title='bbox 1920 902 2233 966; x_wconf 78' lang='lat' dir='ltr'><strong>seiunctae</strong></span> <span class='ocrx_word' id='word_1_17' title='bbox 2292 922 2440 966; x_wconf 91' lang='lat' dir='ltr'><strong>cum</strong></span> <span class='ocrx_word' id='word_1_18' title='bbox 2496 901 2721 966; x_wconf 78' lang='lat' dir='ltr'><strong>Africa</strong></span> <span class='ocrx_word' id='word_1_19' title='bbox 2777 923 2923 966; x_wconf 89' lang='lat' dir='ltr'><strong>con-</strong></span> 
     </span>
     <span class='ocr_line' id='line_1_4' title="bbox 621 1007 2924 1091; baseline 0.001 -19"><span class='ocrx_word' id='word_1_20' title='bbox 621 1009 978 1090; x_wconf 88' lang='lat' dir='ltr'><strong>iungantur</strong></span> <span class='ocrx_word' id='word_1_21' title='bbox 1009 1012 1089 1073; x_wconf 84' lang='lat' dir='ltr'><strong>-et</strong></span> <span class='ocrx_word' id='word_1_22' title='bbox 1134 1007 1218 1072; x_wconf 90' lang='lat' dir='ltr'><strong>ad</strong></span> <span class='ocrx_word' id='word_1_23' title='bbox 1264 1008 1437 1072; x_wconf 93' lang='lat' dir='ltr'><strong>idem</strong></span> <span class='ocrx_word' id='word_1_24' title='bbox 1481 1008 1754 1073; x_wconf 80' lang='lat' dir='ltr'><strong>verbum</strong></span> <span class='ocrx_word' id='word_1_25' title='bbox 1802 1007 2390 1091; x_wconf 76' lang='lat' dir='ltr'><strong>(transcendes)</strong></span> <span class='ocrx_word' id='word_1_26' title='bbox 2425 1008 2815 1089; x_wconf 80' lang='lat' dir='ltr'><strong>referantur,</strong></span> <span class='ocrx_word' id='word_1_27' title='bbox 2862 1018 2924 1074; x_wconf 85' lang='lat' dir='ltr'><strong>et</strong></span> 
     </span>
     <span class='ocr_line' id='line_1_5' title="bbox 621 1115 2923 1202; baseline 0.001 -22"><span class='ocrx_word' id='word_1_28' title='bbox 621 1118 718 1181; x_wconf 91' lang='lat' dir='ltr'><strong>ita</strong></span> <span class='ocrx_word' id='word_1_29' title='bbox 773 1136 813 1180; x_wconf 87' lang='lat' dir='ltr'><strong>a</strong></span> <span class='ocrx_word' id='word_1_30' title='bbox 868 1116 1050 1181; x_wconf 83' lang='lat' dir='ltr'><strong>Livio</strong></span> <span class='ocrx_word' id='word_1_31' title='bbox 1121 1116 1487 1181; x_wconf 89' lang='lat' dir='ltr'><strong>orationem</strong></span> <span class='ocrx_word' id='word_1_32' title='bbox 1558 1117 1988 1199; x_wconf 79' lang='lat' dir='ltr'><strong>compositam</strong></span> <span class='ocrx_word' id='word_1_33' title='bbox 2064 1115 2268 1182; x_wconf 88' lang='lat' dir='ltr'><strong>fuisse</strong></span> <span class='ocrx_word' id='word_1_34' title='bbox 2347 1118 2667 1200; x_wconf 81' lang='lat' dir='ltr'><strong>ostendit,</strong></span> <span class='ocrx_word' id='word_1_35' title='bbox 2749 1119 2923 1202; x_wconf 89' lang='lat' dir='ltr'><strong>quod</strong></span> 
     </span>
     <span class='ocr_line' id='line_1_6' title="bbox 623 1224 2928 1309; baseline 0.001 -19"><span class='ocrx_word' id='word_1_36' title='bbox 623 1225 920 1306; x_wconf 89' lang='lat' dir='ltr'><strong>sequitur</strong></span> <span class='ocrx_word' id='word_1_37' title='bbox 967 1224 1047 1288; x_wconf 91' lang='lat' dir='ltr'><strong>de</strong></span> <span class='ocrx_word' id='word_1_38' title='bbox 1091 1230 1373 1308; x_wconf 89' lang='lat' dir='ltr'><strong>utroque</strong></span> <span class='ocrx_word' id='word_1_39' title='bbox 1420 1225 1717 1303; x_wconf 91' lang='lat' dir='ltr'><strong>consule,</strong></span> <span class='ocrx_word' id='word_1_40' title='bbox 1787 1225 1997 1289; x_wconf 91' lang='lat' dir='ltr'><strong>altero</strong></span> <span class='ocrx_word' id='word_1_41' title='bbox 2042 1225 2110 1289; x_wconf 90' lang='lat' dir='ltr'><strong>in</strong></span> <span class='ocrx_word' id='word_1_42' title='bbox 2155 1224 2537 1309; x_wconf 80' lang='lat' dir='ltr'><strong>Hispanias,</strong></span> <span class='ocrx_word' id='word_1_43' title='bbox 2606 1226 2816 1292; x_wconf 90' lang='lat' dir='ltr'><strong>altero</strong></span> <span class='ocrx_word' id='word_1_44' title='bbox 2861 1229 2928 1292; x_wconf 91' lang='lat' dir='ltr'><strong>in</strong></span> 
     </span>
     <span class='ocr_line' id='line_1_7' title="bbox 620 1332 2927 1423; baseline 0.002 -27"><span class='ocrx_word' id='word_1_45' title='bbox 620 1332 914 1397; x_wconf 89' lang='lat' dir='ltr'><strong>Africam</strong></span> <span class='ocrx_word' id='word_1_46' title='bbox 977 1333 1211 1412; x_wconf 91' lang='lat' dir='ltr'><strong>misso,</strong></span> <span class='ocrx_word' id='word_1_47' title='bbox 1279 1332 1405 1397; x_wconf 93' lang='lat' dir='ltr'><strong>hoc</strong></span> <span class='ocrx_word' id='word_1_48' title='bbox 1462 1337 1590 1410; x_wconf 91' lang='lat' dir='ltr'><strong>est,</strong></span> <span class='ocrx_word' id='word_1_49' title='bbox 1663 1332 1743 1397; x_wconf 91' lang='lat' dir='ltr'><strong>de</strong></span> <span class='ocrx_word' id='word_1_50' title='bbox 1810 1339 2202 1397; x_wconf 89' lang='lat' dir='ltr'><strong>transcensu</strong></span> <span class='ocrx_word' id='word_1_51' title='bbox 2269 1334 2424 1423; x_wconf 31' lang='lat' dir='ltr'><strong>iam·</strong></span> <span class='ocrx_word' id='word_1_52' title='bbox 2455 1335 2519 1398; x_wconf 82' lang='lat' dir='ltr'><strong>in</strong></span> <span class='ocrx_word' id='word_1_53' title='bbox 2578 1341 2927 1419; x_wconf 87' lang='lat' dir='ltr'><strong>utramque</strong></span> 
     </span>
     <span class='ocr_line' id='line_1_8' title="bbox 622 1439 2926 1527; baseline 0.001 -22"><span class='ocrx_word' id='word_1_54' title='bbox 622 1448 868 1505; x_wconf 88' lang='lat' dir='ltr'><strong>terram</strong></span> <span class='ocrx_word' id='word_1_55' title='bbox 912 1440 1118 1505; x_wconf 57' lang='lat' dir='ltr'><strong>facto?</strong></span> <span class='ocrx_word' id='word_1_56' title='bbox 1167 1439 1402 1524; x_wconf 91' lang='lat' dir='ltr'><strong>Itaque</strong></span> <span class='ocrx_word' id='word_1_57' title='bbox 1447 1447 1744 1505; x_wconf 88' lang='lat' dir='ltr'><strong>retracta</strong></span> <span class='ocrx_word' id='word_1_58' title='bbox 1787 1441 2255 1523; x_wconf 79' lang='lat' dir='ltr'><strong>praepositione</strong></span> <span class='ocrx_word' id='word_1_59' title='bbox 2301 1442 2398 1521; x_wconf 93' lang='lat' dir='ltr'><strong>in,</strong></span> <span class='ocrx_word' id='word_1_60' title='bbox 2444 1464 2607 1527; x_wconf 82' lang='lat' dir='ltr'><strong>quae,</strong></span> <span class='ocrx_word' id='word_1_61' title='bbox 2652 1450 2726 1508; x_wconf 92' lang='lat' dir='ltr'><strong>ut</strong></span> <span class='ocrx_word' id='word_1_62' title='bbox 2770 1443 2926 1508; x_wconf 89' lang='lat' dir='ltr'><strong>alibi</strong></span> 
     </span>
     <span class='ocr_line' id='line_1_9' title="bbox 622 1547 2926 1632; baseline 0 -19"><span class='ocrx_word' id='word_1_63' title='bbox 622 1570 794 1632; x_wconf 86' lang='lat' dir='ltr'><strong>saepe</strong></span> <span class='ocrx_word' id='word_1_64' title='bbox 853 1547 1006 1629; x_wconf 82' lang='lat' dir='ltr'><strong>(vid.</strong></span> <span class='ocrx_word' id='word_1_65' title='bbox 1056 1548 1139 1612; x_wconf 87' lang='lat' dir='ltr'><strong>ad</strong></span> <span class='ocrx_word' id='word_1_66' title='bbox 1196 1547 1320 1626; x_wconf 94' lang='lat' dir='ltr'><strong>IX,</strong></span> <span class='ocrx_word' id='word_1_67' title='bbox 1389 1553 1492 1625; x_wconf 89' lang='grc'><strong>41,</strong></span> <span class='ocrx_word' id='word_1_68' title='bbox 1562 1547 1650 1629; x_wconf 88' lang='grc'><strong>8),</strong></span> <span class='ocrx_word' id='word_1_69' title='bbox 1707 1547 2106 1630; x_wconf 77' lang='lat' dir='ltr'><strong>praecedenti</strong></span> <span class='ocrx_word' id='word_1_70' title='bbox 2148 1548 2379 1630; x_wconf 76' lang='lat' dir='ltr'><strong>littera</strong></span> <span class='ocrx_word' id='word_1_71' title='bbox 2424 1568 2480 1611; x_wconf 74' lang='grc' dir='ltr'>ι</span> <span class='ocrx_word' id='word_1_72' title='bbox 2524 1548 2766 1615; x_wconf 86' lang='lat' dir='ltr'><strong>hausta</strong></span> <span class='ocrx_word' id='word_1_73' title='bbox 2809 1558 2926 1629; x_wconf 90' lang='lat' dir='ltr'><strong>est,</strong></span> 
     </span>
     <span class='ocr_line' id='line_1_10' title="bbox 623 1654 2926 1738; baseline 0.001 -17"><span class='ocrx_word' id='word_1_74' title='bbox 623 1656 821 1721; x_wconf 89' lang='lat' dir='ltr'><strong>scribi</strong></span> <span class='ocrx_word' id='word_1_75' title='bbox 869 1656 1095 1721; x_wconf 89' lang='lat' dir='ltr'><strong>debet:</strong></span> <span class='ocrx_word' id='word_1_76' title='bbox 1156 1655 1421 1720; x_wconf 88' lang='lat' dir='ltr'><strong>Etiam</strong></span> <span class='ocrx_word' id='word_1_77' title='bbox 1468 1656 1545 1719; x_wconf 93' lang='lat' dir='ltr'><strong>in</strong></span> <span class='ocrx_word' id='word_1_78' title='bbox 1594 1654 2042 1737; x_wconf 86' lang='lat' dir='ltr'><strong>Hispanias</strong></span> <span class='ocrx_word' id='word_1_79' title='bbox 2089 1661 2187 1735; x_wconf 92' lang='lat' dir='ltr'><strong>et,</strong></span> <span class='ocrx_word' id='word_1_80' title='bbox 2237 1657 2301 1721; x_wconf 91' lang='lat' dir='ltr'><strong>si</strong></span> <span class='ocrx_word' id='word_1_81' title='bbox 2347 1657 2534 1722; x_wconf 91' lang='lat' dir='ltr'><strong>inde</strong></span> <span class='ocrx_word' id='word_1_82' title='bbox 2582 1678 2926 1738; x_wconf 84' lang='lat' dir='ltr'><strong>cessero,</strong></span> 
     </span>
     <span class='ocr_line' id='line_1_11' title="bbox 620 1762 2927 1842; baseline 0.001 -14"><span class='ocrx_word' id='word_1_83' title='bbox 620 1765 700 1828; x_wconf 90' lang='lat' dir='ltr'><strong>in</strong></span> <span class='ocrx_word' id='word_1_84' title='bbox 744 1763 1101 1828; x_wconf 88' lang='lat' dir='ltr'><strong>Africam</strong></span> <span class='ocrx_word' id='word_1_85' title='bbox 1157 1763 1739 1828; x_wconf 79' lang='lat' dir='ltr'><strong>transcendes?</strong></span> <span class='ocrx_word' id='word_1_86' title='bbox 1806 1762 1974 1827; x_wconf 90' lang='lat' dir='ltr'><strong>Nam</strong></span> <span class='ocrx_word' id='word_1_87' title='bbox 2030 1764 2099 1827; x_wconf 93' lang='lat' dir='ltr'><strong>in</strong></span> <span class='ocrx_word' id='word_1_88' title='bbox 2155 1763 2280 1828; x_wconf 89' lang='lat' dir='ltr'><strong>hac</strong></span> <span class='ocrx_word' id='word_1_89' title='bbox 2337 1764 2655 1830; x_wconf 88' lang='lat' dir='ltr'><strong>orationis</strong></span> <span class='ocrx_word' id='word_1_90' title='bbox 2699 1764 2927 1842; x_wconf 79' lang='lat' dir='ltr'><strong>forma,</strong></span> 
     </span>
     <span class='ocr_line' id='line_1_12' title="bbox 620 1870 2929 1956; baseline 0 -20"><span class='ocrx_word' id='word_1_91' title='bbox 620 1872 933 1955; x_wconf 88' lang='lat' dir='ltr'><strong>quoniam</strong></span> <span class='ocrx_word' id='word_1_92' title='bbox 997 1871 1230 1937; x_wconf 86' lang='lat' dir='ltr'><strong>mediae</strong></span> <span class='ocrx_word' id='word_1_93' title='bbox 1297 1877 1476 1936; x_wconf 89' lang='lat' dir='ltr'><strong>certe</strong></span> <span class='ocrx_word' id='word_1_94' title='bbox 1541 1870 1882 1935; x_wconf 80' lang='lat' dir='ltr'><strong>sententiae</strong></span> <span class='ocrx_word' id='word_1_95' title='bbox 1949 1870 2069 1936; x_wconf 91' lang='lat' dir='ltr'><strong>illa</strong></span> <span class='ocrx_word' id='word_1_96' title='bbox 2135 1893 2255 1956; x_wconf 91' lang='lat' dir='ltr'><strong>pro</strong></span> <span class='ocrx_word' id='word_1_97' title='bbox 2302 1873 2685 1938; x_wconf 89' lang='lat' dir='ltr'><strong>condicione</strong></span> <span class='ocrx_word' id='word_1_98' title='bbox 2732 1872 2929 1937; x_wconf 89' lang='lat' dir='ltr'><strong>adfir-</strong></span> 
     </span>
     <span class='ocr_line' id='line_1_13' title="bbox 621 1977 2932 2062; baseline -0 -18"><span class='ocrx_word' id='word_1_99' title='bbox 621 1981 826 2045; x_wconf 85' lang='lat' dir='ltr'><strong>matio</strong></span> <span class='ocrx_word' id='word_1_100' title='bbox 885 1979 1042 2044; x_wconf 89' lang='lat' dir='ltr'><strong>ficta</strong></span> <span class='ocrx_word' id='word_1_101' title='bbox 1093 1981 1294 2044; x_wconf 89' lang='lat' dir='ltr'><strong>inseri</strong></span> <span class='ocrx_word' id='word_1_102' title='bbox 1350 2000 1480 2044; x_wconf 93' lang='lat' dir='ltr'><strong>non</strong></span> <span class='ocrx_word' id='word_1_103' title='bbox 1537 1998 1728 2062; x_wconf 90' lang='lat' dir='ltr'><strong>posse</strong></span> <span class='ocrx_word' id='word_1_104' title='bbox 1783 1977 2071 2057; x_wconf 84' lang='lat' dir='ltr'><strong>videtur,</strong></span> <span class='ocrx_word' id='word_1_105' title='bbox 2140 1982 2513 2045; x_wconf 88' lang='lat' dir='ltr'><strong>necessario</strong></span> <span class='ocrx_word' id='word_1_106' title='bbox 2575 1979 2771 2044; x_wconf 91' lang='lat' dir='ltr'><strong>simul</strong></span> <span class='ocrx_word' id='word_1_107' title='bbox 2815 1980 2932 2043; x_wconf 85' lang='lat' dir='ltr'><strong>ad-</strong></span> 
     </span>
     <span class='ocr_line' id='line_1_14' title="bbox 623 2085 2932 2171; baseline -0.001 -18"><span class='ocrx_word' id='word_1_108' title='bbox 623 2088 910 2153; x_wconf 91' lang='lat' dir='ltr'><strong>dendum</strong></span> <span class='ocrx_word' id='word_1_109' title='bbox 958 2089 1026 2151; x_wconf 92' lang='lat' dir='ltr'><strong>si</strong></span> <span class='ocrx_word' id='word_1_110' title='bbox 1072 2087 1328 2171; x_wconf 88' lang='lat' dir='ltr'><strong>puto.¹)</strong></span> <span class='ocrx_word' id='word_1_111' title='bbox 1419 2085 1672 2151; x_wconf 88' lang='lat' dir='ltr'><strong>Deinde</strong></span> <span class='ocrx_word' id='word_1_112' title='bbox 1719 2092 1939 2150; x_wconf 88' lang='lat' dir='ltr'><strong>autem</strong></span> <span class='ocrx_word' id='word_1_113' title='bbox 1984 2087 2529 2170; x_wconf 84' lang='lat' dir='ltr'><strong>interrogationis</strong></span> <span class='ocrx_word' id='word_1_114' title='bbox 2577 2088 2932 2153; x_wconf 89' lang='lat' dir='ltr'><strong>correctio-</strong></span> 
     </span>
     <span class='ocr_line' id='line_1_15' title="bbox 621 2193 2934 2276; baseline 0 -16"><span class='ocrx_word' id='word_1_115' title='bbox 621 2218 774 2260; x_wconf 88' lang='lat' dir='ltr'><strong>nem</strong></span> <span class='ocrx_word' id='word_1_116' title='bbox 828 2195 1183 2261; x_wconf 88' lang='lat' dir='ltr'><strong>indicantis</strong></span> <span class='ocrx_word' id='word_1_117' title='bbox 1242 2194 1457 2260; x_wconf 83' lang='lat' dir='ltr'><strong>forma</strong></span> <span class='ocrx_word' id='word_1_118' title='bbox 1511 2195 1677 2258; x_wconf 89' lang='lat' dir='ltr'><strong>scite</strong></span> <span class='ocrx_word' id='word_1_119' title='bbox 1724 2193 2182 2259; x_wconf 85' lang='lat' dir='ltr'><strong>animadversa</strong></span> <span class='ocrx_word' id='word_1_120' title='bbox 2227 2216 2268 2259; x_wconf 90' lang='lat' dir='ltr'><strong>a</strong></span> <span class='ocrx_word' id='word_1_121' title='bbox 2313 2194 2640 2261; x_wconf 86' lang='lat' dir='ltr'><strong>Gronovio</strong></span> <span class='ocrx_word' id='word_1_122' title='bbox 2689 2194 2934 2276; x_wconf 90' lang='lat' dir='ltr'><strong>(tran-</strong></span> 
     </span>
     <span class='ocr_line' id='line_1_16' title="bbox 624 2301 2934 2384; baseline -0 -16"><span class='ocrx_word' id='word_1_123' title='bbox 624 2303 969 2368; x_wconf 88' lang='lat' dir='ltr'><strong>scendes</strong></span> <span class='ocrx_word' id='word_1_124' title='bbox 1018 2309 1281 2367; x_wconf 89' lang='lat' dir='ltr'><strong>autem</strong></span> <span class='ocrx_word' id='word_1_125' title='bbox 1328 2301 1582 2384; x_wconf 78' lang='lat' dir='ltr'><strong>dico?)</strong></span> <span class='ocrx_word' id='word_1_126' title='bbox 1628 2301 1832 2366; x_wconf 86' lang='lat' dir='ltr'><strong>habet</strong></span> <span class='ocrx_word' id='word_1_127' title='bbox 1875 2306 2115 2381; x_wconf 90' lang='lat' dir='ltr'><strong>tamen,</strong></span> <span class='ocrx_word' id='word_1_128' title='bbox 2173 2302 2240 2365; x_wconf 89' lang='lat' dir='ltr'><strong>in</strong></span> <span class='ocrx_word' id='word_1_129' title='bbox 2287 2323 2414 2384; x_wconf 92' lang='lat' dir='ltr'><strong>quo</strong></span> <span class='ocrx_word' id='word_1_130' title='bbox 2458 2304 2601 2367; x_wconf 90' lang='lat' dir='ltr'><strong>iure</strong></span> <span class='ocrx_word' id='word_1_131' title='bbox 2645 2302 2934 2383; x_wconf 70' lang='lat' dir='ltr'><strong>haereas:</strong></span> 
     </span>
     <span class='ocr_line' id='line_1_17' title="bbox 621 2409 2934 2477; baseline 0.001 -3"><span class='ocrx_word' id='word_1_132' title='bbox 621 2432 772 2474; x_wconf 91' lang='lat' dir='ltr'><strong>nam</strong></span> <span class='ocrx_word' id='word_1_133' title='bbox 830 2416 947 2474; x_wconf 89' lang='lat' dir='ltr'><strong>aut</strong></span> <span class='ocrx_word' id='word_1_134' title='bbox 1003 2409 1539 2475; x_wconf 87' lang='lat' dir='ltr'><strong>transcendes</strong></span> <span class='ocrx_word' id='word_1_135' title='bbox 1587 2410 1899 2474; x_wconf 80' lang='lat' dir='ltr'><strong>autem?</strong></span> <span class='ocrx_word' id='word_1_136' title='bbox 1965 2416 2083 2475; x_wconf 91' lang='lat' dir='ltr'><strong>aut</strong></span> <span class='ocrx_word' id='word_1_137' title='bbox 2126 2409 2658 2475; x_wconf 88' lang='lat' dir='ltr'><strong>transcendes</strong></span> <span class='ocrx_word' id='word_1_138' title='bbox 2707 2410 2934 2477; x_wconf 80' lang='lat' dir='ltr'><strong>dico?</strong></span> 
     </span>
     <span class='ocr_line' id='line_1_18' title="bbox 624 2516 2936 2600; baseline 0.001 -18"><span class='ocrx_word' id='word_1_139' title='bbox 624 2518 971 2583; x_wconf 88' lang='lat' dir='ltr'><strong>dicendum</strong></span> <span class='ocrx_word' id='word_1_140' title='bbox 1016 2518 1275 2583; x_wconf 84' lang='lat' dir='ltr'><strong>videtur</strong></span> <span class='ocrx_word' id='word_1_141' title='bbox 1317 2517 1552 2596; x_wconf 74' lang='lat' dir='ltr'><strong>fuisse:</strong></span> <span class='ocrx_word' id='word_1_142' title='bbox 1598 2518 1713 2582; x_wconf 91' lang='lat' dir='ltr'><strong>ubi</strong></span> <span class='ocrx_word' id='word_1_143' title='bbox 1759 2523 2110 2599; x_wconf 85' lang='lat' dir='ltr'><strong>utrumque</strong></span> <span class='ocrx_word' id='word_1_144' title='bbox 2156 2518 2590 2600; x_wconf 87' lang='lat' dir='ltr'><strong>coniungatur</strong></span> <span class='ocrx_word' id='word_1_145' title='bbox 2635 2516 2936 2599; x_wconf 90' lang='lat' dir='ltr'><strong>(autem</strong></span> 
     </span>
     <span class='ocr_line' id='line_1_19' title="bbox 624 2624 2937 2711; baseline 0 -19"><span class='ocrx_word' id='word_1_146' title='bbox 624 2625 904 2707; x_wconf 74' lang='lat' dir='ltr'><strong>dico‘P),</strong></span> <span class='ocrx_word' id='word_1_147' title='bbox 949 2625 1220 2706; x_wconf 87' lang='lat' dir='ltr'><strong>frustra,</strong></span> <span class='ocrx_word' id='word_1_148' title='bbox 1269 2626 1517 2710; x_wconf 87' lang='lat' dir='ltr'><strong>opinor,</strong></span> <span class='ocrx_word' id='word_1_149' title='bbox 1566 2647 1843 2711; x_wconf 77' lang='lat' dir='ltr'><strong>quaeras.</strong></span> <span class='ocrx_word' id='word_1_150' title='bbox 1934 2624 2158 2707; x_wconf 92' lang='lat' dir='ltr'><strong>(Locis</strong></span> <span class='ocrx_word' id='word_1_151' title='bbox 2204 2626 2491 2710; x_wconf 88' lang='lat' dir='ltr'><strong>quinque</strong></span> <span class='ocrx_word' id='word_1_152' title='bbox 2538 2624 2619 2691; x_wconf 92' lang='lat' dir='ltr'><strong>de</strong></span> <span class='ocrx_word' id='word_1_153' title='bbox 2665 2633 2937 2692; x_wconf 89' lang='lat' dir='ltr'><strong>autem</strong></span> 
     </span>
     <span class='ocr_line' id='line_1_20' title="bbox 624 2732 2939 2818; baseline -0 -19"><span class='ocrx_word' id='word_1_154' title='bbox 624 2737 720 2799; x_wconf 90' lang='lat' dir='ltr'><strong>sic</strong></span> <span class='ocrx_word' id='word_1_155' title='bbox 777 2736 997 2818; x_wconf 90' lang='lat' dir='ltr'><strong>posito</strong></span> <span class='ocrx_word' id='word_1_156' title='bbox 1057 2734 1140 2799; x_wconf 92' lang='lat' dir='ltr'><strong>ab</strong></span> <span class='ocrx_word' id='word_1_157' title='bbox 1196 2735 1460 2800; x_wconf 89' lang='lat' dir='ltr'><strong>Handio</strong></span> <span class='ocrx_word' id='word_1_158' title='bbox 1505 2734 1697 2798; x_wconf 88' lang='lat' dir='ltr'><strong>Turs.</strong></span> <span class='ocrx_word' id='word_1_159' title='bbox 1743 2734 1775 2798; x_wconf 97' lang='lat' dir='ltr'>I</span> <span class='ocrx_word' id='word_1_160' title='bbox 1821 2755 1883 2817; x_wconf 90' lang='lat' dir='ltr'><strong>p.</strong></span> <span class='ocrx_word' id='word_1_161' title='bbox 1932 2738 2055 2798; x_wconf 78' lang='lat'><strong>576</strong></span> <span class='ocrx_word' id='word_1_162' title='bbox 2113 2735 2416 2799; x_wconf 85' lang='lat' dir='ltr'><strong>excitatis</strong></span> <span class='ocrx_word' id='word_1_163' title='bbox 2475 2754 2554 2798; x_wconf 86' lang='lat' dir='ltr'><strong>ex</strong></span> <span class='ocrx_word' id='word_1_164' title='bbox 2599 2732 2939 2800; x_wconf 86' lang='lat' dir='ltr'><strong>Ciceronis</strong></span> 
     </span>
     <span class='ocr_line' id='line_1_21' title="bbox 623 2841 2935 2926; baseline 0 -19"><span class='ocrx_word' id='word_1_165' title='bbox 623 2844 812 2926; x_wconf 88' lang='lat' dir='ltr'><strong>epist.</strong></span> <span class='ocrx_word' id='word_1_166' title='bbox 862 2841 948 2907; x_wconf 87' lang='lat' dir='ltr'><strong>ad</strong></span> <span class='ocrx_word' id='word_1_167' title='bbox 991 2842 1190 2908; x_wconf 87' lang='lat' dir='ltr'><strong>Attio.</strong></span> <span class='ocrx_word' id='word_1_168' title='bbox 1230 2843 1303 2923; x_wconf 84' lang='lat' dir='ltr'><strong>V,</strong></span> <span class='ocrx_word' id='word_1_169' title='bbox 1356 2847 1453 2920; x_wconf 86' lang='lat'><strong>13,</strong></span> <span class='ocrx_word' id='word_1_170' title='bbox 1504 2846 1560 2921; x_wconf 90' lang='lat'><strong>3,</strong></span> <span class='ocrx_word' id='word_1_171' title='bbox 1610 2842 1716 2922; x_wconf 91' lang='lat' dir='ltr'><strong>VI,</strong></span> <span class='ocrx_word' id='word_1_172' title='bbox 1762 2845 1822 2922; x_wconf 81' lang='lat'><strong>2,</strong></span> <span class='ocrx_word' id='word_1_173' title='bbox 1880 2846 1940 2921; x_wconf 86' lang='grc'><strong>8,</strong></span> <span class='ocrx_word' id='word_1_174' title='bbox 1987 2841 2127 2920; x_wconf 90' lang='lat' dir='ltr'><strong>VII,</strong></span> <span class='ocrx_word' id='word_1_175' title='bbox 2180 2847 2341 2920; x_wconf 85' lang='grc'>1,-4,</span> <span class='ocrx_word' id='word_1_176' title='bbox 2387 2848 2554 2906; x_wconf 91' lang='lat' dir='ltr'><strong>orat.</strong></span> <span class='ocrx_word' id='word_1_177' title='bbox 2594 2864 2717 2924; x_wconf 91' lang='lat' dir='ltr'><strong>pro</strong></span> <span class='ocrx_word' id='word_1_178' title='bbox 2764 2844 2935 2908; x_wconf 85' lang='lat' dir='ltr'><strong>Rab.</strong></span> 
     </span>
     <span class='ocr_line' id='line_1_22' title="bbox 619 2945 2937 3033; baseline 0 -17"><span class='ocrx_word' id='word_1_179' title='bbox 619 2951 800 3016; x_wconf 88' lang='lat' dir='ltr'><strong>Post.</strong></span> <span class='ocrx_word' id='word_1_180' title='bbox 849 2955 917 3029; x_wconf 85' lang='lat'><strong>5,</strong></span> <span class='ocrx_word' id='word_1_181' title='bbox 982 2954 1089 3031; x_wconf 87' lang='lat'><strong>10,</strong></span> <span class='ocrx_word' id='word_1_182' title='bbox 1146 2950 1341 3015; x_wconf 90' lang='lat' dir='ltr'><strong>Plinii</strong></span> <span class='ocrx_word' id='word_1_183' title='bbox 1398 2950 1642 3032; x_wconf 88' lang='lat' dir='ltr'><strong>Paneg.</strong></span> <span class='ocrx_word' id='word_1_184' title='bbox 1692 2954 1774 3014; x_wconf 81' lang='lat'><strong>28</strong></span> <span class='ocrx_word' id='word_1_185' title='bbox 1833 2949 1989 3014; x_wconf 90' lang='lat' dir='ltr'><strong>addi</strong></span> <span class='ocrx_word' id='word_1_186' title='bbox 2045 2955 2329 3033; x_wconf 89' lang='lat' dir='ltr'><strong>possunt</strong></span> <span class='ocrx_word' id='word_1_187' title='bbox 2375 2945 2713 3015; x_wconf 86' lang='lat' dir='ltr'><strong>Ciceronis</strong></span> <span class='ocrx_word' id='word_1_188' title='bbox 2780 2950 2937 3026; x_wconf 87' lang='lat' dir='ltr'><strong>duc,</strong></span> 
     </span>
     <span class='ocr_line' id='line_1_23' title="bbox 620 3056 2939 3143; baseline -0.001 -19"><span class='ocrx_word' id='word_1_189' title='bbox 620 3081 721 3143; x_wconf 89' lang='lat' dir='ltr'><strong>ep.</strong></span> <span class='ocrx_word' id='word_1_190' title='bbox 771 3058 857 3123; x_wconf 90' lang='lat' dir='ltr'><strong>ad</strong></span> <span class='ocrx_word' id='word_1_191' title='bbox 913 3058 1092 3123; x_wconf 89' lang='lat' dir='ltr'><strong>Fam.</strong></span> <span class='ocrx_word' id='word_1_192' title='bbox 1141 3059 1202 3137; x_wconf 94' lang='lat' dir='ltr'><strong>I,</strong></span> <span class='ocrx_word' id='word_1_193' title='bbox 1263 3064 1320 3136; x_wconf 86' lang='grc'><strong>9,</strong></span> <span class='ocrx_word' id='word_1_194' title='bbox 1386 3063 1464 3122; x_wconf 88' lang='grc'><strong>10</strong></span> <span class='ocrx_word' id='word_1_195' title='bbox 1510 3065 1577 3123; x_wconf 92' lang='lat' dir='ltr'><strong>et</strong></span> <span class='ocrx_word' id='word_1_196' title='bbox 1622 3059 1690 3122; x_wconf 91' lang='lat' dir='ltr'><strong>in</strong></span> <span class='ocrx_word' id='word_1_197' title='bbox 1736 3057 1956 3122; x_wconf 91' lang='lat' dir='ltr'><strong>Pison.</strong></span> <span class='ocrx_word' id='word_1_198' title='bbox 2003 3056 2233 3139; x_wconf 88' lang='lat' dir='ltr'><strong>fragm.</strong></span> <span class='ocrx_word' id='word_1_199' title='bbox 2281 3060 2318 3121; x_wconf 80' lang='lat'><strong>2</strong></span> <span class='ocrx_word' id='word_1_200' title='bbox 2366 3077 2446 3120; x_wconf 84' lang='lat' dir='ltr'><strong>ex</strong></span> <span class='ocrx_word' id='word_1_201' title='bbox 2491 3057 2680 3121; x_wconf 89' lang='lat' dir='ltr'><strong>initio</strong></span> <span class='ocrx_word' id='word_1_202' title='bbox 2731 3060 2939 3122; x_wconf 90' lang='lat' dir='ltr'><strong>orati-</strong></span> 
     </span>
     <span class='ocr_line' id='line_1_24' title="bbox 620 3164 2939 3249; baseline -0.001 -17"><span class='ocrx_word' id='word_1_203' title='bbox 620 3168 792 3232; x_wconf 88' lang='lat' dir='ltr'><strong>onis:</strong></span> <span class='ocrx_word' id='word_1_204' title='bbox 832 3167 1292 3249; x_wconf 79' lang='lat' dir='ltr'><strong>——ingenii?</strong></span> <span class='ocrx_word' id='word_1_205' title='bbox 1327 3166 1638 3247; x_wconf 87' lang='lat' dir='ltr'><strong>ingenii</strong></span> <span class='ocrx_word' id='word_1_206' title='bbox 1672 3166 1984 3230; x_wconf 81' lang='lat' dir='ltr'><strong>autem?</strong></span> <span class='ocrx_word' id='word_1_207' title='bbox 2023 3165 2175 3229; x_wconf 91' lang='lat' dir='ltr'><strong>imo</strong></span> <span class='ocrx_word' id='word_1_208' title='bbox 2212 3165 2550 3248; x_wconf 87' lang='lat' dir='ltr'><strong>ingenui</strong></span> <span class='ocrx_word' id='word_1_209' title='bbox 2584 3164 2939 3230; x_wconf 90' lang='lat' dir='ltr'><strong>hominis</strong></span> 
     </span>
     <span class='ocr_line' id='line_1_25' title="bbox 619 3271 2939 3356; baseline -0.001 -16"><span class='ocrx_word' id='word_1_210' title='bbox 619 3297 707 3340; x_wconf 90' lang='lat' dir='ltr'><strong>ac</strong></span> <span class='ocrx_word' id='word_1_211' title='bbox 750 3275 1012 3353; x_wconf 92' lang='lat' dir='ltr'><strong>liberi,</strong></span> <span class='ocrx_word' id='word_1_212' title='bbox 1061 3281 1128 3338; x_wconf 91' lang='lat' dir='ltr'><strong>et</strong></span> <span class='ocrx_word' id='word_1_213' title='bbox 1172 3272 1468 3337; x_wconf 91' lang='lat' dir='ltr'><strong>nonnihil</strong></span> <span class='ocrx_word' id='word_1_214' title='bbox 1514 3271 1828 3337; x_wconf 81' lang='lat' dir='ltr'><strong>inflexum</strong></span> <span class='ocrx_word' id='word_1_215' title='bbox 1875 3272 2165 3338; x_wconf 89' lang='lat' dir='ltr'><strong>Terentii</strong></span> <span class='ocrx_word' id='word_1_216' title='bbox 2210 3293 2291 3337; x_wconf 83' lang='lat' dir='ltr'><strong>ex</strong></span> <span class='ocrx_word' id='word_1_217' title='bbox 2334 3271 2570 3356; x_wconf 80' lang='lat' dir='ltr'><strong>Hecyr.</strong></span> <span class='ocrx_word' id='word_1_218' title='bbox 2619 3272 2667 3350; x_wconf 91' lang='lat'><strong>1,</strong></span> <span class='ocrx_word' id='word_1_219' title='bbox 2721 3278 2784 3350; x_wconf 84' lang='lat'><strong>2,</strong></span> <span class='ocrx_word' id='word_1_220' title='bbox 2836 3278 2939 3346; x_wconf 79' lang='lat'><strong>25,</strong></span> 
     </span>
     <span class='ocr_line' id='line_1_26' title="bbox 619 3379 2939 3465; baseline 0 -19"><span class='ocrx_word' id='word_1_221' title='bbox 619 3383 762 3460; x_wconf 90' lang='lat' dir='ltr'><strong>ubi,</strong></span> <span class='ocrx_word' id='word_1_222' title='bbox 832 3389 1191 3465; x_wconf 88' lang='lat' dir='ltr'><strong>postquam</strong></span> <span class='ocrx_word' id='word_1_223' title='bbox 1235 3381 1514 3446; x_wconf 90' lang='lat' dir='ltr'><strong>Philotis</strong></span> <span class='ocrx_word' id='word_1_224' title='bbox 1562 3380 1756 3444; x_wconf 86' lang='lat' dir='ltr'><strong>dixit:</strong></span> <span class='ocrx_word' id='word_1_225' title='bbox 1826 3401 2152 3446; x_wconf 88' lang='lat' dir='ltr'><strong>uxorem</strong></span> <span class='ocrx_word' id='word_1_226' title='bbox 2197 3379 2532 3458; x_wconf 89' lang='lat' dir='ltr'><strong>habere,</strong></span> <span class='ocrx_word' id='word_1_227' title='bbox 2601 3380 2939 3447; x_wconf 89' lang='lat' dir='ltr'><strong>Parmeno</strong></span> 
     </span>
     <span class='ocr_line' id='line_1_27' title="bbox 619 3486 2940 3572; baseline 0 -18"><span class='ocrx_word' id='word_1_228' title='bbox 619 3491 954 3572; x_wconf 86' lang='lat' dir='ltr'><strong>corrigens</strong></span> <span class='ocrx_word' id='word_1_229' title='bbox 1034 3488 1330 3553; x_wconf 88' lang='lat' dir='ltr'><strong>subiicit:</strong></span> <span class='ocrx_word' id='word_1_230' title='bbox 1421 3486 1722 3553; x_wconf 90' lang='lat' dir='ltr'><strong>habere</strong></span> <span class='ocrx_word' id='word_1_231' title='bbox 1802 3488 2117 3552; x_wconf 80' lang='lat' dir='ltr'><strong>autem?</strong></span> <span class='ocrx_word' id='word_1_232' title='bbox 2204 3488 2328 3552; x_wconf 90' lang='lat' dir='ltr'><strong>hoc</strong></span> <span class='ocrx_word' id='word_1_233' title='bbox 2407 3494 2537 3553; x_wconf 90' lang='lat' dir='ltr'><strong>est:</strong></span> <span class='ocrx_word' id='word_1_234' title='bbox 2619 3487 2940 3555; x_wconf 88' lang='lat' dir='ltr'><strong>habere</strong></span> 
     </span>
     <span class='ocr_line' id='line_1_28' title="bbox 619 3593 2940 3679; baseline 0.001 -19"><span class='ocrx_word' id='word_1_235' title='bbox 619 3594 896 3676; x_wconf 80' lang='lat' dir='ltr'><strong>dicis?)</strong></span> <span class='ocrx_word' id='word_1_236' title='bbox 943 3595 1158 3678; x_wconf 85' lang='lat' dir='ltr'><strong>Auget</strong></span> <span class='ocrx_word' id='word_1_237' title='bbox 1203 3595 1660 3678; x_wconf 90' lang='lat' dir='ltr'><strong>suspicionem,</strong></span> <span class='ocrx_word' id='word_1_238' title='bbox 1709 3593 1887 3679; x_wconf 92' lang='lat' dir='ltr'><strong>quod</strong></span> <span class='ocrx_word' id='word_1_239' title='bbox 1929 3595 1997 3658; x_wconf 94' lang='lat' dir='ltr'><strong>in</strong></span> <span class='ocrx_word' id='word_1_240' title='bbox 2044 3594 2385 3660; x_wconf 91' lang='lat' dir='ltr'><strong>codicibus</strong></span> <span class='ocrx_word' id='word_1_241' title='bbox 2433 3594 2512 3675; x_wconf 92' lang='lat' dir='ltr'><strong>(P</strong></span> <span class='ocrx_word' id='word_1_242' title='bbox 2548 3600 2617 3659; x_wconf 87' lang='lat' dir='ltr'><strong>et</strong></span> <span class='ocrx_word' id='word_1_243' title='bbox 2660 3597 2940 3678; x_wconf 88' lang='lat' dir='ltr'><strong>ceteris)</strong></span> 
     </span>
     <span class='ocr_line' id='line_1_29' title="bbox 448 3701 2941 3788; baseline -0.002 -15"><span class='ocrx_word' id='word_1_244' title='bbox 448 3720 587 3788; x_wconf 91' lang='grc'>(222)</span> <span class='ocrx_word' id='word_1_245' title='bbox 629 3703 972 3768; x_wconf 85' lang='lat' dir='ltr'><strong>scribitur:</strong></span> <span class='ocrx_word' id='word_1_246' title='bbox 1059 3702 1684 3768; x_wconf 88' lang='lat' dir='ltr'><strong>transcendisse</strong></span> <span class='ocrx_word' id='word_1_247' title='bbox 1763 3709 2024 3768; x_wconf 88' lang='lat' dir='ltr'><strong>autem</strong></span> <span class='ocrx_word' id='word_1_248' title='bbox 2092 3702 2291 3768; x_wconf 92' lang='lat' dir='ltr'><strong>dico.</strong></span> <span class='ocrx_word' id='word_1_249' title='bbox 2404 3701 2612 3768; x_wconf 90' lang='lat' dir='ltr'><strong>Valde</strong></span> <span class='ocrx_word' id='word_1_250' title='bbox 2676 3725 2941 3782; x_wconf 84' lang='lat' dir='ltr'><strong>vereor,</strong></span> 
     </span>
     <span class='ocr_line' id='line_1_30' title="bbox 616 3809 2942 3895; baseline 0 -18"><span class='ocrx_word' id='word_1_251' title='bbox 616 3834 719 3891; x_wconf 90' lang='lat' dir='ltr'><strong>ne,</strong></span> <span class='ocrx_word' id='word_1_252' title='bbox 780 3832 978 3895; x_wconf 89' lang='lat' dir='ltr'><strong>quum</strong></span> <span class='ocrx_word' id='word_1_253' title='bbox 1025 3815 1127 3875; x_wconf 91' lang='lat' dir='ltr'><strong>ter</strong></span> <span class='ocrx_word' id='word_1_254' title='bbox 1172 3810 1239 3874; x_wconf 92' lang='lat' dir='ltr'><strong>id</strong></span> <span class='ocrx_word' id='word_1_255' title='bbox 1285 3809 1558 3875; x_wconf 75' lang='lat' dir='ltr'><strong>verbum</strong></span> <span class='ocrx_word' id='word_1_256' title='bbox 1605 3811 1827 3875; x_wconf 81' lang='lat' dir='ltr'><strong>Livius</strong></span> <span class='ocrx_word' id='word_1_257' title='bbox 1872 3811 2222 3893; x_wconf 90' lang='lat' dir='ltr'><strong>posuisset,</strong></span> <span class='ocrx_word' id='word_1_258' title='bbox 2270 3811 2373 3877; x_wconf 91' lang='lat' dir='ltr'><strong>bis</strong></span> <span class='ocrx_word' id='word_1_259' title='bbox 2421 3809 2654 3876; x_wconf 91' lang='lat' dir='ltr'><strong>eadem</strong></span> <span class='ocrx_word' id='word_1_260' title='bbox 2699 3809 2942 3892; x_wconf 88' lang='lat' dir='ltr'><strong>forma,</strong></span> 
     </span>
     <span class='ocr_line' id='line_1_31' title="bbox 616 3917 2940 4003; baseline 0.001 -20"><span class='ocrx_word' id='word_1_261' title='bbox 616 3920 830 3984; x_wconf 88' lang='lat' dir='ltr'><strong>altero</strong></span> <span class='ocrx_word' id='word_1_262' title='bbox 886 3920 1036 3996; x_wconf 90' lang='lat' dir='ltr'><strong>loco</strong></span> <span class='ocrx_word' id='word_1_263' title='bbox 1094 3918 1434 3992; x_wconf 80' lang='lat' dir='ltr'><strong>exciderit.</strong></span> <span class='ocrx_word' id='word_1_264' title='bbox 1550 3917 1658 3982; x_wconf 89' lang='lat' dir='ltr'><strong>Sic</strong></span> <span class='ocrx_word' id='word_1_265' title='bbox 1725 3919 1897 3983; x_wconf 91' lang='lat' dir='ltr'><strong>enim</strong></span> <span class='ocrx_word' id='word_1_266' title='bbox 1954 3919 2176 3984; x_wconf 87' lang='lat' dir='ltr'><strong>Livius</strong></span> <span class='ocrx_word' id='word_1_267' title='bbox 2235 3919 2581 4003; x_wconf 88' lang='lat' dir='ltr'><strong>scripsisse</strong></span> <span class='ocrx_word' id='word_1_268' title='bbox 2636 3918 2940 3985; x_wconf 88' lang='lat' dir='ltr'><strong>videtur:</strong></span> 
     </span>
     <span class='ocr_line' id='line_1_32' title="bbox 615 4024 2944 4110; baseline 0.001 -21"><span class='ocrx_word' id='word_1_269' title='bbox 615 4026 878 4090; x_wconf 88' lang='lat' dir='ltr'><strong>Etiam</strong></span> <span class='ocrx_word' id='word_1_270' title='bbox 924 4027 1003 4090; x_wconf 93' lang='lat' dir='ltr'><strong>in</strong></span> <span class='ocrx_word' id='word_1_271' title='bbox 1051 4025 1501 4110; x_wconf 87' lang='lat' dir='ltr'><strong>Hispanias</strong></span> <span class='ocrx_word' id='word_1_272' title='bbox 1548 4032 1649 4105; x_wconf 83' lang='lat' dir='ltr'><strong>et,</strong></span> <span class='ocrx_word' id='word_1_273' title='bbox 1697 4026 1762 4090; x_wconf 90' lang='lat' dir='ltr'><strong>si</strong></span> <span class='ocrx_word' id='word_1_274' title='bbox 1806 4025 1991 4090; x_wconf 89' lang='lat' dir='ltr'><strong>inde</strong></span> <span class='ocrx_word' id='word_1_275' title='bbox 2038 4046 2386 4108; x_wconf 87' lang='lat' dir='ltr'><strong>cesser0,</strong></span> <span class='ocrx_word' id='word_1_276' title='bbox 2448 4027 2524 4089; x_wconf 91' lang='lat' dir='ltr'><strong>in</strong></span> <span class='ocrx_word' id='word_1_277' title='bbox 2569 4024 2944 4092; x_wconf 88' lang='lat' dir='ltr'><strong>Africam</strong></span> 
     </span>
     <span class='ocr_line' id='line_1_33' title="bbox 615 4132 2941 4201; baseline 0.001 -3"><span class='ocrx_word' id='word_1_278' title='bbox 615 4133 1198 4198; x_wconf 84' lang='lat' dir='ltr'><strong>transcendes?</strong></span> <span class='ocrx_word' id='word_1_279' title='bbox 1265 4133 1833 4199; x_wconf 89' lang='lat' dir='ltr'><strong>Transcendes</strong></span> <span class='ocrx_word' id='word_1_280' title='bbox 1895 4134 2208 4198; x_wconf 80' lang='lat' dir='ltr'><strong>autem?</strong></span> <span class='ocrx_word' id='word_1_281' title='bbox 2273 4132 2941 4201; x_wconf 89' lang='lat' dir='ltr'><strong>Transcendisse</strong></span> 
     </span>
    </p>
   </div>
   <div class='ocr_carea' id='block_1_3' title="bbox 675 4385 2945 4541">
    <p class='ocr_par' dir='ltr' id='par_1_3' title="bbox 675 4385 2945 4541">
     <span class='ocr_line' id='line_1_34' title="bbox 675 4385 2945 4455; baseline 0.002 -15"><span class='ocrx_word' id='word_1_282' title='bbox 675 4385 722 4454; x_wconf 91' lang='lat'><strong>¹)</strong></span> <span class='ocrx_word' id='word_1_283' title='bbox 758 4385 939 4440; x_wconf 86' lang='lat' dir='ltr'><strong>Video</strong></span> <span class='ocrx_word' id='word_1_284' title='bbox 975 4405 1144 4454; x_wconf 89' lang='lat' dir='ltr'><strong>nunc,</strong></span> <span class='ocrx_word' id='word_1_285' title='bbox 1182 4387 1347 4441; x_wconf 88' lang='lat' dir='ltr'><strong>etiam</strong></span> <span class='ocrx_word' id='word_1_286' title='bbox 1384 4386 1905 4455; x_wconf 77' lang='lat' dir='ltr'><strong>Frondenbergium</strong></span> <span class='ocrx_word' id='word_1_287' title='bbox 1942 4387 2001 4440; x_wconf 91' lang='lat' dir='ltr'><strong>in</strong></span> <span class='ocrx_word' id='word_1_288' title='bbox 2038 4387 2323 4440; x_wconf 87' lang='lat' dir='ltr'><strong>annalium</strong></span> <span class='ocrx_word' id='word_1_289' title='bbox 2360 4386 2557 4455; x_wconf 91' lang='lat' dir='ltr'><strong>philol.</strong></span> <span class='ocrx_word' id='word_1_290' title='bbox 2594 4386 2708 4442; x_wconf 79' lang='lat' dir='ltr'><strong>vol.</strong></span> <span class='ocrx_word' id='word_1_291' title='bbox 2751 4387 2945 4444; x_wconf 88' lang='lat' dir='ltr'>LXXI</span> 
     </span>
     <span class='ocr_line' id='line_1_35' title="bbox 752 4470 2578 4541; baseline 0 -17"><span class='ocrx_word' id='word_1_292' title='bbox 752 4488 805 4541; x_wconf 91' lang='lat' dir='ltr'><strong>p.</strong></span> <span class='ocrx_word' id='word_1_293' title='bbox 844 4473 946 4525; x_wconf 81' lang='lat'><strong>’726</strong></span> <span class='ocrx_word' id='word_1_294' title='bbox 983 4489 1100 4541; x_wconf 85' lang='lat' dir='ltr'><strong>sqq.</strong></span> <span class='ocrx_word' id='word_1_295' title='bbox 1139 4471 1164 4525; x_wconf 74' lang='lat'><strong>1⁶</strong></span> <span class='ocrx_word' id='word_1_296' title='bbox 1174 4491 1211 4526; x_wconf 92' lang='lat' dir='ltr'><strong>n</strong></span> <span class='ocrx_word' id='word_1_297' title='bbox 1246 4471 1622 4541; x_wconf 85' lang='lat' dir='ltr'><strong>Hispanias</strong></span> <span class='ocrx_word' id='word_1_298' title='bbox 1660 4470 2019 4525; x_wconf 85' lang='lat' dir='ltr'><strong>scribendum</strong></span> <span class='ocrx_word' id='word_1_299' title='bbox 2058 4489 2180 4526; x_wconf 89' lang='lat' dir='ltr'><strong>esse</strong></span> <span class='ocrx_word' id='word_1_300' title='bbox 2216 4472 2578 4526; x_wconf 81' lang='lat' dir='ltr'><strong>intellexisse.</strong></span> 
     </span>
    </p>
   </div>
  </div>
 </body>
</html>
