3230 5282
1447 600 1528 660 '77
2413 613 2537 667 Lib.
2575 614 2644 666 11.

317 789 509 847 sunt:
558 789 702 847 aut
746 804 919 848 mox
963 790 1328 848 moturos
1374 784 1846 868 apparebat
1882 782 2232 849 Sabinos
2266 793 2387 850 cet.
2458 785 2647 863 Quod

321 891 393 954 in
430 891 653 974 priore
689 897 879 974 parte
914 891 1254 957 sententiae
1289 890 1512 956 bella
1546 893 1946 958 nominativo
1983 914 2142 957 casu
2165 893 2648 975 intelleguntur,

318 999 389 1061 in
458 998 676 1063 altera
744 1000 1149 1078 accusatiVO,
1229 1020 1402 1083 saepe
1472 1000 1639 1079 dixi,
1708 1001 1777 1065 id
1844 1001 2195 1065 discrimen
2263 1002 2330 1065 in
2396 1003 2646 1066 neutris

322 1114 601 1186 veteres,
648 1105 767 1172 ubi
812 1108 1179 1190 praesertim
1223 1109 1574 1191 perspicue
1623 1108 1940 1173 distincta
1987 1110 2309 1174 orationis
2352 1110 2648 1174 membra

323 1220 571 1295 essent,
632 1213 1029 1298 perobscure
1077 1216 1363 1280 sensisse
1409 1236 1773 1294 curasseve,
1835 1216 2015 1299 quod
2061 1217 2344 1281 maxime
2387 1218 2453 1280 in
2504 1238 2647 1281 sen-

320 1322 551 1387 tentiis
621 1322 917 1387 relativis
985 1322 1459 1388 bimembribus
1528 1323 1824 1405 intellegi
1891 1330 2115 1407 potest
2174 1323 2418 1408 (quod
2478 1333 2553 1390 et
2610 1348 2650 1389 a

325 1427 629 1495 Crasso
712 1437 1027 1495 tactum
1108 1437 1236 1521 est
1316 1437 1396 1496 et
1459 1431 1964 1496 Aristoteles
2044 1432 2486 1512 adiunxit),
2569 1432 2648 1497 de

326 1538 572 1621 quibus
621 1540 900 1622 exposui
949 1539 1033 1604 ad
1080 1536 1213 1604 Cic.
1261 1540 1403 1603 Fin.
1452 1563 1513 1622 p.
1564 1543 1708 1603 650.

503 1644 702 1731 *Cap
751 1652 852 1726 49,
898 1653 967 1710 4:
1037 1646 1185 1712 Sex
1244 1653 1324 1711 et
1378 1648 1739 1712 trecenti
1787 1648 2132 1725 milites,
2194 1668 2466 1711 omnes
2513 1669 2650 1731 pa-

330 1756 602 1833 tricii,
678 1776 951 1819 omnes
1008 1755 1251 1819 unius
1308 1755 1612 1836 gentis,
1681 1776 2014 1836 quorum
2071 1757 2462 1819 neminem
2524 1754 2651 1818 du-

327 1884 503 1927 cem
584 1869 1019 1946 sperneret
1100 1863 1474 1945 egregius
1544 1863 2068 1945 quibuslibet
2135 1863 2650 1947 temporibus

332 1977 708 2049 senatuS,
766 1970 1027 2048 ibant,
1086 1971 1318 2034 unius
1373 1968 1711 2033 familiae
1769 1970 2086 2034 viribus
2134 1970 2455 2034 Veienti
2513 1995 2652 2054 po-

332 2078 524 2161 pulo
562 2083 876 2161 pestem
912 2078 1410 2142 minitantes.
1472 2076 1754 2142 Senatus
1790 2098 1919 2142 non
1946 2078 2174 2142 ducem
2199 2076 2419 2155 habet,
2447 2081 2571 2142 nisi
2600 2081 2653 2142 si

332 2185 603 2270 quando
649 2188 717 2250 in
764 2191 945 2249 certa
989 2184 1213 2267 aliqua
1256 2206 1327 2248 re
1372 2187 1564 2250 unius
1611 2186 2006 2249 sententiam
2053 2187 2365 2268 sequitur.
2414 2209 2551 2266 nec,
2600 2188 2655 2250 si

332 2293 466 2359 hoc
499 2292 726 2358 Livius
777 2292 1041 2371 diceret,
1091 2314 1291 2356 unum
1340 2291 1699 2374 quemlibet
1745 2314 1825 2356 ex
1870 2292 2000 2356 illis
2037 2294 2348 2358 trecentis
2388 2301 2653 2359 senatus

338 2402 702 2485 principem
772 2422 914 2466 esse
982 2401 1316 2484 potuisse,
1346 2432 1351 2435 ·
1397 2401 1807 2482 egregium
1886 2408 2184 2464 senatum
2253 2401 2656 2485 appellasset

337 2508 533 2590 (nihil
607 2510 779 2573 enim
837 2508 922 2572 ad
980 2530 1119 2572 rem
1179 2514 1450 2572 senatus
1505 2507 1652 2572 laus
1712 2506 2098 2592 pertineret)
2157 2531 2276 2572 nec
2331 2516 2653 2593 tempora,

339 2639 625 2701 quorum
684 2619 750 2681 in
808 2636 886 2681 ea
940 2637 1011 2680 re
1057 2615 1310 2680 nullum
1356 2621 1760 2681 momentum
1805 2623 1999 2696 esset,
2049 2626 2652 2698 commemorasset;

334 2727 743 2807 omninoque
802 2723 1224 2807 subineptum
1281 2724 1408 2788 hoc
1465 2732 1568 2789 est
1611 2730 1826 2789 totum
1874 2724 1954 2788 de
2000 2747 2394 2807 unoquoque
2439 2726 2648 2790 Fabio

336 2833 717 2915 principatu
775 2838 1044 2896 senatus
1106 2832 1334 2914 dign03
1402 2831 1566 2896 illud
1635 2839 1786 2915 apte
1856 2832 1983 2896 dici
2044 2854 2120 2896 ac
2177 2834 2314 2896 sine
2374 2834 2652 2899 ridicula

334 2940 851 3021 exaggeratione
897 2946 1189 3023 poterat,
1257 2961 1785 3022 unumquemque
1854 2962 1932 3004 ex
1991 2939 2094 3003 his
2153 2943 2465 3005 trecentis
2515 2963 2645 3021 sex,
2683 2960 2790 3029 (63)

332 3045 709 3110 senioribus
778 3048 1311 3129 iunioribusque,
1395 3047 1698 3111 omnibus
1779 3055 1998 3111 tamen
2077 3045 2411 3112 nobilibus
2479 3050 2653 3127 viris,

334 3155 743 3218 senatorium
788 3153 1005 3219 locum
1053 3156 1233 3218 tueri
1280 3154 1596 3237 potuisse,
1658 3161 1748 3232 ut,
1797 3156 1848 3217 si
1897 3177 2028 3219 non
2075 3154 2355 3218 militum
2404 3176 2652 3236 agmen,

332 3261 455 3325 sed
503 3249 765 3326 senatus
810 3261 920 3325 ille
969 3262 1223 3341 fuisset,
1285 3260 1447 3325 nihil
1495 3262 1847 3345 quisquam
1895 3263 1958 3325 in
2008 3285 2084 3326 eo
2133 3261 2218 3325 ad
2266 3262 2653 3343 dignitatem

334 3370 776 3452 requisiturus
822 3369 1057 3448 fuerit,
1106 3370 1387 3434 militum
1436 3376 1657 3433 autem
1705 3392 1969 3433 manum
2016 3390 2159 3433 eam
2207 3368 2440 3447 fuisse,
2511 3392 2653 3452 qua»

331 3500 418 3540 ex
489 3478 685 3540 meris
743 3476 1025 3542 ducibus
1085 3483 1388 3542 constare
1451 3477 1803 3542 videretur.
1896 3477 2111 3561 Atque
2168 3476 2335 3540 hanc
2395 3483 2653 3542 senten-

332 3584 503 3648 tiam
568 3605 609 3647 a
679 3583 865 3648 Livio
950 3585 1314 3668 Eutropius
1395 3587 1675 3668 sumpsit
1742 3585 1829 3664 (I,
1919 3585 2053 3666 16);
2138 3586 2271 3668 qui
2351 3585 2654 3667 singuli

331 3711 801 3772 magnorum
864 3695 1382 3757 exercituum
1442 3693 1686 3757 duces
1746 3715 1923 3756 esse
1972 3693 2396 3772 deberent3
2467 3694 2652 3757 cuius

334 3799 709 3864 imitatione
756 3799 1049 3863 nondum
1096 3801 1580 3878 animadversa,
1649 3803 1796 3882 ipsa
1852 3822 1954 3864 me
2011 3799 2139 3863 loci
2189 3799 2441 3864 Liviani
2502 3823 2654 3864 con-

331 3906 654 3971 sideratio
723 3907 857 3985 bis,
922 3907 1145 3971 multis
1215 3909 1575 3972 interiectis
1637 3909 1856 3986 anniS,
1926 3907 2297 3986 admonuit,
2366 3913 2440 3970 ut
2497 3907 2654 3972 scri-

332 4015 592 4077 berem:
641 4035 982 4097 quorum
1030 4014 1420 4078 neminem
1468 4015 1744 4078 ducem
1782 4036 2232 4098 spernereS,
2279 4016 2653 4098 egregius

327 4120 869 4203 quibuslibet
936 4121 1445 4204 temporibus
1506 4129 1862 4186 senatus
1967 4122 2104 4186 Iam
2163 4129 2468 4205 apparet,
2538 4145 2654 4186 cur

326 4227 456 4294 illa
525 4228 1051 4312 quibuslibet
1119 4230 1636 4313 temporibus
1707 4229 2055 4294 addantur.
2169 4228 2480 4294 Senserat
2537 4230 2651 4294 ali-

326 4335 498 4419 quid
566 4337 752 4421 pravi
826 4337 1095 4402 subesse
1151 4337 1580 4421 Tanaquillus
1638 4337 1883 4415 Faber,
1952 4336 2149 4401 homo
2209 4342 2472 4416 acutus,
2541 4339 2653 4421 qui

327 4465 460 4529 pro
523 4452 865 4510 senatus
913 4444 1113 4509 scribi
1156 4444 1455 4510 voluerat
1501 4446 1948 4522 exercitae,
2017 4443 2293 4509 licenter
2337 4443 2650 4527 profecte.
