3230 5282
491 620 616 675 Lib.
653 620 851 675 XXIV.
1534 655 1539 658 ⁴
1589 609 1713 670 342

492 793 672 876 apud
716 793 880 859 Vell.
928 793 1185 858 Patere.
1234 792 1281 871 I,
1328 797 1387 871 2,
1436 796 1494 872 2,
1542 793 1719 874 apud
1767 793 1907 858 val.
1956 793 2127 857 Max.
2175 794 2297 859 bis.
2358 795 2630 878 Semper
2671 795 2808 858 Pa-

492 907 675 966 tara
743 901 965 965 Livius
1039 901 1233 979 dixit,
1330 922 1460 966 non
1527 901 1927 965 Pataram.
2045 901 2226 965 Nihil
2296 904 2381 968 ad
2449 924 2589 968 rem
2659 924 2806 985 per·

493 1009 665 1073 tinet
711 1010 1151 1074 nominativus
1196 1008 1567 1091 Megaris,
1662 1007 1906 1089 (1862.)

668 1114 825 1199 Cap.
877 1121 987 1196 32,
1052 1121 1088 1180 6
1147 1115 1257 1197 (de
1314 1115 1740 1181 mercenariis
1796 1117 1993 1198 regiis
2054 1117 2418 1200 Syracusas
2476 1118 2806 1183 intromis-

490 1224 641 1305 sis):
733 1246 879 1289 nec
958 1226 1262 1289 minore
1341 1225 1564 1287 intus
1643 1224 1714 1286 vi
1793 1244 2027 1306 quam
2094 1208 2316 1289 forisx
2367 1231 2623 1309 portae
2690 1224 2806 1290 ef-

490 1331 1085 1412 fringebantur,
1135 1331 1691 1414 effractisque
1741 1332 2114 1397 omnibus
2159 1339 2339 1397 tuto
2386 1332 2806 1417 Hexapylo

491 1460 768 1522 agmen
813 1445 1227 1521 receptum
1271 1445 1416 1503 est.
1497 1438 1705 1504 Tuto
1752 1446 2091 1521 receptum
2138 1461 2281 1505 esse
2327 1461 2580 1522 agmen,
2624 1440 2808 1505 nulla

491 1554 638 1613 erat
682 1569 912 1626 causa,
973 1569 1091 1612 cur
1137 1546 1497 1625 diceretur,
1556 1568 1758 1628 quum
1803 1546 1968 1611 nihil
2015 1549 2290 1630 periculi
2335 1548 2807 1613 insidiarumve

493 1648 932 1738 significatum
978 1661 1174 1720 esset.
1276 1654 1404 1720 Sed
1461 1655 1639 1736 quod
1685 1654 1989 1720 Dukerus
2049 1663 2115 1721 et
2161 1656 2505 1721 Creverius
2551 1662 2809 1721 totum

490 1763 688 1827 scribi
733 1763 1099 1842 voluerunt,
1143 1769 1276 1827 tres
1322 1761 1581 1827 litteras
1629 1769 1968 1828 mutarunt
2011 1785 2133 1847 pro
2181 1785 2344 1843 una3
2393 1764 2592 1828 scribi
2638 1764 2810 1827 enim

491 1870 717 1936 debet:
766 1853 943 1936 toto
981 1870 1398 1954 Hexapylo
1447 1891 1726 1952 agmen
1770 1878 2380 1953 receptumest,
2428 1893 2546 1955 per
2582 1893 2807 1936 omnes

490 2001 606 2044 sex
651 1980 962 2043 introitus
1009 1980 1143 2044 sive
1190 1981 1398 2043 ianos.
1482 1978 1906 2044 Contrarium
1954 1978 2080 2043 hoc
2126 1986 2227 2043 est
2263 1980 2341 2059 ei,
2393 1980 2571 2062 quod
2610 2000 2809 2062 supra

491 2085 553 2168 (ἓ
601 2087 665 2166 5)
726 2088 903 2151 unis
970 2085 1287 2151 foribus
1345 2086 1747 2169 Hexapyli
1818 2088 2131 2169 apertis
2201 2089 2480 2171 coepti
2546 2088 2806 2170 recipi

488 2202 865 2259 narrantur.
994 2194 1086 2259 Ut
1165 2194 1336 2257 enim
1404 2193 1939 2258 Weissenbornio
2017 2193 2402 2269 concedam,
2486 2193 2809 2277 Hexapyli

491 2302 627 2381 (τῶν
670 2308 1001 2374 Ἑξαπύλων,
1059 2308 1133 2365 ut
1180 2301 1392 2366 Graeci
1436 2300 1825 2383 loquuntur)
1873 2302 2133 2366 nomine
2179 2322 2326 2366 vere
2373 2323 2567 2367 senas
2612 2302 2809 2379 fore3‚

490 2430 636 2491 quae
683 2408 829 2474 aliae
876 2408 1044 2475 alias
1093 2410 1493 2491 exciperent,
1541 2416 1617 2472 ut
1661 2431 1781 2492 per
1826 2432 2051 2475 omnes
2098 2409 2571 2474 transeundum
2618 2415 2810 2485 esset,

489 2516 894 2599 significatas
950 2538 1095 2582 esse
1154 2517 1309 2598 (etsi
1366 2538 1577 2599 neque
1639 2518 2035 2600 scriptorum
2091 2518 2470 2583 testimonio
2530 2517 2598 2581 id
2658 2537 2812 2582 con·

490 2624 792 2690 firmatur
857 2646 1071 2707 neque
1140 2624 1224 2690 ad
1280 2625 1582 2709 Dionysii
1650 2627 1913 2709 tyranni
1984 2632 2245 2691 aetatem
2314 2646 2393 2690 ea
2460 2631 2808 2709 portarum

490 2732 701 2799 forma
759 2735 1087 2817 pertinere
1144 2733 1451 2814 videtur),
1501 2734 1723 2798 Livius
1779 2741 2001 2799 tamen
2058 2734 2138 2798 de
2195 2733 2498 2817 pluribus
2555 2732 2808 2797 foribus

492 2841 677 2906 iuxta
720 2843 959 2926 positis
1005 2842 1347 2921 intellexit,
1396 2849 1487 2920 ut,
1534 2843 1837 2927 pluribus
1885 2843 2152 2925 apertis,
2186 2843 2407 2907 ‘maior
2451 2839 2808 2908 multitudo

491 2950 742 3013 intrare
789 2957 1036 3033 posset.
1137 2950 1449 3034 Alioquin
1507 2973 1638 3015 non
1698 2952 1880 3014 unis
1938 2949 2294 3028 foribuS,
2351 2949 2469 3014 sed
2524 2949 2807 3032 primis

492 3057 800 3134 dixisset,
870 3079 990 3123 nec
1055 3059 1318 3141 recipi
1392 3065 1767 3141 coeptOS,
1836 3079 2001 3141 quos
2059 3058 2272 3140 quinae
2334 3057 2510 3121 fores
2568 3056 2807 3121 clausae

491 3165 930 3232 excluderent.
1023 3165 1161 3248 [Sic
1217 3167 1350 3230 iam
1394 3163 1642 3246 Fabri]
1756 3164 1990 3247 (Paulo
2049 3171 2234 3243 ante,
2292 3165 2406 3230 ubi
2464 3165 2529 3228 in
2576 3164 2624 3228 P
2669 3148 2805 3228 est:

493 3273 631 3337 sed
703 3273 962 3337 surdae
1031 3273 1567 3337 aditomnium
1639 3294 1878 3337 aures
1941 3274 2373 3337 concitatae
2430 3271 2806 3336 multitu-

493 3379 719 3444 dines
778 3387 1040 3458 erant,
1099 3402 1302 3463 supra
1359 3382 1438 3458 it,
1495 3380 1675 3461 quod
1732 3382 1931 3444 etiam
1977 3381 2011 3440 Ιι
2058 3380 2187 3462 legi
2247 3386 2497 3463 potest,
2558 3380 2806 3462 scripto

492 3508 610 3565 ec,
678 3507 892 3570 neque
964 3486 1042 3552 id
1110 3488 1191 3551 de
1249 3495 1394 3553 tota
1452 3488 1754 3553 oratione
1813 3495 1878 3552 et
1935 3488 2245 3570 precibus
2303 3495 2481 3552 recte
2539 3487 2807 3570 ponitur

490 3613 700 3675 neque
771 3593 928 3658 ferri
996 3593 1134 3659 haec
1207 3596 1583 3678 epexegesis
1651 3602 1900 3678 potest:
1985 3597 2330 3660 omnium
2386 3630 2472 3638 —
2530 3594 2805 3659 conci-

491 3709 685 3765 tatae
764 3701 1353 3781 multitudinis,
1446 3704 1768 3787 longeque
1846 3703 2105 3796 diversa
2186 3709 2289 3767 est
2367 3701 2804 3786 appositionis

490 3808 703 3873 forma
748 3808 950 3887 XXX,
997 3814 1055 3889 7,
1110 3815 1216 3874 10:
1265 3808 1890 3888 Celtiberorum,
1937 3812 2278 3893 egregiae
2322 3810 2804 3873 iuventutis.

492 3914 925 3980 Scribendum
993 3917 1279 3980 videtur:
1360 3918 1497 3982 sed
1560 3917 1820 3982 surdae
1879 3918 1976 3983 ad
2034 3918 2303 3983 omnia
2360 3916 2485 3998 (ad
2543 3917 2806 3981 omnia

492 4023 724 4105 tum?)
772 4044 1027 4090 aures.
1122 4024 1489 4091 Gronovius
1536 4027 1634 4091 ad
1680 4027 1846 4091 haec
1892 4027 2168 4093 omnia.
2263 4024 2474 4105 1862.)

665 4128 823 4214 Cap.
880 4137 978 4212 34,
1031 4138 1125 4206 10,
1183 4133 1297 4198 ubi
1343 4135 1683 4199 scribitur:
1744 4157 1949 4218 quae
2006 4134 2354 4218 propius
2415 4131 2807 4214 quaedam

493 4237 889 4304 subibant
934 4261 1176 4306 naves
1212 4228 1381 4306 male
1418 4243 1959 4308 concurrentibus
1996 4240 2512 4324 pronominibuS,
2564 4240 2805 4305 rectius
2865 4284 2871 4290 -

494 4347 694 4410 etiam
751 4347 834 4411 ad
893 4350 1285 4415 sententiam
1344 4358 1472 4416 est:
1533 4352 1722 4433 quia
1779 4351 2116 4433 propius
2162 4356 2284 4414 cet.
2332 4348 2474 4430 (alii
2518 4346 2802 4429 quum).

494 4453 733 4534 LiviuS,
784 4476 854 4520 re
901 4458 1115 4522 minus
1161 4460 1511 4541 perspicue
1557 4460 1775 4522 animo
1824 4464 2160 4539 concepta,
2211 4456 2296 4520 ad
2342 4456 2625 4521 ferream
2669 4476 2806 4520 ma-
