3230 5282
595 595 720 652 Lib.
755 594 936 650 xm.
1028 655 1040 667 ,
1697 586 1821 647 654

595 775 786 836 rant
850 774 929 834 et
984 767 1509 838 Tessalorum
1576 771 1837 835 omnis
1900 772 2326 855 equitatus
2371 781 2655 857 partus
2702 773 2908 856 (errat

594 876 1039 964 Kreyssigius)
1109 884 1313 957 erat,
1380 898 1534 943 non
1600 879 1785 962 plus
1842 899 2075 962 quam
2134 878 2322 945 CCC
2372 884 2604 946 erant
2648 877 2903 960 adque

597 988 689 1053 in
758 987 1060 1052 castris
1125 984 1539 1051 Romanos,
1630 985 2068 1053 Posteriorem
2124 994 2381 1073 partem
2448 987 2527 1053 de
2573 985 2904 1052 Thessalis

596 1096 963 1161 rectissime
1029 1092 1604 1160 Drakenborchius
1676 1095 2076 1161 emendavit:
2159 1103 2237 1163 et
2301 1095 2904 1174 Thessalorum,

596 1225 932 1287 quorum
979 1200 1238 1269 omnis
1304 1205 1732 1286 equitatus
1794 1212 2179 1290 speratus
2247 1213 2451 1287 erat,
2508 1227 2668 1271 non
2722 1202 2904 1287 plus

428 1324 570 1395 (541)
607 1333 842 1395 quam
889 1310 1069 1377 CCC
1115 1318 1350 1377 erant
1396 1313 1726 1395 equites
1770 1314 1848 1377 in
1895 1315 2199 1380 castris
2243 1314 2644 1380 Romanis.
2734 1312 2902 1377 Nam

599 1427 1036 1505 separatus
1082 1419 1546 1486 Thessalorum
1594 1422 1954 1504 equitatus,
2000 1422 2127 1488 hoc
2174 1430 2295 1501 est,
2342 1423 2701 1508 separatim
2757 1428 2900 1487 ten-

598 1529 790 1609 denS‚
857 1530 1018 1595 mire
1062 1527 1359 1611 fingitur,
1429 1530 1743 1612 quoniam
1812 1532 2100 1597 omnium
2155 1531 2547 1617 populorum
2607 1529 2903 1614 separati

599 1639 855 1721 equites
903 1642 1119 1717 erant,
1179 1658 1391 1722 neque
1439 1637 1801 1722 quidquam
1847 1639 1915 1704 id
1960 1640 2046 1705 ad
2090 1639 2282 1705 huius
2326 1639 2456 1706 loci
2500 1638 2895 1704 sententiam

598 1748 920 1832 pertinet:
981 1745 1224 1811 refellit
1273 1754 1714 1812 commentum
1761 1769 1893 1813 una
1936 1769 2061 1814 vox
2120 1748 2418 1829 omnis;
2486 1748 2897 1814 demonstrat

597 1856 837 1936 LiviuS,
886 1860 1207 1941 quantum
1252 1854 1423 1920 infra
1469 1857 2029 1939 exspectationem
2050 1856 2496 1922 Romanorum
2527 1877 2635 1922 res
2677 1854 2900 1920 fuerit.

595 1965 673 2029 In
717 1964 836 2030 tali
882 1964 1373 2048 comparatione
1421 1971 1821 2047 exspectatae
1886 1966 1982 2029 rei
2044 1972 2109 2030 et
2163 1986 2331 2030 verae
2368 1963 2640 2031 'nullum
2696 1962 2901 2029 habet

594 2073 813 2139 locum
858 2069 1269 2157 parenthesis
1314 2070 1460 2150 illa,
1524 2094 1724 2157 quam
1768 2072 2033 2159 quidam
2077 2071 2438 2138 finxerunt:
2496 2079 2583 2138 et
2638 2070 2898 2138 Thes-

597 2181 959 2247 salorum
999 2183 1108 2259 (—
1146 2181 1416 2246 omnis
1463 2182 1916 2266 equitatus
1966 2188 2367 2265 speratus
2415 2187 2601 2247 erat
2636 2179 2751 2262 —)
2778 2185 2899 2245 cet.

595 2289 858 2355 Excidit
902 2309 1255 2372 quorum
1321 2296 1473 2371 post
1540 2311 1786 2355 orum.
1877 2290 2018 2354 Hac
2066 2289 2375 2374 expedita
2434 2297 2654 2374 parte,
2714 2289 2899 2372 prior

596 2399 798 2463 etiam
841 2418 973 2461 non
1020 2394 1372 2461 difficulter
1417 2396 1781 2482 expeditur,
1827 2403 2134 2482 totusque
2178 2397 2364 2463 locus
2396 2399 2493 2463 ita
2526 2403 2704 2463 recte
2746 2418 2899 2462 con·

593 2507 922 2572 tinuatur:
991 2503 1457 2569 AEtolorum
1520 2504 1669 2570 alae
1730 2507 1976 2570 unius
2042 2507 2348 2584 instar,
2409 2510 2816 2589 quantum
2860 2523 2900 2566 a

593 2620 783 2680 tota
828 2618 1074 2698 gente
1123 2613 1500 2697 equitum
1545 2621 1926 2693 venerat,
1998 2622 2074 2679 et
2133 2612 2772 2692 Thessalorum,
2835 2634 2893 2696 q.

597 2745 656 2789 o.
705 2743 758 2787 e.
809 2744 919 2807 sp.
970 2742 1044 2800 e.‚
1090 2743 1252 2787 non
1295 2720 1486 2805 plus
1535 2743 1775 2805 quam
1822 2721 2004 2788 CCC
2051 2724 2382 2806 equites
2428 2728 2663 2787 erant
2705 2721 2795 2785 in
2840 2741 2893 2785 c.

593 2831 670 2896 R.
759 2830 911 2896 Illa:
981 2837 1379 2913 quantum
1437 2867 1522 2875 —
1578 2838 1927 2897 venerat
2004 2831 2264 2897 adiecta
2329 2829 2710 2907 ostendunt,
2781 2850 2899 2893 nu-

593 2940 834 3006 merari
881 2960 1122 3018 omnes,
1172 2960 1334 3023 quos
1379 2945 1523 3004 tota
1568 2959 1725 3022 gens
1769 2940 2038 3019 miserit,
2082 2961 2215 3005 non
2249 2940 2413 3005 alios
2448 2945 2635 3004 extra
2679 2943 2898 3002 castra

594 3049 814 3133 aliquo
885 3049 1117 3113 missos
1182 3046 1407 3112 fuisse.
1507 3046 1704 3111 Erat
1769 3046 2066 3112 additum
2133 3047 2417 3128 videtur,
2499 3068 2699 3131 quum
2765 3068 2897 3111 non

592 3157 1252 3235 animadverteretur,
1313 3154 1398 3219 ad
1453 3161 1802 3237 utrumque
1860 3156 2225 3221 membrum
2270 3156 2704 3221 communitur
2747 3175 2895 3239 per·

591 3266 802 3332 tinere
871 3272 1232 3329 extremum
1297 3263 1492 3333 illud:
1553 3270 1787 3328 erant
1851 3264 1928 3328 in
1996 3286 2047 3329 c.
2115 3264 2191 3328 R.
2254 3263 2555 3347 [Rectius
2611 3262 2894 3329 fortasse

592 3372 942 3439 scribetur:
991 3371 1442 3437 AEtolorum
1489 3372 1630 3435 alae
1669 3373 1903 3436 unius
1949 3372 2215 3438 instar
2255 3371 2594 3454 (tantum
2630 3393 2670 3435 a
2712 3375 2894 3436 tota

591 3504 649 3565 g.
699 3502 807 3563 eq.
856 3479 1222 3560 venerat)
1271 3484 1349 3543 et
1393 3478 1971 3544 Thessalorum
2017 3487 2140 3545 cet.
2194 3477 2405 3561 1864]

763 3587 920 3673 Cap.
971 3592 1069 3667 56,
1123 3591 1198 3651 10
1243 3586 1625 3671 (postquam
1659 3586 1902 3652 dictum
1941 3594 2061 3668 est,
2106 3587 2344 3653 Persea
2375 3587 2462 3653 ad
2497 3606 2690 3670 agros
2723 3586 2891 3651 Phe·

587 3717 866 3762 raeorum
911 3695 1267 3762 vastandos
1314 3695 1589 3776 misisse,
1625 3696 1952 3761 Romanos
1999 3695 2146 3761 elici
2178 3695 2437 3780 longius
2484 3717 2525 3760 a
2557 3695 2793 3760 castris
2828 3699 2893 3759 et

591 3805 991 3890 deprehendi
1035 3825 1224 3888 posse
1270 3804 1545 3886 ratum):
1615 3804 1827 3882 Quos
1873 3826 2108 3886 quum
2153 3826 2242 3870 eo
2291 3804 2643 3870 tumultu
2686 3801 2892 3868 nihil

589 3920 847 3979 motos
917 3912 1678 3991 animadvertisset,
1746 3912 2089 3997 praedam
2170 3912 2489 3994 quidem
2555 3917 2891 3996 praeter-

590 4043 826 4106 quam
871 4022 1273 4088 hominum
1323 4057 1396 4065 —
1446 4021 1736 4086 divisit
1783 4021 1880 4086 ad
1925 4019 2416 4104 epulandum
2461 4019 2887 4086 militibus.

586 4130 674 4195 Et
732 4129 1059 4214 particula
1114 4129 1434 4212 quidem
1490 4130 1709 4213 inepte
1754 4131 1976 4213 posita
2021 4135 2086 4193 et
2140 4130 2633 4212 perversissima
2674 4148 2891 4193 rerum

589 4239 967 4304 coniunctio
1016 4237 1339 4317 declarat,
1386 4237 1492 4303 hic
1539 4259 1803 4322 quoque
1850 4236 2153 4321 quaedam
2214 4259 2254 4302 a
2306 4236 2579 4302 librario
2625 4242 2887 4320 prseter-

586 4348 790 4413 missa
835 4367 995 4425 esse,
1042 4369 1242 4431 quum
1286 4346 1660 4412 huiusmodi
1705 4346 1941 4411 fuisset
1985 4346 2259 4430 integrae
2295 4345 2610 4411 orationis
2654 4345 2884 4410 forma:

589 4455 797 4533 Quos
844 4477 905 4539 q.
953 4478 1006 4522 e.
1053 4462 1101 4519 t.
1147 4478 1208 4520 n.
1254 4470 1366 4519 m.·
1398 4454 2153 4535 animadvertisset,
2222 4474 2412 4520 suos
2480 4455 2559 4518 in
2616 4457 2886 4518 castra
