3230 5282
1409 589 1492 651 29

286 784 503 842 stres
550 783 1000 856 restantes;
1044 775 1138 841 IX
1175 797 1461 861 quoque,
1510 779 1609 856 30,
1658 780 1695 839 3
1740 776 2022 859 primam
2066 775 2286 839 mendi
2330 774 2607 853 formam

289 884 542 969 praebet
623 882 1106 965 (duosferia,
1176 905 1217 949 a
1270 906 1472 950 manu
1532 907 1664 968 pr.,
1733 885 1937 948 ceteri
1993 882 2393 967 interpolate
2451 883 2605 947 duo

287 994 668 1078 imperia,
725 993 904 1078 quod
946 994 1016 1058 in
1060 994 1129 1059 M
1174 994 1466 1059 secunda
1511 1013 1747 1057 manus
1796 991 2203 1075 adscripsit),
2251 991 2329 1071 X,
2375 997 2476 1071 45,
2528 995 2603 1055 12

288 1102 508 1185 ipsum
575 1122 800 1167 verum
867 1102 1038 1185 (nec
1106 1102 1431 1168 obsidio
1500 1102 1638 1166 sed
1704 1100 2039 1181 bellum,
2107 1101 2309 1164 ceteri
2375 1100 2606 1165 vitiose

290 1231 432 1275 nec
493 1210 821 1276 obsidio
878 1232 1021 1276 nec
1064 1210 1417 1291 bellum).
1522 1209 1761 1275 Omnia
1816 1217 2038 1276 tamen
2095 1208 2287 1273 facile
2336 1214 2610 1291 superat

289 1320 546 1397 merita,
595 1319 773 1403 quod
790 1318 969 1399 ‚V111,
1017 1324 1119 1399 23,
1170 1325 1250 1384 10
1299 1342 1467 1383 unus
1512 1317 1828 1383 indicium
1873 1317 2035 1382 facit
2077 1318 2350 1396 lacunae,
2396 1317 2609 1382 verbis

288 1427 387 1506 iis,
434 1426 682 1511 quibus
728 1429 794 1493 in
841 1429 1077 1494 ceteris
1121 1428 1424 1494 omnibus
1472 1427 1808 1493 occultata
1852 1433 1972 1506 est,
2014 1433 2274 1491 tantum
2319 1426 2387 1491 in
2430 1447 2600 1490 mar·
2639 1440 2744 1509 (27)

290 1536 437 1619 gine
484 1535 845 1616 adnotatiS,
889 1535 1443 1619 quemadmodum
1487 1538 1556 1601 in
1600 1536 1824 1602 codice
1871 1536 2225 1619 archetypo
2272 1534 2610 1619 adscripta

290 1643 498 1710 fuisse
544 1644 881 1725 videntnr3
938 1646 1141 1710 ceteri
1185 1645 1444 1710 librarii
1489 1646 1558 1709 in
1602 1651 1974 1710 contextam
2021 1645 2384 1708 orationem
2429 1665 2609 1709 rece-

292 1760 555 1837 perunt.
582 1753 644 1834 ¹)
758 1752 887 1818 Sed
942 1754 1010 1818 in
1066 1753 1172 1819 his
1216 1755 1425 1819 tantis
1471 1753 1725 1818 meritis
1773 1760 1996 1818 tamen
2039 1751 2221 1816 haud
2263 1773 2414 1817 raro
2459 1775 2608 1835 pro·

293 1862 440 1946 pria
496 1861 740 1926 menda
796 1882 1186 1948 erroresque
1241 1863 1505 1927 inscitia
1563 1869 1745 1927 ortos
1802 1861 2006 1926 habet
2061 1860 2165 1941 (ut
2219 1860 2314 1939 II,
2376 1865 2488 1940 24,
2550 1868 2606 1940 (5,

292 1990 447 2052 quo
516 1971 781 2036 minus
841 1992 925 2035 se
979 1971 1058 2035 in
1116 1973 1375 2037 omnis
1434 1970 1773 2036 sedendi
1829 1991 1950 2053 pro
2009 1990 2159 2053 quo
2219 1970 2480 2033 minus
2539 1970 2609 2033 ei

291 2078 645 2143 nominis
690 2078 1073 2161 edendi2),
1132 2084 1235 2160 42,
1284 2085 1321 2143 6
1369 2101 1517 2144 cum
1563 2080 1623 2144 R
1665 2099 2045 2162 perversum
2090 2077 2257 2141 illud
2301 2077 2608 2143 favoris

290 2186 370 2250 in
408 2209 476 2251 m
489 2185 651 2251 ulti
666 2192 696 2251 t
707 2208 752 2250 u
767 2187 809 2251 d
822 2187 898 2250 in
915 2209 949 2251 e
963 2208 1049 2267 m,
1070 2188 1249 2272 quod
1272 2194 1512 2273 praeter
1533 2186 2019 2252 Alschefskium
2045 2187 2246 2250 miror
2267 2186 2607 2251 Hertzium

294 2301 601 2360 secutum
664 2315 838 2374 esse,
894 2316 1016 2379 pro
1071 2295 1382 2361 furoris
1440 2296 1519 2360 in
1575 2295 2145 2374 multitudine,
2206 2317 2608 2379 quamquam

292 2403 611 2469 favoris
666 2404 734 2467 in
779 2402 1133 2487 archetypo
1177 2402 1383 2469 fuisse
1429 2404 1631 2469 etiam
1678 2402 1869 2467 LlHl
1925 2409 2271 2482 testantur,
2332 2403 2443 2483 III,
2509 2410 2605 2483 13,

294 2517 334 2576 4
379 2513 510 2577 cui
570 2533 693 2596 pro
740 2512 865 2577 cui
908 2513 1046 2593 rei,
1106 2534 1158 2577 c.
1209 2517 1308 2592 35,
1371 2515 1451 2577 10
1496 2532 1646 2576 cum
1691 2512 1750 2576 R
1793 2510 2259 2595 improbant
2303 2534 2419 2594 pro
2465 2513 2607 2576 im-

296 2619 792 2705 probabant,
848 2620 1177 2704 quomodo
1222 2621 1289 2686 in
1333 2620 1806 2687 recentissimis
1853 2620 2106 2704 aliquot
2150 2621 2386 2686 iterum
2433 2644 2607 2687 erra-

296 2736 437 2794 tum
496 2736 629 2809 est,
697 2751 749 2794 c.
812 2733 922 2809 36,
994 2733 1031 2792 6
1088 2750 1257 2812 quae
1314 2731 1442 2794 sui
1498 2730 1796 2794 iudicii
1854 2751 2020 2812 quae
2075 2729 2368 2809 videri,
2437 2731 2605 2796 male

294 2839 584 2923 repetito
630 2858 818 2921 quae,
877 2842 976 2915 37,
1024 2842 1061 2901 6
1109 2837 1624 2903 obsedebant
1666 2860 1786 2921 pro
1834 2838 2358 2919 obsederant,
2405 2860 2457 2904 c.
2505 2845 2606 2919 44,

292 2951 332 3010 6
375 2967 529 3010 cum
575 2946 635 3011 R
688 2945 1259 3012 tabernaculis
1317 2968 1438 3030 pro
1493 2946 1903 3025 taberniS,
1974 2967 2026 3010 c.
2079 2951 2197 3027 46,
2272 2951 2307 3010 3
2357 2969 2504 3012 cum
2550 2950 2608 3013 R

293 3055 521 3119 iusto
581 3054 707 3118 die
752 3076 873 3138 pro
918 3056 1043 3120 ius
1089 3076 1178 3120 eo
1225 3056 1384 3135 die,
1441 3057 1507 3119 in
1553 3077 1749 3139 quem
1794 3075 2083 3120 errorem
2130 3057 2330 3120 etiam
2378 3056 2607 3122 incidit

296 3161 610 3227 librarius
668 3161 720 3225 L
773 3163 865 3246 1),
932 3165 999 3228 in
1053 3165 1407 3248 postremis
1471 3164 1737 3248 quidem
1793 3163 1982 3228 libris
2041 3163 2291 3247 plureS,
2362 3166 2609 3248 opinor,

294 3272 763 3355 gravioresque
808 3293 1008 3357 quam
1030 3271 1101 3351 P,
1150 3293 1432 3356 quorum
1479 3293 1681 3355 supra
1726 3271 2023 3356 exempla
2066 3274 2198 3337 tria
2240 3275 2448 3357 posui,
2495 3274 2610 3339 ad·

296 3380 450 3444 dam
496 3402 720 3457 unum,
768 3381 943 3464 quod
986 3380 1476 3445 recentissimos
1512 3379 1799 3446 editores
1835 3381 2112 3464 decepit,
2148 3380 2320 3462 VIII,
2351 3388 2446 3461 18,
2474 3383 2604 3464 7.³)

356 3619 401 3684 ¹)
438 3617 508 3671 In
543 3616 646 3684 IX,
702 3620 793 3684 39,
848 3620 884 3671 4
920 3617 1094 3671 etiam
1128 3618 1255 3672 PLl
1304 3624 1364 3672 et
1410 3637 1552 3673 unus
1604 3624 1663 3673 et
1700 3618 1843 3673 alter
1878 3624 2161 3688 praeterea
2197 3626 2390 3675 carent
2425 3623 2609 3676 verbis

436 3703 718 3768 insiticiis,
755 3704 868 3757 nisi
901 3704 1058 3772 quod
1091 3703 1135 3757 P
1172 3704 1230 3759 in
1268 3704 1521 3773 margine
1556 3704 1848 3773 adscripta
1884 3721 1950 3758 ea
1982 3704 2170 3759 habet.

353 3792 403 3852 ¹)
440 3788 486 3842 P
531 3806 566 3842 a
614 3806 749 3843 vero
794 3795 1017 3845 tantum
1061 3808 1177 3845 una
1221 3791 1415 3844 littera
1461 3789 1747 3859 geminata
1791 3790 2038 3843 aberrat:
2103 3807 2230 3858 quo
2277 3791 2496 3844 minus
2547 3791 2608 3846 ei

435 3876 737 3933 nominis
774 3876 1088 3932 sedendi.

356 3963 405 4028 ³)
442 3962 778 4018 Rectissime
814 3963 891 4015 ibi
928 3962 988 4016 in
1015 3962 1246 4030 reliquis
1274 3961 1533 4015 omnibus
1562 3960 1852 4015 codicibus
1882 3961 2176 4016 scribitur:
2215 3969 2284 4016 et
2318 3980 2604 4032 coquen-

440 4055 544 4103 tes
611 4049 933 4116 quasdam
984 4048 1500 4102 medicamenta
1553 4052 1623 4100 et
1676 4046 2048 4101 recondita
2104 4047 2242 4100 alia
2298 4047 2443 4116 (quae
2497 4049 2608 4103 iam

439 4140 608 4190 cocta
653 4133 833 4200 erant)
878 4134 1310 4188 invenerunt.
1393 4132 1460 4187 In
1494 4132 1579 4196 M,
1624 4136 2002 4201 proeterquam
2048 4131 2202 4200 quod
2249 4139 2481 4202 propter
2513 4133 2604 4187 lit·

436 4227 593 4273 teras
641 4236 744 4272 am
779 4218 867 4274 bis
902 4218 1115 4288 positas
1154 4220 1429 4290 scriptum
1466 4222 1556 4272 est
1589 4216 2181 4285 quasdammenta,
2229 4220 2610 4287 geminatione

441 4306 760 4360 litterarum
807 4305 908 4359 ita
950 4293 1162 4360 factum
1206 4309 1295 4361 est
1330 4303 1545 4370 (addito
1584 4318 1610 4353 v
1650 4303 1722 4357 ad
1756 4303 2023 4358 Latinum
2060 4304 2395 4358 vocabulum
2433 4303 2605 4360 effici·

441 4390 672 4458 endum)
708 4391 1077 4446 recondita
1110 4391 1390 4456 vitalia,
1438 4388 1592 4458 quod
1628 4406 1800 4457 quum
1839 4394 1956 4443 tam
1991 4393 2142 4444 esset
2177 4389 2498 4456 absurdum,
2546 4394 2611 4444 ut

439 4478 539 4532 uni
587 4475 942 4532 Alschefskio
996 4476 1223 4546 probari
1275 4480 1499 4546 posset,
1554 4474 1969 4529 substituerunt
2012 4494 2193 4546 nuper
2236 4476 2611 4533 recondita
