3230 5282
1414 596 1532 657 171
2349 608 2475 664 Lib.
2515 608 2638 664 VII.

317 783 553 857 tamen,
633 784 711 844 ut
773 779 833 843 is
899 777 1138 858 voluit,
1214 779 1797 862 praecipitatur
1869 798 2021 859 nec,
2098 786 2174 845 ut
2220 779 2633 861 Gebhardus,

317 886 910 970 praecipitavit,
980 885 1095 951 sed
1160 884 1268 950 hic
1337 907 1601 971 quoque
1658 887 2139 970 praecipitat
2196 888 2632 954 scribendum.

317 992 468 1075 (Ubi
526 995 797 1078 proprie
843 994 926 1058 de
973 993 1360 1059 cadentibus
1406 995 1476 1058 in
1518 1013 1813 1077 praeceps
1860 995 2109 1076 agitur,
2176 996 2377 1060 etiam
2421 997 2634 1080 passi-

312 1121 461 1166 vum
505 1102 800 1185 ponitur,
843 1122 901 1167 V.
937 1100 1147 1181 XXII,
1191 1106 1249 1181 6,
1283 1106 1339 1181 5,
1374 1101 1670 1181 XXXVI,
1712 1106 1812 1182 30,
1849 1107 1922 1166 4:
1969 1103 2332 1168 iumenta
2376 1104 2636 1169 multa

311 1242 397 1256 ·—
427 1210 961 1295 praecipitata
1005 1229 1174 1273 cum
1216 1210 1428 1293 ipsis
1476 1209 1871 1276 oneribus
1917 1216 2122 1291 sunt,
2167 1209 2529 1292 XXXVIII,
2574 1216 2633 1292 2,

318 1316 516 1400 14.)¹)
616 1317 711 1384 Ut
755 1315 844 1382 ad
886 1316 1030 1397 VH,
1080 1321 1118 1381 6
1162 1317 1453 1396 redeam,
1498 1338 1634 1383 non
1679 1318 1930 1382 iniuria
1970 1316 2278 1384 Dukerus
2325 1318 2633 1402 copulam

314 1425 719 1490 desideravit
769 1424 946 1490 inter
1012 1425 1590 1509 praecipitaret
1645 1430 1712 1490 et
1770 1425 2196 1492 occideret
2250 1426 2356 1491 vel
2412 1428 2633 1510 potius

311 1533 875 1613 occideretur3
936 1538 1005 1598 et
1059 1532 1306 1598 excidit
1359 1531 1674 1597 facillime
1720 1539 1801 1598 et
1844 1539 1998 1617 post
2039 1534 2632 1618 praecipitaret.

313 1639 889 1722 Occideretur,
957 1640 1136 1724 quod
1208 1640 1365 1706 olim
1420 1642 1490 1706 in
1545 1640 1949 1706 editionibus
2007 1647 2186 1722 erat,
2256 1663 2291 1707 e
2348 1642 2634 1708 deterio-

309 1749 490 1815 ribus
540 1748 882 1815 codicibus
930 1755 1281 1832 sumptum,
1339 1750 1500 1833 quin
1542 1748 2028 1815 restituendum
2063 1750 2170 1829 sit,
2214 1770 2345 1815 non
2381 1750 2633 1831 dubit0,

311 1859 436 1922 etsi
501 1856 599 1923 ibi
666 1858 1047 1922 coniectura
1107 1863 1336 1922 natum
1390 1857 1641 1937 iudico;
1705 1878 1861 1921 nam
1914 1877 2129 1940 neque
2189 1857 2286 1923 ab
2342 1858 2632 1924 insciis

313 1985 458 2030 cum
495 1966 1104 2030 circumventus
1140 1966 1445 2048 coniungi
1479 1963 1615 2030 ullo
1651 1963 1847 2030 modo
1884 1969 2127 2048 potest,
2163 1984 2376 2047 neque
2410 1963 2633 2032 Livius

309 2072 434 2138 hoc
477 2094 613 2138 uno
658 2072 811 2138 loco
856 2078 974 2137 aut
1017 2072 1364 2155 quisquam
1409 2073 1606 2137 dixit:
1658 2071 1944 2138 occido
1991 2071 2087 2137 ab
2133 2071 2431 2157 aliquo,
2478 2075 2635 2156 quia

313 2181 551 2247 aderat
606 2179 973 2260 occidor3
1027 2180 1379 2245 interire
1437 2179 1532 2245 ab
1594 2180 1880 2264 aliquo
1927 2179 2129 2244 aliam
2172 2179 2381 2246 habet
2423 2183 2630 2247 ratio-

309 2309 477 2354 nem.
590 2288 670 2353 In
727 2288 954 2354 codice
1012 2294 1392 2354 nostrorum
1446 2288 1807 2372 archetypo
1868 2288 2107 2372 opinor
2149 2287 2382 2369 fuisse,
2451 2289 2632 2374 quod

308 2396 377 2461 M
431 2396 670 2476 habet,
732 2395 1234 2476 occiderent,
1293 2416 1496 2481 prave
1543 2395 2114 2462 accommodatum
2160 2395 2246 2461 ad
2291 2397 2626 2463 interfi-

309 2509 610 2569 cerent.
703 2503 834 2570 Sed
874 2509 1088 2569 restat
1132 2524 1386 2569 summa
1427 2504 1772 2568 sententiae
1817 2505 2133 2587 pravitas.
2197 2504 2453 2571 Vitiose
2496 2506 2632 2570 iam

311 2611 646 2679 diceretur
681 2611 922 2696 aliquis
954 2611 1052 2678 ab
1087 2612 1394 2692 insciis,
1433 2632 1662 2695 quem
1697 2609 2303 2693 interficerent,
2344 2612 2633 2696 occidi,

314 2728 734 2806 praepostero
803 2719 1030 2785 ordine
1088 2726 1156 2785 et
1208 2721 1379 2785 mira
1433 2719 1875 2802 abundantia3
1945 2721 2063 2787 sed
2120 2742 2322 2806 supra
2374 2721 2641 2787 modum

309 2829 666 2894 ridiculum
711 2835 842 2909 est,
910 2829 1199 2894 occisum
1244 2828 1531 2913 aliquem
1576 2849 1723 2894 esse
1769 2828 1934 2910 (sive
1980 2830 2131 2913 quis
2175 2829 2453 2910 mavult,
2514 2831 2640 2895 cir-

311 2935 760 3018 cumventum)
797 2935 881 3001 ab
915 2937 1160 3015 insciiS,
1206 2937 1665 3021 quem—iam
1701 2942 1855 3001 ante
1878 2937 2249 3002 ——interf
2256 2959 2291 3003 e
2309 2939 2637 3003 cissent.

313 3044 622 3111 Occisum
691 3043 1060 3109 Genucium
1127 3043 1352 3108 Livius
1418 3045 1777 3127 scripserat
1841 3043 1937 3110 ab
2002 3045 2323 3124 insciis,
2406 3066 2640 3129 quem

312 3152 930 3235 (circumvenissent
995 3151 1090 3233 et)
1157 3151 1787 3233 intercepissent.
1899 3152 2003 3216 Ea
2074 3151 2278 3217 verba
2343 3157 2411 3216 et
2477 3151 2640 3217 alibi

313 3260 596 3327 confusa
640 3266 711 3326 et
751 3261 822 3325 in
867 3261 1154 3343 epitome
1197 3259 1354 3325 libri
1398 3257 1655 3325 CXVII.
1747 3259 1993 3342 (1861.)

489 3367 651 3452 Cap.
706 3373 811 3448 10,
885 3370 991 3432 13:
1059 3367 1290 3432 Inter
1344 3369 1795 3434 carminum
1852 3388 2107 3452 prope
2152 3366 2469 3432 modum
2513 3367 2640 3432 in-

308 3474 657 3540 condita
724 3474 1082 3559 quaedam
1151 3476 1644 3541 militariter
1698 3474 2173 3542 ioculantes
2231 3476 2642 3560 Torquati

311 3603 756 3667 cognomen
813 3582 1193 3648 auditum.
1299 3583 1637 3649 Enarrant
1693 3603 1945 3668 prope
1990 3585 2434 3649 carminum
2478 3605 2641 3650 mo-

312 3691 519 3756 dum.
629 3690 985 3774 Equidem,
1068 3691 1233 3775 quid
1300 3693 1390 3756 sit
1456 3691 2071 3776 propemodum,
2139 3693 2307 3773 sci03
2387 3713 2641 3777 prope

306 3798 633 3865 modum
676 3797 1036 3863 alicuius
1080 3800 1204 3864 rei
1247 3821 1382 3865 non
1427 3799 1696 3865 memini
1741 3821 1846 3864 me
1892 3821 2175 3884 usquam
2219 3801 2469 3883 legere,
2526 3799 2642 3865 sed

309 3909 766 3973 carminum
820 3907 902 3970 in
959 3907 1275 3972 modum
1333 3914 1399 3973 et
1457 3908 1702 3973 similia
1757 3928 1931 3993 saepe
1987 3914 2055 3974 et
2112 3908 2292 3992 apud
2348 3908 2518 3975 alios
2576 3913 2646 3973 et

309 4014 494 4100 apud
536 4015 798 4080 Livium
844 4014 947 4096 (V,
994 4020 1052 4095 8,
1101 4019 1138 4079 3
1184 4016 1542 4081 lixarum
1584 4017 1666 4081 in
1709 4016 2040 4096 modum,
2104 4020 2211 4096 15,
2257 4021 2299 4080 4
2341 4016 2643 4081 vatici-

309 4124 598 4189 nantis
642 4124 725 4188 in
767 4121 1092 4203 modum,
1136 4123 1246 4202 VI,
1299 4128 1396 4202 14,
1448 4128 1522 4188 11
1573 4125 2137 4191 contionantis
2181 4125 2222 4190 i.
2260 4146 2344 4189 m.
2391 4130 2459 4189 et
2502 4125 2637 4191 alio

369 4380 416 4445 ¹)
456 4375 884 4446 [Consti-antur,
937 4395 1064 4447 quae
1115 4379 1251 4434 hinc
1301 4378 1588 4448 profectus
1642 4378 1857 4434 Usener
1906 4381 1966 4434 in
2023 4380 2207 4435 annal.
2266 4378 2465 4449 philol.
2525 4377 2635 4431 vol.

459 4463 612 4518 CVII
644 4482 702 4533 p.
740 4464 844 4518 398
879 4463 1234 4535 disputavit]
