3230 5282
547 597 670 653 nib.
708 597 911 652 xxm.
1250 562 1255 567 ⁴
1641 584 1765 647 324

550 770 682 835 Sed
726 769 915 835 valde
961 790 1210 849 vereor,
1258 791 1339 834 ne
1387 769 1568 834 aliud
1617 770 1810 835 simul
1855 770 2195 835 turbatum
2239 770 2326 833 sit
2369 774 2435 833 et
2480 774 2635 852 post
2677 768 2860 851 prius

549 877 909 943 triduum
970 877 1287 943 exciderit
1342 876 1736 943 fecerunt.
1839 878 2008 943 Nam
2063 897 2277 959 neque
2333 875 2575 941 ludos
2629 875 2860 941 fune·

548 985 737 1050 bres
797 985 1052 1050 alicui
1109 985 1299 1050 dare
1356 986 1591 1051 Latine
1651 987 1895 1052 dicitur
1960 985 2223 1067 (ludos
2282 985 2545 1067 quidem
2602 982 2860 1048 alicui
2949 1006 2958 1013 ·

553 1094 745 1159 dare
813 1093 1009 1176 longe
1066 1092 1200 1158 alia
1257 1093 1761 1176 significatione)
1819 1103 1888 1159 et
1944 1094 2222 1178 permire
2280 1100 2540 1158 mortuo
2596 1090 2736 1155 ludi
2795 1096 2864 1154 et

548 1200 990 1285 gladiatorum
1059 1201 1249 1284 paria
1317 1201 1476 1266 data
1542 1202 1870 1268 dicuntur.
1994 1202 2122 1266 Per
2189 1200 2602 1267 occasionem
2667 1199 2861 1263 ludos

552 1308 860 1374 funebres
940 1308 1190 1392 Lepido
1266 1308 1552 1374 faciendi
1634 1310 2040 1392 gladiatores
2118 1310 2258 1374 dati
2338 1315 2521 1385 sunt,
2613 1306 2861 1390 populo

553 1415 823 1482 scilicet.
914 1414 1199 1497 1862.]¹)
1300 1417 1522 1482 Etiam
1568 1438 1714 1501 cap.
1764 1422 1874 1496 31,
1937 1422 2013 1481 12
2072 1416 2431 1483 notandam
2489 1416 2721 1481 saltem
2765 1416 2864 1479 in·

552 1523 901 1599 solentiam
989 1523 1251 1589 dicendi
1339 1526 1407 1589 in
1496 1524 1600 1589 his
1681 1525 1894 1591 verbis
1971 1533 2167 1609 puto:
2260 1525 2596 1590 comitia
2673 1543 2864 1588 eon·

553 1632 713 1697 suli
771 1632 907 1696 uni
966 1631 1333 1715 rogando
1388 1633 1469 1697 in
1526 1632 1786 1698 locum
1830 1633 1901 1698 L.
1948 1634 2354 1699 Postumii
2400 1634 2860 1698 edicuntur.

550 1739 865 1804 Potestne
931 1739 1056 1805 hoc
1122 1746 1337 1806 ortum
1405 1761 1549 1806 esse
1614 1762 1695 1807 ex
1756 1740 1883 1805 hac
1940 1742 2301 1826 scriptura:
2361 1761 2512 1806 cos.
2571 1741 2863 1807 subro-

553 1847 811 1930 gando
879 1848 956 1911 in
1023 1848 1280 1913 locum
1350 1850 1518 1921 cet?
1583 1849 1755 1913 Nam
1812 1856 1879 1914 et
1933 1850 2066 1913 uni
2124 1850 2359 1916 vitiose
2406 1848 2702 1914 abundat
2743 1869 2865 1914 nec

554 1976 844 2039 rogare
909 1957 990 2020 in
1055 1955 1320 2021 locum
1388 1957 1749 2022 alicuius
1816 1950 2138 2022 usitatum
2206 1965 2325 2023 est.
2452 1956 2624 2039 [Lib.
2693 1956 2863 2035 XLI,

560 2068 672 2143 1'7,
736 2069 775 2129 5
820 2084 949 2129 non
1008 2064 1220 2155 minus
1264 2064 1495 2131 vitiose
1542 2065 1841 2130 abundat
1882 2067 2144 2145 uniu8‚
2201 2066 2469 2131 verbum
2528 2065 2868 2149 proprium

555 2172 855 2255 ponitur;
924 2192 1076 2236 nam
1134 2171 1367 2251 XLIV,
1433 2176 1540 2251 13,
1602 2177 1641 2237 '7
1687 2158 1956 2257 prorsus
2014 2180 2272 2239 rectum
2329 2180 2429 2238 cst
2481 2174 2722 2237 unius
2784 2172 2870 2238 de

558 2279 775 2344 altera
817 2300 899 2344 ex
943 2279 1203 2345 duabus
1248 2280 1544 2361 urbibuS,
1593 2281 1674 2346 de
1721 2281 1964 2365 quibus
2010 2280 2280 2365 agitur]

728 2385 886 2470 Cap.
926 2390 1027 2465 32,
1082 2393 1156 2452 16
1193 2387 1336 2469 (ubi
1381 2389 1604 2472 agitur
1650 2390 1731 2454 de
1776 2391 2180 2457 exercituum
2225 2398 2291 2454 et
2334 2390 2756 2473 imperiorum
2800 2390 2868 2454 in

556 2516 799 2560 annum
849 2499 975 2561 215
1023 2495 1548 2578 distribution‘e):
1608 2498 2190 2564 Terentianum
2247 2498 2467 2562 mitti
2513 2517 2681 2561 cum
2727 2497 2867 2561 ali-

558 2624 710 2690 quo
756 2603 1235 2687 legatorum.
1326 2605 1516 2682 Quod
1564 2613 1767 2691 caput
1811 2612 1975 2687 erat,
2020 2605 2323 2672 Dukerus
2372 2604 2552 2685 vidit,
2600 2604 2869 2672 Tarenti

383 2726 524 2795 (266)
560 2732 797 2777 nomen
842 2711 1192 2792 excidisse3
1251 2713 1363 2778 sed
1409 2715 1721 2797 quoniam
1768 2716 2061 2799 proxime
2107 2736 2235 2780 non
2283 2715 2701 2780 exercitus
2747 2734 2869 2780 nec

558 2819 786 2885 miles
842 2820 1219 2886 nominatus
1278 2828 1398 2902 est,
1467 2822 1584 2888 sed
1653 2824 2054 2906 legione8‚
2118 2823 2302 2888 locus
2360 2823 2458 2888 ita
2513 2828 2659 2887 erat
2715 2844 2869 2906 sup·

558 2929 866 3013 plendus:
915 2926 1497 2996 Terentianum
1542 2931 1963 2994 exercitu·
2005 2932 2403 2994 Tarentum
2450 2929 2760 3011 mitti.²)

732 3035 889 3120 Gap.
938 3040 1040 3116 34,
1095 3042 1169 3101 12
1218 3037 1360 3119 (ubi
1404 3039 1481 3103 A.
1518 3038 1860 3110 Cornelius
1907 3041 1971 3104 in
2019 3046 2248 3105 senatu
2297 3039 2378 3104 de
2425 3044 2607 3103 statu
2649 3059 2872 3104 rerum

558 3147 626 3210 in
652 3145 958 3211 Sardinia
994 3147 1320 3229 exponit):
1368 3148 1979 3230 exercitumque
2026 3148 2142 3212 ibi
2189 3153 2277 3212 ut
2314 3147 2523 3212 satis
2558 3145 2873 3211 firmum

560 3260 873 3338 pacatae
920 3255 1358 3336 provinciae
1402 3256 1842 3339 praesidem,
1874 3276 2083 3334 esse,
2143 3256 2264 3320 ita
2308 3275 2589 3338 parum
2633 3254 2871 3331 belle,

562 3361 771 3446 quod
815 3366 1115 3427 motum
1159 3362 1263 3426 iri
1306 3361 1752 3432 videretur.
1854 3363 2107 3430 Vitiose
2164 3363 2414 3428 dicitur
2457 3362 2869 3428 exercitus

563 3491 745 3534 esse
802 3490 1084 3551 parum
1129 3461 1380 3548 bello,
1450 3471 1660 3536 multo
1707 3472 2039 3538 vitiosius:
2111 3477 2238 3537 est
2281 3472 2396 3536 ibi
2443 3470 2870 3535 exercitus

562 3597 841 3661 parum
898 3575 1148 3656 bello,
1216 3578 1401 3660 quia,
1470 3586 1596 3646 est
1651 3602 1799 3645 oum
1857 3580 2168 3646 adverbio
2216 3580 2593 3656 coniuncto,
2661 3577 2872 3660 magis

565 3683 913 3768 perspicue
969 3685 1330 3766 requiritur
1385 3687 1809 3767 adiectivum3
1867 3694 2066 3770 auget
2110 3689 2373 3765 vitium,
2430 3686 2632 3752 efficit
2675 3693 2871 3764 certe,

564 3798 639 3857 ut
694 3792 904 3874 magis
952 3793 1261 3872 emineat,
1329 3794 1469 3859 haec
1525 3795 1964 3878 comparatio:
2035 3803 2122 3861 ut
2188 3797 2392 3860 satis
2460 3796 2746 3860 firmus
2789 3829 2877 3841 —

564 3921 899 3984 praeses,
957 3900 1076 3963 ita
1124 3902 1411 3983 'parum
1455 3902 1698 3968 bello.
1812 3904 2132 3987 Apparet,
2187 3903 2442 3969 Livium
2490 3903 2872 3986 scripsisse:

624 4168 674 4234 ¹)
711 4168 877 4237 [Quin
912 4170 1110 4226 ludos
1149 4171 1311 4228 dare
1348 4173 1594 4240 (edere)
1633 4175 1891 4229 absolute
1921 4181 2074 4231 recte
2105 4175 2344 4243 dicatur,
2382 4175 2507 4243 quis
2534 4170 2876 4241 dubitavim

622 4253 671 4320 ²)
711 4254 872 4323 Quod
908 4274 954 4310 c.
993 4259 1078 4323 32,
1118 4261 1142 4311 1
1183 4260 1561 4326 conieceram‚
1615 4277 1717 4329 pro
1764 4260 2471 4329 volonesquefierent
2516 4259 2878 4316 scribendum

708 4356 857 4395 esse:
913 4341 1227 4410 volones,
1285 4345 1404 4411 qui
1449 4344 1544 4398 ibi
1592 4349 1792 4400 erant
1834 4345 2011 4415 (apud
2046 4346 2287 4416 Ingersl.
2327 4346 2477 4401 male
2526 4361 2874 4414 expressum:

706 4426 818 4480 cui
854 4426 953 4480 ibi
991 4427 1223 4494 erant),
1260 4428 1748 4485 Weissenbornius
1785 4447 1819 4484 a
1855 4448 1912 4485 se
1949 4449 2172 4500 quoque
2208 4433 2497 4487 inventum
2533 4429 2738 4499 posuit.
