3230 5282
1398 590 1514 652 681
2190 601 2201 608 ”
2249 602 2372 658 Lib.
2412 602 2608 657 XLIV.

315 793 368 838 c.
416 777 517 855 46,
562 775 762 840 etiam
805 776 1077 859 propius
1124 776 1211 841 ad
1241 797 1462 842 veram
1500 776 1892 841 sententiam
1930 775 2128 860 paulo
2165 780 2319 860 post
2353 796 2609 842 accom-

313 882 760 964 modabimus3
806 904 978 950 nunc
1021 884 1303 968 primum
1349 884 1672 964 dicamus,
1738 891 2121 967 comparata
2171 885 2422 949 veriore
2476 884 2613 965 illa,

315 1011 464 1076 quae
506 992 573 1056 in
620 1012 673 1056 c.
727 996 804 1057 10
848 992 1115 1057 inventa
1150 999 1267 1071 est,
1316 992 1662 1076 scriptura,
1684 993 1775 1057 ·in
1821 1014 1917 1072 e0,
1965 1013 2006 1057 a
2040 1012 2168 1075 quo
2204 993 2337 1058 orsi
2371 1013 2614 1071 sumus,

313 1099 462 1166 loco
507 1099 925 1166 scribendum
961 1101 1307 1185 perspicue
1353 1121 1526 1166 esse:
1585 1100 1783 1167 duos
1828 1122 1919 1166 ex
1962 1101 2266 1180 amicis,
2312 1100 2612 1166 Pellam

314 1208 704 1288 alterum,
791 1215 910 1288 ut,
998 1229 1173 1292 quse
1240 1209 1326 1271 ad
1408 1209 1714 1272 Phae-n
1791 1211 2146 1293 pecunia
2224 1208 2615 1293 deposita

315 1324 521 1396 erat,
568 1316 802 1383 deinde
846 1317 1151 1382 lacunam
1194 1316 1568 1383 huiusmodi
1605 1317 1742 1383 fere
1780 1316 2234 1401 supplemento
2282 1324 2613 1397 utcunque

313 1425 696 1509 tegendam:
743 1427 824 1490 in
868 1446 1091 1490 mare
1137 1424 1624 1509 proiiceret,
1682 1424 2367 1491 Thessalonicam
2414 1424 2612 1489 alte·

313 1555 522 1613 rum,
568 1534 708 1618 qui
754 1534 1090 1599 navalia
1133 1533 1671 1613 incenderet,
1738 1535 2007 1614 misit3
2068 1532 2613 1616 Asclepiodo-

315 1650 489 1709 tum
535 1650 618 1709 et
671 1642 1101 1728 Hippiam,
1171 1643 1484 1725 quique
1542 1663 1718 1707 cum
1772 1643 1879 1707 iis
1924 1647 2202 1720 erant,
2261 1662 2353 1706 ex
2407 1660 2612 1723 pree-

317 1751 577 1817 sidiis
620 1758 968 1817 revocat
1013 1757 1138 1816 cet.
1213 1749 1415 1815 Phaci
1461 1771 1700 1816 nomen
1745 1750 1853 1815 hic
1894 1750 2122 1830 latere,
2171 1750 2368 1815 etiam
2405 1747 2613 1813 Weis-

318 1860 710 1926 senbornius
757 1861 1131 1944 suspicatus
1190 1865 1366 1938 erat3
1432 1857 1710 1924 formam
1765 1859 2116 1923 verborum
2172 1881 2302 1925 non
2344 1858 2611 1923 invenit.

314 1968 398 2033 In
443 1967 555 2033 illo
603 1975 842 2047 autem,
890 1988 1084 2052 quem
1125 1968 1449 2050 tantisper
1493 1966 1741 2046 distuli,
1783 1966 1928 2032 loco
1975 1987 2027 2031 c.
2073 1971 2174 2047 46,
2223 1973 2260 2032 5
2306 1966 2388 2032 de
2432 1965 2615 2032 Pella

315 2077 483 2142 urbe
531 2077 626 2141 sic
673 2076 1014 2142 scribitur:
1085 2074 1270 2142 Sita
1337 2083 1468 2141 est
1528 2077 1609 2141 in
1677 2075 2000 2140 tumulo
2069 2081 2471 2157 vergente
2535 2075 2614 2138 in

318 2184 849 2250 occidentem
915 2183 1391 2265 hibernum3
1458 2185 1807 2267 cingunt
1864 2182 2218 2267 paludes
2277 2184 2615 2248 inexsu-

318 2293 746 2378 perabilis
813 2292 1313 2359 altitudinis
1369 2298 1665 2358 aestate
1710 2300 1789 2358 et
1853 2291 2143 2371 hieme,
2212 2312 2413 2375 quas
2477 2292 2788 2363 τεῦ-(664)

320 2407 819 2485 stagnantes
885 2400 1215 2476 faciunt
1293 2400 1567 2482 lacus3
1648 2402 1730 2465 in
1796 2401 1988 2484 ipsa
2053 2398 2391 2484 palude,
2462 2421 2620 2482 qua

320 2510 698 2603 proicima
740 2509 922 2575 urbi
971 2517 1120 2589 est,
1165 2509 1382 2576 velut
1425 2510 1712 2575 insula
1750 2509 2056 2574 eminet
2101 2508 2384 2592 aggeri
2431 2529 2617 2592 ope-

321 2619 442 2685 ris
488 2620 854 2702 ingentis
910 2619 1335 2702 imposita,
1380 2625 1503 2683 cet.
1595 2617 1703 2685 Sic
1746 2618 1916 2684 enim
1978 2617 2209 2696 edunt,
2267 2616 2396 2682 nisi
2441 2615 2617 2701 quod

322 2728 616 2813 quidam,
662 2734 1000 2811 praeeunte
1034 2727 1418 2807 Florebello,
1452 2728 1805 2792 ridiculum
1837 2747 1981 2792 esse
2016 2725 2391 2804 sentienteS,
2436 2725 2620 2790 illam

323 2834 557 2902 velut
599 2835 946 2901 insulam
990 2836 1367 2918 impositam
1414 2836 1542 2901 dici
1587 2836 1845 2918 aggeri,
1892 2841 2043 2917 post
2087 2834 2390 2898 eminet
2432 2832 2619 2898 addi-

323 2944 771 3010 derunt-arx.
841 2942 970 3009 Sed
1015 2944 1147 3009 alia
1189 2951 1291 3010 est
1333 2945 1655 3028 pravitas3
1702 2962 1852 3008 nam
1899 2942 2079 3007 lacus
2113 2946 2190 3005 ut
2224 2962 2354 3006 non
2388 2938 2619 3019 fluant,

323 3055 423 3118 ita
465 3074 548 3117 ne
593 3059 981 3134 restagnant
1024 3052 1287 3135 quidem
1344 3070 1464 3116 nec
1518 3050 1798 3135 paludes
1842 3050 2125 3126 faciunt,
2191 3048 2304 3113 sed
2350 3046 2622 3113 flumina

324 3162 778 3242 restagnantia
821 3160 1004 3225 lacus
1051 3166 1119 3225 et
1162 3159 1436 3244 paludes
1481 3157 1796 3223 efficiunt.
1887 3157 1962 3222 In
2008 3156 2233 3222 codice
2278 3154 2617 3221 scribitur:

328 3289 528 3351 quas
573 3274 1155 3351 restagnantes
1219 3267 1544 3332 faciunt
1598 3246 1904 3351 padcus
1958 3266 2036 3333 in
2092 3265 2272 3348 ipsa
2326 3263 2618 3347 palude

330 3384 451 3442 cet.
501 3376 770 3461 (puncto
813 3377 1230 3461 superposito
1273 3376 1486 3459 ipsum
1530 3375 1868 3439 librarium
1924 3374 2215 3439 litteram
2274 3370 2619 3438 delendam

329 3485 722 3568 significare,
790 3506 991 3569 supra
1057 3485 1239 3565 dixi).
1327 3483 1682 3567 Perspicue
1739 3484 1978 3548 eminet
2033 3482 2240 3565 ipsius
2285 3480 2457 3546 arcis
2502 3502 2622 3546 no·

328 3615 495 3659 men.
564 3591 800 3677 Itaque
848 3592 1402 3660 sicscribendum
1448 3598 1577 3657 est:
1626 3611 1828 3674 quas
1871 3594 2465 3672 restagnantes
2509 3588 2620 3654 fa-

330 3703 563 3777 ciunt
607 3720 874 3764 annes.
941 3702 1072 3764 Arx
1110 3699 1382 3763 Phacus
1416 3700 1491 3763 in
1527 3699 1712 3782 ipsa
1756 3697 2059 3782 palude
2095 3698 2317 3763 velut
2349 3696 2625 3763 insula

331 3811 667 3889 eminet,
737 3810 1021 3892 aggeri
1084 3843 1171 3854 -
1234 3809 1662 3891 imposita.
1751 3807 1992 3871 Amnes
2059 3805 2219 3871 dicit
2261 3805 2498 3870 Axium
2553 3811 2623 3871 et

330 3918 643 3998 Ludiam3
687 3917 813 3983 vid.
864 3915 1079 3982 Strab.
1126 3915 1245 3980 VII
1289 3916 1367 3981 fr.
1415 3919 1516 3995 20,
1564 3918 1664 3995 22,
1709 3918 1809 3980 23.
1900 3914 2061 3980 Tres
2104 3914 2193 3995 hi,
2239 3934 2403 3998 quos
2448 3921 2621 3978 trac-

333 4028 488 4107 tavi,
532 4025 660 4092 loci
703 4024 978 4091 mirifice
1024 4026 1198 4090 inter
1242 4045 1312 4090 se
1359 4023 1765 4089 confirmant.

503 4133 662 4218 Cap.
711 4137 768 4213 6,
818 4138 855 4198 6
902 4128 1283 4217 (postquam
1332 4132 1556 4199 Livius
1612 4132 1935 4210 narravit,
1997 4131 2323 4196 Romanos
2378 4135 2623 4194 temere

332 4264 408 4309 eo
453 4262 864 4328 progressos,
931 4241 1101 4307 unde
1168 4240 1442 4306 evadere
1497 4240 1629 4305 nisi
1688 4260 1808 4323 per
1854 4237 2020 4304 duos
2078 4236 2316 4315 saltus,
2383 4242 2624 4320 praeter

330 4351 524 4417 Dium
570 4357 639 4416 et
680 4373 802 4435 per
845 4351 1116 4434 Tempe,
1160 4370 1292 4415 non
1335 4353 1639 4432 possent,
1695 4368 1839 4430 quae
1897 4353 2178 4429 utraque
2223 4344 2396 4428 regis
2444 4349 2623 4408 tene·

328 4467 560 4529 rentur
581 4458 958 4543 praesidiis):
1006 4459 1295 4541 Itaque
1331 4457 1399 4523 si
1436 4456 1591 4521 dux
1624 4454 2096 4539 intrepidus
2135 4452 2403 4519 decem
2448 4450 2624 4517 dies
