<?xml version="1.0" encoding="UTF-8"?>
<!DOCTYPE html PUBLIC "-//W3C//DTD XHTML 1.0 Transitional//EN"
    "http://www.w3.org/TR/xhtml1/DTD/xhtml1-transitional.dtd">
<html xmlns="http://www.w3.org/1999/xhtml" xml:lang="en" lang="en">
 <head>
  <title>
</title>
<meta http-equiv="Content-Type" content="text/html;charset=utf-8" />
  <meta name='ocr-system' content='tesseract 3.04.00' />
  <meta name='ocr-capabilities' content='ocr_page ocr_carea ocr_par ocr_line ocrx_word'/>
</head>
<body>
  <div class='ocr_page' id='page_1' title='image "./emendationesliv03madvgoog_0136.png"; bbox 0 0 3230 5282; ppageno 0'>
   <div class='ocr_carea' id='block_1_1' title="bbox 602 588 1823 655">
    <p class='ocr_par' dir='ltr' id='par_1_1' title="bbox 602 588 1823 655">
     <span class='ocr_line' id='line_1_1' title="bbox 602 588 1823 655; baseline -0.004 -1"><span class='ocrx_word' id='word_1_1' title='bbox 602 598 728 655; x_wconf 85' lang='lat' dir='ltr'><strong>Lib.</strong></span> <span class='ocrx_word' id='word_1_2' title='bbox 768 599 863 655; x_wconf 84' lang='lat' dir='ltr'>IV.</span> <span class='ocrx_word' id='word_1_3' title='bbox 1703 588 1823 649; x_wconf 82' lang='lat'>126</span> 
     </span>
    </p>
   </div>
   <div class='ocr_carea' id='block_1_2' title="bbox 426 771 2959 4526">
    <p class='ocr_par' dir='ltr' id='par_1_2' title="bbox 597 771 2920 1724">
     <span class='ocr_line' id='line_1_2' title="bbox 777 771 2919 857; baseline -0 -20"><span class='ocrx_word' id='word_1_4' title='bbox 777 771 933 857; x_wconf 88' lang='lat' dir='ltr'>Cap.</span> <span class='ocrx_word' id='word_1_5' title='bbox 982 777 1083 853; x_wconf 84' lang='lat'>51,</span> <span class='ocrx_word' id='word_1_6' title='bbox 1129 775 1198 837; x_wconf 88' lang='lat'>3:</span> <span class='ocrx_word' id='word_1_7' title='bbox 1266 772 1325 837; x_wconf 92' lang='lat' dir='ltr'>A</span> <span class='ocrx_word' id='word_1_8' title='bbox 1368 772 1608 857; x_wconf 84' lang='lat' dir='ltr'>plebe</span> <span class='ocrx_word' id='word_1_9' title='bbox 1655 792 2059 838; x_wconf 90' lang='lat' dir='ltr'>consensu</span> <span class='ocrx_word' id='word_1_10' title='bbox 2105 772 2391 857; x_wconf 91' lang='lat' dir='ltr'>populi</span> <span class='ocrx_word' id='word_1_11' title='bbox 2436 772 2919 839; x_wconf 90' lang='lat' dir='ltr'>consulibus</span> 
     </span>
     <span class='ocr_line' id='line_1_3' title="bbox 602 878 2919 966; baseline 0 -21"><span class='ocrx_word' id='word_1_12' title='bbox 602 882 1016 964; x_wconf 80' lang='lat' dir='ltr'><strong>negotium</strong></span> <span class='ocrx_word' id='word_1_13' title='bbox 1086 880 1537 946; x_wconf 86' lang='lat' dir='ltr'>mandatur.</span> <span class='ocrx_word' id='word_1_14' title='bbox 1643 878 1804 957; x_wconf 83' lang='lat' dir='ltr'>Quae</span> <span class='ocrx_word' id='word_1_15' title='bbox 1857 879 2260 946; x_wconf 88' lang='lat' dir='ltr'>Niebuhrius</span> <span class='ocrx_word' id='word_1_16' title='bbox 2317 881 2399 946; x_wconf 93' lang='lat' dir='ltr'>de</span> <span class='ocrx_word' id='word_1_17' title='bbox 2455 881 2741 966; x_wconf 91' lang='lat' dir='ltr'>populi</span> <span class='ocrx_word' id='word_1_18' title='bbox 2798 900 2919 945; x_wconf 91' lang='lat' dir='ltr'>no-</span> 
     </span>
     <span class='ocr_line' id='line_1_4' title="bbox 599 988 2920 1075; baseline 0.001 -22"><span class='ocrx_word' id='word_1_19' title='bbox 599 989 777 1053; x_wconf 93' lang='lat' dir='ltr'>mine</span> <span class='ocrx_word' id='word_1_20' title='bbox 845 988 1013 1054; x_wconf 80' lang='lat' dir='ltr'><strong>dixit</strong></span> <span class='ocrx_word' id='word_1_21' title='bbox 1079 1010 1121 1054; x_wconf 87' lang='lat' dir='ltr'>a</span> <span class='ocrx_word' id='word_1_22' title='bbox 1183 988 1368 1075; x_wconf 86' lang='lat' dir='ltr'>Livio</span> <span class='ocrx_word' id='word_1_23' title='bbox 1434 989 1768 1054; x_wconf 88' lang='lat' dir='ltr'>interdum</span> <span class='ocrx_word' id='word_1_24' title='bbox 1835 989 1917 1054; x_wconf 93' lang='lat' dir='ltr'>de</span> <span class='ocrx_word' id='word_1_25' title='bbox 1982 989 2283 1073; x_wconf 86' lang='lat' dir='ltr'>patriciis</span> <span class='ocrx_word' id='word_1_26' title='bbox 2349 990 2450 1054; x_wconf 89' lang='lat' dir='ltr'>ita</span> <span class='ocrx_word' id='word_1_27' title='bbox 2512 988 2769 1074; x_wconf 88' lang='lat' dir='ltr'>posito,</span> <span class='ocrx_word' id='word_1_28' title='bbox 2842 996 2920 1055; x_wconf 90' lang='lat' dir='ltr'>ut</span> 
     </span>
     <span class='ocr_line' id='line_1_5' title="bbox 602 1096 2918 1182; baseline 0.001 -22"><span class='ocrx_word' id='word_1_29' title='bbox 602 1096 790 1181; x_wconf 84' lang='lat' dir='ltr'>plebs</span> <span class='ocrx_word' id='word_1_30' title='bbox 856 1096 942 1163; x_wconf 86' lang='lat' dir='ltr'>ab</span> <span class='ocrx_word' id='word_1_31' title='bbox 1011 1098 1092 1161; x_wconf 90' lang='lat' dir='ltr'>iis</span> <span class='ocrx_word' id='word_1_32' title='bbox 1150 1097 1449 1162; x_wconf 90' lang='lat' dir='ltr'>seiuncta</span> <span class='ocrx_word' id='word_1_33' title='bbox 1505 1097 1943 1181; x_wconf 79' lang='lat' dir='ltr'>cogitaretur,</span> <span class='ocrx_word' id='word_1_34' title='bbox 2010 1118 2216 1177; x_wconf 85' lang='lat' dir='ltr'>nunc,</span> <span class='ocrx_word' id='word_1_35' title='bbox 2281 1099 2548 1182; x_wconf 88' lang='lat' dir='ltr'>opinor,</span> <span class='ocrx_word' id='word_1_36' title='bbox 2616 1098 2918 1163; x_wconf 87' lang='lat' dir='ltr'>omittere</span> 
     </span>
     <span class='ocr_line' id='line_1_6' title="bbox 605 1204 2917 1290; baseline 0 -20"><span class='ocrx_word' id='word_1_37' title='bbox 605 1206 746 1270; x_wconf 91' lang='lat' dir='ltr'>sine</span> <span class='ocrx_word' id='word_1_38' title='bbox 811 1204 1210 1271; x_wconf 75' lang='lat' dir='ltr'>refutatione</span> <span class='ocrx_word' id='word_1_39' title='bbox 1275 1204 1466 1286; x_wconf 90' lang='lat' dir='ltr'>licet;</span> <span class='ocrx_word' id='word_1_40' title='bbox 1530 1225 1810 1290; x_wconf 89' lang='lat' dir='ltr'>prorsus</span> <span class='ocrx_word' id='word_1_41' title='bbox 1876 1204 2052 1271; x_wconf 89' lang='lat' dir='ltr'>enim</span> <span class='ocrx_word' id='word_1_42' title='bbox 2118 1206 2258 1271; x_wconf 89' lang='lat' dir='ltr'>sine</span> <span class='ocrx_word' id='word_1_43' title='bbox 2322 1205 2459 1272; x_wconf 85' lang='lat' dir='ltr'>ullo</span> <span class='ocrx_word' id='word_1_44' title='bbox 2528 1211 2917 1290; x_wconf 90' lang='lat' dir='ltr'>argumento</span> 
     </span>
     <span class='ocr_line' id='line_1_7' title="bbox 599 1312 2918 1398; baseline 0 -20"><span class='ocrx_word' id='word_1_45' title='bbox 599 1312 955 1396; x_wconf 90' lang='lat' dir='ltr'>finguntur.</span> <span class='ocrx_word' id='word_1_46' title='bbox 1078 1314 1243 1379; x_wconf 90' lang='lat' dir='ltr'>Eius</span> <span class='ocrx_word' id='word_1_47' title='bbox 1317 1319 1541 1379; x_wconf 88' lang='lat' dir='ltr'>autem</span> <span class='ocrx_word' id='word_1_48' title='bbox 1605 1312 1866 1398; x_wconf 88' lang='lat' dir='ltr'>populi,</span> <span class='ocrx_word' id='word_1_49' title='bbox 1946 1315 2061 1397; x_wconf 92' lang='lat' dir='ltr'>qui</span> <span class='ocrx_word' id='word_1_50' title='bbox 2127 1334 2164 1378; x_wconf 93' lang='lat' dir='ltr'>e</span> <span class='ocrx_word' id='word_1_51' title='bbox 2227 1315 2525 1398; x_wconf 87' lang='lat' dir='ltr'>patriciis</span> <span class='ocrx_word' id='word_1_52' title='bbox 2593 1321 2660 1380; x_wconf 91' lang='lat' dir='ltr'>et</span> <span class='ocrx_word' id='word_1_53' title='bbox 2723 1314 2918 1398; x_wconf 89' lang='lat' dir='ltr'>plebe</span> 
     </span>
     <span class='ocr_line' id='line_1_8' title="bbox 599 1420 2916 1508; baseline 0 -22"><span class='ocrx_word' id='word_1_54' title='bbox 599 1427 876 1501; x_wconf 89' lang='lat' dir='ltr'>constat,</span> <span class='ocrx_word' id='word_1_55' title='bbox 921 1441 1247 1487; x_wconf 87' lang='lat' dir='ltr'>consensu</span> <span class='ocrx_word' id='word_1_56' title='bbox 1287 1420 1470 1487; x_wconf 92' lang='lat' dir='ltr'>nullo</span> <span class='ocrx_word' id='word_1_57' title='bbox 1515 1421 1711 1487; x_wconf 93' lang='lat' dir='ltr'>modo</span> <span class='ocrx_word' id='word_1_58' title='bbox 1759 1422 1949 1507; x_wconf 90' lang='lat' dir='ltr'>plebs</span> <span class='ocrx_word' id='word_1_59' title='bbox 1996 1422 2127 1487; x_wconf 92' lang='lat' dir='ltr'>dici</span> <span class='ocrx_word' id='word_1_60' title='bbox 2170 1427 2395 1507; x_wconf 88' lang='lat' dir='ltr'>potest</span> <span class='ocrx_word' id='word_1_61' title='bbox 2440 1422 2804 1508; x_wconf 81' lang='lat' dir='ltr'>quidquam</span> <span class='ocrx_word' id='word_1_62' title='bbox 2847 1423 2916 1487; x_wconf 90' lang='lat' dir='ltr'>in</span> 
     </span>
     <span class='ocr_line' id='line_1_9' title="bbox 599 1529 2912 1615; baseline -0 -20"><span class='ocrx_word' id='word_1_63' title='bbox 599 1531 740 1595; x_wconf 88' lang='lat' dir='ltr'>suis</span> <span class='ocrx_word' id='word_1_64' title='bbox 779 1529 930 1614; x_wconf 89' lang='lat' dir='ltr'>ipsa</span> <span class='ocrx_word' id='word_1_65' title='bbox 973 1529 1254 1595; x_wconf 87' lang='lat' dir='ltr'>comitiis</span> <span class='ocrx_word' id='word_1_66' title='bbox 1298 1529 1536 1610; x_wconf 90' lang='grc'>133313,</span> <span class='ocrx_word' id='word_1_67' title='bbox 1582 1529 1969 1615; x_wconf 83' lang='lat' dir='ltr'>frustraque</span> <span class='ocrx_word' id='word_1_68' title='bbox 1990 1530 2565 1596; x_wconf 89' lang='lat' dir='ltr'>Weissenbornius</span> <span class='ocrx_word' id='word_1_69' title='bbox 2600 1531 2787 1597; x_wconf 90' lang='lat' dir='ltr'>locos</span> <span class='ocrx_word' id='word_1_70' title='bbox 2825 1529 2912 1594; x_wconf 89' lang='lat' dir='ltr'>ad</span> 
     </span>
     <span class='ocr_line' id='line_1_10' title="bbox 597 1636 2913 1724; baseline 0 -21"><span class='ocrx_word' id='word_1_71' title='bbox 597 1636 771 1703; x_wconf 87' lang='lat' dir='ltr'>hanc</span> <span class='ocrx_word' id='word_1_72' title='bbox 812 1659 954 1703; x_wconf 90' lang='lat' dir='ltr'>rem</span> <span class='ocrx_word' id='word_1_73' title='bbox 995 1637 1161 1702; x_wconf 89' lang='lat' dir='ltr'>nihil</span> <span class='ocrx_word' id='word_1_74' title='bbox 1206 1638 1467 1703; x_wconf 90' lang='lat' dir='ltr'>omnino</span> <span class='ocrx_word' id='word_1_75' title='bbox 1512 1640 1921 1723; x_wconf 81' lang='lat' dir='ltr'>pertinentes</span> <span class='ocrx_word' id='word_1_76' title='bbox 1967 1637 2263 1721; x_wconf 86' lang='lat' dir='ltr'>collegit,</span> <span class='ocrx_word' id='word_1_77' title='bbox 2319 1639 2388 1704; x_wconf 92' lang='lat' dir='ltr'>in</span> <span class='ocrx_word' id='word_1_78' title='bbox 2434 1639 2678 1724; x_wconf 90' lang='lat' dir='ltr'>quibus</span> <span class='ocrx_word' id='word_1_79' title='bbox 2722 1659 2913 1704; x_wconf 90' lang='lat' dir='ltr'>con-</span> 
     </span>
    </p>

    <p class='ocr_par' dir='ltr' id='par_1_3' title="bbox 426 1733 2959 4526">
     <span class='ocr_line' id='line_1_11' title="bbox 426 1733 2959 1831; baseline -0 -19"><span class='ocrx_word' id='word_1_80' title='bbox 426 1759 568 1828; x_wconf 85' lang='lat'>(106)</span> <span class='ocrx_word' id='word_1_81' title='bbox 605 1767 892 1811; x_wconf 90' lang='lat' dir='ltr'>sensus</span> <span class='ocrx_word' id='word_1_82' title='bbox 949 1745 1234 1831; x_wconf 90' lang='lat' dir='ltr'>populi</span> <span class='ocrx_word' id='word_1_83' title='bbox 1290 1753 1410 1812; x_wconf 91' lang='lat' dir='ltr'>aut</span> <span class='ocrx_word' id='word_1_84' title='bbox 1454 1746 1835 1812; x_wconf 86' lang='lat' dir='ltr'>civitatis</span> <span class='ocrx_word' id='word_1_85' title='bbox 1879 1747 2259 1812; x_wconf 87' lang='lat' dir='ltr'>nominatur</span> <span class='ocrx_word' id='word_1_86' title='bbox 2302 1752 2421 1812; x_wconf 87' lang='lat' dir='ltr'>aut</span> <span class='ocrx_word' id='word_1_87' title='bbox 2464 1746 2722 1831; x_wconf 90' lang='lat' dir='ltr'>plebem</span> <span class='ocrx_word' id='word_1_88' title='bbox 2766 1766 2917 1831; x_wconf 87' lang='lat' dir='ltr'>par·</span> <span class='ocrx_word' id='word_1_89' title='bbox 2945 1733 2959 1742; x_wconf 67' lang='grc'><strong><em>’</em></strong></span> 
     </span>
     <span class='ocr_line' id='line_1_12' title="bbox 594 1853 2915 1939; baseline -0 -19"><span class='ocrx_word' id='word_1_90' title='bbox 594 1860 730 1920; x_wconf 90' lang='grc'>13111</span> <span class='ocrx_word' id='word_1_91' title='bbox 796 1876 942 1921; x_wconf 93' lang='grc'>3333</span> <span class='ocrx_word' id='word_1_92' title='bbox 1007 1853 1235 1939; x_wconf 89' lang='lat' dir='ltr'>populi</span> <span class='ocrx_word' id='word_1_93' title='bbox 1304 1854 1718 1937; x_wconf 86' lang='lat' dir='ltr'>significatur</span> <span class='ocrx_word' id='word_1_94' title='bbox 1783 1853 1887 1936; x_wconf 93' lang='lat' dir='ltr'>(ut</span> <span class='ocrx_word' id='word_1_95' title='bbox 1942 1875 2145 1938; x_wconf 92' lang='lat' dir='ltr'>quum</span> <span class='ocrx_word' id='word_1_96' title='bbox 2190 1875 2244 1920; x_wconf 94' lang='grc'>3.</span> <span class='ocrx_word' id='word_1_97' title='bbox 2293 1859 2403 1935; x_wconf 87' lang='grc'>56,</span> <span class='ocrx_word' id='word_1_98' title='bbox 2472 1859 2509 1918; x_wconf 92' lang='lat'><strong>3</strong></span> <span class='ocrx_word' id='word_1_99' title='bbox 2565 1854 2793 1939; x_wconf 89' lang='lat' dir='ltr'>populi</span> <span class='ocrx_word' id='word_1_100' title='bbox 2846 1856 2915 1919; x_wconf 89' lang='lat' dir='ltr'>in</span> 
     </span>
     <span class='ocr_line' id='line_1_13' title="bbox 597 1962 2910 2047; baseline -0.001 -19"><span class='ocrx_word' id='word_1_101' title='bbox 597 1963 878 2028; x_wconf 89' lang='lat' dir='ltr'>comitiis</span> <span class='ocrx_word' id='word_1_102' title='bbox 961 1963 1164 2027; x_wconf 91' lang='lat' dir='ltr'>animi</span> <span class='ocrx_word' id='word_1_103' title='bbox 1230 1983 1272 2027; x_wconf 86' lang='lat' dir='ltr'>a</span> <span class='ocrx_word' id='word_1_104' title='bbox 1337 1962 1617 2046; x_wconf 91' lang='lat' dir='ltr'>plebeiis</span> <span class='ocrx_word' id='word_1_105' title='bbox 1697 1962 2071 2028; x_wconf 87' lang='lat' dir='ltr'>candidatis</span> <span class='ocrx_word' id='word_1_106' title='bbox 2149 1962 2237 2028; x_wconf 87' lang='lat' dir='ltr'>ad</span> <span class='ocrx_word' id='word_1_107' title='bbox 2313 1963 2630 2047; x_wconf 86' lang='lat' dir='ltr'>patricios</span> <span class='ocrx_word' id='word_1_108' title='bbox 2697 1963 2910 2027; x_wconf 86' lang='lat' dir='ltr'>aversi</span> 
     </span>
     <span class='ocr_line' id='line_1_14' title="bbox 597 2068 2913 2155; baseline 0 -22"><span class='ocrx_word' id='word_1_109' title='bbox 597 2068 954 2152; x_wconf 89' lang='lat' dir='ltr'>dicuntur).</span> <span class='ocrx_word' id='word_1_110' title='bbox 1041 2069 1186 2135; x_wconf 90' lang='lat' dir='ltr'>Hoc</span> <span class='ocrx_word' id='word_1_111' title='bbox 1231 2070 1498 2155; x_wconf 90' lang='lat' dir='ltr'>quidem</span> <span class='ocrx_word' id='word_1_112' title='bbox 1540 2071 1687 2136; x_wconf 91' lang='grc'>1030</span> <span class='ocrx_word' id='word_1_113' title='bbox 1735 2091 1812 2135; x_wconf 93' lang='grc'>30</span> <span class='ocrx_word' id='word_1_114' title='bbox 1858 2071 2074 2136; x_wconf 90' lang='lat' dir='ltr'>minus</span> <span class='ocrx_word' id='word_1_115' title='bbox 2121 2091 2476 2136; x_wconf 83' lang='lat' dir='ltr'>consensus</span> <span class='ocrx_word' id='word_1_116' title='bbox 2522 2071 2913 2153; x_wconf 86' lang='lat' dir='ltr'>cuiusquam</span> 
     </span>
     <span class='ocr_line' id='line_1_15' title="bbox 596 2176 2913 2263; baseline 0 -21"><span class='ocrx_word' id='word_1_117' title='bbox 596 2184 787 2243; x_wconf 86' lang='lat' dir='ltr'>extra</span> <span class='ocrx_word' id='word_1_118' title='bbox 828 2176 1090 2261; x_wconf 90' lang='lat' dir='ltr'>plebem</span> <span class='ocrx_word' id='word_1_119' title='bbox 1138 2179 1634 2245; x_wconf 90' lang='lat' dir='ltr'>commemorari</span> <span class='ocrx_word' id='word_1_120' title='bbox 1678 2183 1920 2262; x_wconf 88' lang='lat' dir='ltr'>potest,</span> <span class='ocrx_word' id='word_1_121' title='bbox 1979 2200 2110 2262; x_wconf 92' lang='lat' dir='ltr'>quo</span> <span class='ocrx_word' id='word_1_122' title='bbox 2158 2180 2454 2263; x_wconf 82' lang='lat' dir='ltr'>apertius</span> <span class='ocrx_word' id='word_1_123' title='bbox 2501 2179 2726 2244; x_wconf 84' lang='lat' dir='ltr'>Livius</span> <span class='ocrx_word' id='word_1_124' title='bbox 2771 2178 2913 2262; x_wconf 88' lang='lat' dir='ltr'>ipse</span> 
     </span>
     <span class='ocr_line' id='line_1_16' title="bbox 595 2284 2915 2371; baseline 0 -21"><span class='ocrx_word' id='word_1_125' title='bbox 595 2284 798 2371; x_wconf 86' lang='lat' dir='ltr'>paulo</span> <span class='ocrx_word' id='word_1_126' title='bbox 844 2291 999 2350; x_wconf 89' lang='lat' dir='ltr'>ante</span> <span class='ocrx_word' id='word_1_127' title='bbox 1043 2291 1257 2351; x_wconf 88' lang='lat' dir='ltr'>totam</span> <span class='ocrx_word' id='word_1_128' title='bbox 1300 2306 1440 2352; x_wconf 93' lang='lat' dir='ltr'>rem</span> <span class='ocrx_word' id='word_1_129' title='bbox 1484 2308 1526 2352; x_wconf 85' lang='lat' dir='ltr'>a</span> <span class='ocrx_word' id='word_1_130' title='bbox 1568 2285 1879 2371; x_wconf 85' lang='lat' dir='ltr'>patribus</span> <span class='ocrx_word' id='word_1_131' title='bbox 1924 2285 2011 2351; x_wconf 86' lang='lat' dir='ltr'>ad</span> <span class='ocrx_word' id='word_1_132' title='bbox 2054 2286 2361 2351; x_wconf 88' lang='lat' dir='ltr'>tribunos</span> <span class='ocrx_word' id='word_1_133' title='bbox 2409 2292 2476 2351; x_wconf 92' lang='lat' dir='ltr'>et</span> <span class='ocrx_word' id='word_1_134' title='bbox 2519 2286 2604 2351; x_wconf 86' lang='lat' dir='ltr'>ad</span> <span class='ocrx_word' id='word_1_135' title='bbox 2650 2285 2915 2370; x_wconf 91' lang='lat' dir='ltr'>plebem</span> 
     </span>
     <span class='ocr_line' id='line_1_17' title="bbox 592 2393 2912 2483; baseline 0 -26"><span class='ocrx_word' id='word_1_136' title='bbox 592 2394 909 2459; x_wconf 88' lang='lat' dir='ltr'>reiectam</span> <span class='ocrx_word' id='word_1_137' title='bbox 955 2413 1099 2458; x_wconf 90' lang='lat' dir='ltr'>esse</span> <span class='ocrx_word' id='word_1_138' title='bbox 1142 2395 1455 2460; x_wconf 86' lang='lat' dir='ltr'>narravit.</span> <span class='ocrx_word' id='word_1_139' title='bbox 1568 2393 1770 2475; x_wconf 87' lang='lat' dir='ltr'>Quid,</span> <span class='ocrx_word' id='word_1_140' title='bbox 1825 2394 2003 2479; x_wconf 93' lang='lat' dir='ltr'>quod</span> <span class='ocrx_word' id='word_1_141' title='bbox 2057 2415 2140 2459; x_wconf 90' lang='lat' dir='ltr'>ne</span> <span class='ocrx_word' id='word_1_142' title='bbox 2188 2394 2425 2459; x_wconf 88' lang='lat' dir='ltr'>Latine</span> <span class='ocrx_word' id='word_1_143' title='bbox 2470 2393 2737 2483; x_wconf 89' lang='lat' dir='ltr'>quidem</span> <span class='ocrx_word' id='word_1_144' title='bbox 2781 2393 2912 2459; x_wconf 90' lang='lat' dir='ltr'>dici</span> 
     </span>
     <span class='ocr_line' id='line_1_18' title="bbox 592 2500 2910 2586; baseline -0 -19"><span class='ocrx_word' id='word_1_145' title='bbox 592 2506 792 2586; x_wconf 88' lang='lat' dir='ltr'>puto:</span> <span class='ocrx_word' id='word_1_146' title='bbox 859 2500 1134 2566; x_wconf 89' lang='grc'>133313</span> <span class='ocrx_word' id='word_1_147' title='bbox 1212 2502 1538 2586; x_wconf 86' lang='lat' dir='ltr'>aliquid</span> <span class='ocrx_word' id='word_1_148' title='bbox 1606 2523 2011 2568; x_wconf 89' lang='lat' dir='ltr'>consensu</span> <span class='ocrx_word' id='word_1_149' title='bbox 2077 2501 2474 2584; x_wconf 87' lang='lat' dir='ltr'>(assensu)</span> <span class='ocrx_word' id='word_1_150' title='bbox 2542 2502 2910 2567; x_wconf 82' lang='lat' dir='ltr'>alicuius</span> 
     </span>
     <span class='ocr_line' id='line_1_19' title="bbox 592 2608 2909 2697; baseline -0.001 -21"><span class='ocrx_word' id='word_1_151' title='bbox 592 2632 716 2697; x_wconf 91' lang='lat' dir='ltr'>pro</span> <span class='ocrx_word' id='word_1_152' title='bbox 762 2630 870 2690; x_wconf 92' lang='lat' dir='ltr'>e0,</span> <span class='ocrx_word' id='word_1_153' title='bbox 936 2609 1114 2695; x_wconf 91' lang='lat' dir='ltr'>quod</span> <span class='ocrx_word' id='word_1_154' title='bbox 1161 2615 1295 2676; x_wconf 89' lang='lat' dir='ltr'>est:</span> <span class='ocrx_word' id='word_1_155' title='bbox 1343 2611 1908 2677; x_wconf 85' lang='lat' dir='ltr'>consentiente</span> <span class='ocrx_word' id='word_1_156' title='bbox 1966 2608 2536 2694; x_wconf 88' lang='lat' dir='ltr'>(assentiente)</span> <span class='ocrx_word' id='word_1_157' title='bbox 2598 2608 2909 2693; x_wconf 86' lang='lat' dir='ltr'>aliquo,</span> 
     </span>
     <span class='ocr_line' id='line_1_20' title="bbox 591 2717 2917 2802; baseline 0 -18"><span class='ocrx_word' id='word_1_158' title='bbox 591 2724 669 2784; x_wconf 93' lang='lat' dir='ltr'>ut</span> <span class='ocrx_word' id='word_1_159' title='bbox 717 2719 961 2784; x_wconf 91' lang='lat' dir='ltr'>dicitur</span> <span class='ocrx_word' id='word_1_160' title='bbox 1004 2720 1436 2802; x_wconf 90' lang='lat' dir='ltr'>permissu,</span> <span class='ocrx_word' id='word_1_161' title='bbox 1480 2720 1712 2784; x_wconf 91' lang='lat' dir='ltr'>iussu</span> <span class='ocrx_word' id='word_1_162' title='bbox 1758 2725 1880 2784; x_wconf 91' lang='lat' dir='ltr'>cet.</span> <span class='ocrx_word' id='word_1_163' title='bbox 1928 2719 2282 2785; x_wconf 87' lang='lat' dir='ltr'>alicuius</span> <span class='ocrx_word' id='word_1_164' title='bbox 2326 2717 2647 2785; x_wconf 79' lang='lat' dir='ltr'>facere?</span> <span class='ocrx_word' id='word_1_165' title='bbox 2692 2718 2917 2784; x_wconf 83' lang='lat' dir='ltr'>Livius</span> 
     </span>
     <span class='ocr_line' id='line_1_21' title="bbox 593 2826 2913 2912; baseline -0.001 -19"><span class='ocrx_word' id='word_1_166' title='bbox 593 2826 861 2912; x_wconf 93' lang='lat' dir='ltr'>quidem</span> <span class='ocrx_word' id='word_1_167' title='bbox 937 2832 1055 2891; x_wconf 90' lang='lat' dir='ltr'>aut</span> <span class='ocrx_word' id='word_1_168' title='bbox 1131 2826 1623 2891; x_wconf 78' lang='lat' dir='ltr'>multitudinem</span> <span class='ocrx_word' id='word_1_169' title='bbox 1714 2826 2005 2910; x_wconf 86' lang='lat' dir='ltr'>aliquam</span> <span class='ocrx_word' id='word_1_170' title='bbox 2097 2848 2499 2892; x_wconf 90' lang='lat' dir='ltr'>consensu</span> <span class='ocrx_word' id='word_1_171' title='bbox 2589 2826 2913 2909; x_wconf 87' lang='lat' dir='ltr'>aliquid</span> 
     </span>
     <span class='ocr_line' id='line_1_22' title="bbox 590 2932 2914 3015; baseline -0.001 -16"><span class='ocrx_word' id='word_1_172' title='bbox 590 2935 867 3000; x_wconf 85' lang='lat' dir='ltr'>facere</span> <span class='ocrx_word' id='word_1_173' title='bbox 947 2933 1110 2999; x_wconf 89' lang='lat' dir='ltr'>dicit</span> <span class='ocrx_word' id='word_1_174' title='bbox 1175 2932 1331 3015; x_wconf 92' lang='lat' dir='ltr'>(hoc</span> <span class='ocrx_word' id='word_1_175' title='bbox 1399 2942 1532 3014; x_wconf 90' lang='lat' dir='ltr'>est,</span> <span class='ocrx_word' id='word_1_176' title='bbox 1612 2935 1938 2999; x_wconf 89' lang='lat' dir='ltr'>communi</span> <span class='ocrx_word' id='word_1_177' title='bbox 2006 2955 2357 3015; x_wconf 89' lang='lat' dir='ltr'>consensu,</span> <span class='ocrx_word' id='word_1_178' title='bbox 2446 2940 2523 2999; x_wconf 92' lang='lat' dir='ltr'>ut</span> <span class='ocrx_word' id='word_1_179' title='bbox 2589 2933 2687 2998; x_wconf 89' lang='lat'>111</span> <span class='ocrx_word' id='word_1_180' title='bbox 2710 2984 2727 3014; x_wconf 89' lang='lat'>,</span> <span class='ocrx_word' id='word_1_181' title='bbox 2813 2937 2914 3012; x_wconf 87' lang='lat'>35,</span> 
     </span>
     <span class='ocr_line' id='line_1_23' title="bbox 593 3040 2916 3128; baseline -0.001 -20"><span class='ocrx_word' id='word_1_182' title='bbox 593 3047 665 3122; x_wconf 83' lang='lat'>7,</span> <span class='ocrx_word' id='word_1_183' title='bbox 747 3041 861 3124; x_wconf 88' lang='lat' dir='ltr'>al.)</span> <span class='ocrx_word' id='word_1_184' title='bbox 941 3047 1060 3107; x_wconf 88' lang='lat' dir='ltr'>aut</span> <span class='ocrx_word' id='word_1_185' title='bbox 1139 3040 1392 3126; x_wconf 87' lang='lat' dir='ltr'>aliquid</span> <span class='ocrx_word' id='word_1_186' title='bbox 1470 3041 1667 3107; x_wconf 86' lang='lat' dir='ltr'>fieri</span> <span class='ocrx_word' id='word_1_187' title='bbox 1751 3061 2156 3107; x_wconf 86' lang='lat' dir='ltr'>consensu</span> <span class='ocrx_word' id='word_1_188' title='bbox 2196 3042 2719 3126; x_wconf 80' lang='lat' dir='ltr'>aliquorum,</span> <span class='ocrx_word' id='word_1_189' title='bbox 2801 3041 2916 3128; x_wconf 75' lang='lat' dir='ltr'>qui</span> 
     </span>
     <span class='ocr_line' id='line_1_24' title="bbox 590 3147 2912 3235; baseline -0.002 -19"><span class='ocrx_word' id='word_1_190' title='bbox 590 3152 720 3235; x_wconf 91' lang='lat' dir='ltr'>ipsi</span> <span class='ocrx_word' id='word_1_191' title='bbox 773 3148 1041 3215; x_wconf 87' lang='lat' dir='ltr'>faciant.</span> <span class='ocrx_word' id='word_1_192' title='bbox 1156 3147 1372 3226; x_wconf 89' lang='lat' dir='ltr'>Quum</span> <span class='ocrx_word' id='word_1_193' title='bbox 1437 3148 1566 3214; x_wconf 95' lang='lat' dir='ltr'>hoc</span> <span class='ocrx_word' id='word_1_194' title='bbox 1630 3149 1825 3215; x_wconf 92' lang='lat' dir='ltr'>modo</span> <span class='ocrx_word' id='word_1_195' title='bbox 1892 3148 2000 3214; x_wconf 89' lang='lat' dir='ltr'>hic</span> <span class='ocrx_word' id='word_1_196' title='bbox 2058 3170 2319 3234; x_wconf 91' lang='lat' dir='ltr'>quoque</span> <span class='ocrx_word' id='word_1_197' title='bbox 2379 3149 2785 3234; x_wconf 88' lang='lat' dir='ltr'>scripsisset:</span> <span class='ocrx_word' id='word_1_198' title='bbox 2854 3147 2912 3212; x_wconf 90' lang='lat' dir='ltr'>A</span> 
     </span>
     <span class='ocr_line' id='line_1_25' title="bbox 589 3256 2913 3343; baseline -0.001 -20"><span class='ocrx_word' id='word_1_199' title='bbox 589 3258 831 3343; x_wconf 92' lang='lat' dir='ltr'>plebe</span> <span class='ocrx_word' id='word_1_200' title='bbox 912 3278 1315 3324; x_wconf 91' lang='lat' dir='ltr'>consensu</span> <span class='ocrx_word' id='word_1_201' title='bbox 1394 3257 1881 3322; x_wconf 89' lang='lat' dir='ltr'>consulibus</span> <span class='ocrx_word' id='word_1_202' title='bbox 1956 3259 2383 3340; x_wconf 83' lang='lat' dir='ltr'>negotium</span> <span class='ocrx_word' id='word_1_203' title='bbox 2448 3256 2913 3335; x_wconf 86' lang='lat' dir='ltr'>mandatur,</span> 
     </span>
     <span class='ocr_line' id='line_1_26' title="bbox 589 3363 2913 3449; baseline -0.001 -18"><span class='ocrx_word' id='word_1_204' title='bbox 589 3387 722 3431; x_wconf 92' lang='lat' dir='ltr'>non</span> <span class='ocrx_word' id='word_1_205' title='bbox 800 3365 1139 3431; x_wconf 90' lang='lat' dir='ltr'>intellecto</span> <span class='ocrx_word' id='word_1_206' title='bbox 1220 3364 1492 3430; x_wconf 86' lang='lat' dir='ltr'>ablativi</span> <span class='ocrx_word' id='word_1_207' title='bbox 1569 3363 1750 3429; x_wconf 91' lang='lat' dir='ltr'>illius</span> <span class='ocrx_word' id='word_1_208' title='bbox 1829 3385 1949 3449; x_wconf 92' lang='lat' dir='ltr'>pro</span> <span class='ocrx_word' id='word_1_209' title='bbox 2015 3364 2327 3430; x_wconf 85' lang='lat' dir='ltr'>adverbio</span> <span class='ocrx_word' id='word_1_210' title='bbox 2395 3385 2521 3429; x_wconf 92' lang='lat' dir='ltr'>usu</span> <span class='ocrx_word' id='word_1_211' title='bbox 2579 3364 2913 3448; x_wconf 85' lang='lat' dir='ltr'>genetivus</span> 
     </span>
     <span class='ocr_line' id='line_1_27' title="bbox 591 3471 2912 3557; baseline -0.001 -19"><span class='ocrx_word' id='word_1_212' title='bbox 591 3473 859 3538; x_wconf 86' lang='lat' dir='ltr'>additus</span> <span class='ocrx_word' id='word_1_213' title='bbox 905 3478 1036 3552; x_wconf 90' lang='lat' dir='ltr'>est,</span> <span class='ocrx_word' id='word_1_214' title='bbox 1091 3477 1212 3537; x_wconf 87' lang='lat' dir='ltr'>aut</span> <span class='ocrx_word' id='word_1_215' title='bbox 1254 3471 1541 3537; x_wconf 88' lang='grc'>10113333</span> <span class='ocrx_word' id='word_1_216' title='bbox 1586 3471 1716 3537; x_wconf 88' lang='grc'>1103</span> <span class='ocrx_word' id='word_1_217' title='bbox 1760 3472 1998 3556; x_wconf 84' lang='grc'>111311111,</span> <span class='ocrx_word' id='word_1_218' title='bbox 2057 3474 2171 3556; x_wconf 92' lang='lat' dir='ltr'>qui</span> <span class='ocrx_word' id='word_1_219' title='bbox 2216 3473 2588 3557; x_wconf 84' lang='lat' dir='ltr'>genetivum</span> <span class='ocrx_word' id='word_1_220' title='bbox 2634 3471 2912 3550; x_wconf 89' lang='lat' dir='ltr'>addidit,</span> 
     </span>
     <span class='ocr_line' id='line_1_28' title="bbox 592 3578 2912 3663; baseline 0 -19"><span class='ocrx_word' id='word_1_221' title='bbox 592 3579 931 3645; x_wconf 85' lang='lat' dir='ltr'>declarare</span> <span class='ocrx_word' id='word_1_222' title='bbox 975 3578 1211 3658; x_wconf 83' lang='lat' dir='ltr'>voluit,</span> <span class='ocrx_word' id='word_1_223' title='bbox 1268 3599 1309 3643; x_wconf 91' lang='grc'>3</span> <span class='ocrx_word' id='word_1_224' title='bbox 1364 3578 1606 3662; x_wconf 91' lang='lat' dir='ltr'>plebe</span> <span class='ocrx_word' id='word_1_225' title='bbox 1653 3599 2055 3645; x_wconf 90' lang='lat' dir='ltr'>consensu</span> <span class='ocrx_word' id='word_1_226' title='bbox 2102 3601 2245 3646; x_wconf 91' lang='lat' dir='ltr'>esse</span> <span class='ocrx_word' id='word_1_227' title='bbox 2291 3601 2704 3646; x_wconf 89' lang='lat' dir='ltr'>consensu</span> <span class='ocrx_word' id='word_1_228' title='bbox 2748 3579 2912 3663; x_wconf 89' lang='lat' dir='ltr'>ple-</span> 
     </span>
     <span class='ocr_line' id='line_1_29' title="bbox 589 3683 2912 3772; baseline -0 -20"><span class='ocrx_word' id='word_1_229' title='bbox 589 3687 738 3767; x_wconf 90' lang='lat' dir='ltr'>bis,</span> <span class='ocrx_word' id='word_1_230' title='bbox 793 3686 1216 3771; x_wconf 90' lang='lat' dir='ltr'>neglegenter</span> <span class='ocrx_word' id='word_1_231' title='bbox 1257 3686 1546 3770; x_wconf 92' lang='lat' dir='ltr'>populi</span> <span class='ocrx_word' id='word_1_232' title='bbox 1590 3708 1715 3771; x_wconf 90' lang='lat' dir='ltr'>pro</span> <span class='ocrx_word' id='word_1_233' title='bbox 1758 3687 2035 3772; x_wconf 89' lang='lat' dir='ltr'>plebis</span> <span class='ocrx_word' id='word_1_234' title='bbox 2080 3689 2319 3772; x_wconf 86' lang='lat' dir='ltr'>posito.</span> <span class='ocrx_word' id='word_1_235' title='bbox 2437 3686 2712 3771; x_wconf 84' lang='lat' dir='ltr'>[Eadem</span> <span class='ocrx_word' id='word_1_236' title='bbox 2755 3683 2912 3752; x_wconf 86' lang='lat' dir='ltr'>Cre·</span> 
     </span>
     <span class='ocr_line' id='line_1_30' title="bbox 589 3793 2912 3880; baseline 0.001 -23"><span class='ocrx_word' id='word_1_237' title='bbox 589 3796 752 3860; x_wconf 86' lang='lat' dir='ltr'>verii</span> <span class='ocrx_word' id='word_1_238' title='bbox 799 3795 1127 3860; x_wconf 89' lang='lat' dir='ltr'>sententia</span> <span class='ocrx_word' id='word_1_239' title='bbox 1168 3793 1343 3878; x_wconf 70' lang='lat' dir='ltr'>fuit]</span> <span class='ocrx_word' id='word_1_240' title='bbox 1444 3794 1651 3861; x_wconf 87' lang='lat' dir='ltr'>Paulo</span> <span class='ocrx_word' id='word_1_241' title='bbox 1708 3802 1863 3880; x_wconf 91' lang='lat' dir='ltr'>post</span> <span class='ocrx_word' id='word_1_242' title='bbox 1908 3793 1969 3878; x_wconf 63' lang='grc' dir='ltr'>(ξ</span> <span class='ocrx_word' id='word_1_243' title='bbox 2018 3795 2084 3878; x_wconf 90' lang='grc'>5)</span> <span class='ocrx_word' id='word_1_244' title='bbox 2130 3795 2308 3879; x_wconf 82' lang='grc' dir='ltr'>(111οᾶ</span> <span class='ocrx_word' id='word_1_245' title='bbox 2353 3794 2699 3861; x_wconf 88' lang='lat' dir='ltr'>scribitur:</span> <span class='ocrx_word' id='word_1_246' title='bbox 2767 3795 2912 3878; x_wconf 91' lang='lat' dir='ltr'>Ap·</span> 
     </span>
     <span class='ocr_line' id='line_1_31' title="bbox 590 3899 2912 3987; baseline 0 -21"><span class='ocrx_word' id='word_1_247' title='bbox 590 3902 998 3967; x_wconf 88' lang='lat' dir='ltr'>tissimum</span> <span class='ocrx_word' id='word_1_248' title='bbox 1065 3908 1381 3987; x_wconf 89' lang='lat' dir='ltr'>tempus</span> <span class='ocrx_word' id='word_1_249' title='bbox 1437 3902 1745 3983; x_wconf 86' lang='lat' dir='ltr'>fuerat,</span> <span class='ocrx_word' id='word_1_250' title='bbox 1809 3899 2262 3968; x_wconf 81' lang='lat' dir='ltr'>vindicatis</span> <span class='ocrx_word' id='word_1_251' title='bbox 2321 3901 2912 3981; x_wconf 87' lang='lat' dir='ltr'>seditionibus,</span> 
     </span>
     <span class='ocr_line' id='line_1_32' title="bbox 593 4009 2912 4095; baseline -0 -21"><span class='ocrx_word' id='word_1_252' title='bbox 593 4009 1235 4076; x_wconf 89' lang='lat' dir='ltr'>delenimentum</span> <span class='ocrx_word' id='word_1_253' title='bbox 1346 4011 1644 4076; x_wconf 85' lang='lat' dir='ltr'>animis</span> <span class='ocrx_word' id='word_1_254' title='bbox 1744 4010 2042 4077; x_wconf 86' lang='lat' dir='ltr'>Bolani</span> <span class='ocrx_word' id='word_1_255' title='bbox 2143 4012 2320 4095; x_wconf 86' lang='lat' dir='ltr'>agri</span> <span class='ocrx_word' id='word_1_256' title='bbox 2421 4010 2912 4077; x_wconf 85' lang='lat' dir='ltr'>divisionem</span> 
     </span>
     <span class='ocr_line' id='line_1_33' title="bbox 594 4116 2909 4199; baseline 0 -17"><span class='ocrx_word' id='word_1_257' title='bbox 594 4116 881 4197; x_wconf 91' lang='lat' dir='ltr'>obiici,</span> <span class='ocrx_word' id='word_1_258' title='bbox 949 4116 1179 4183; x_wconf 86' lang='lat' dir='ltr'>dubito</span> <span class='ocrx_word' id='word_1_259' title='bbox 1223 4118 1553 4198; x_wconf 88' lang='lat' dir='ltr'>nonnihil,</span> <span class='ocrx_word' id='word_1_260' title='bbox 1619 4125 1885 4184; x_wconf 91' lang='lat' dir='ltr'>rectene</span> <span class='ocrx_word' id='word_1_261' title='bbox 1932 4119 2223 4199; x_wconf 90' lang='lat' dir='ltr'>dicatur,</span> <span class='ocrx_word' id='word_1_262' title='bbox 2289 4119 2519 4184; x_wconf 87' lang='lat' dir='ltr'>addito</span> <span class='ocrx_word' id='word_1_263' title='bbox 2564 4118 2909 4197; x_wconf 71' lang='lat' dir='ltr'>adjectivo,</span> 
     </span>
     <span class='ocr_line' id='line_1_34' title="bbox 593 4225 2911 4311; baseline 0 -22"><span class='ocrx_word' id='word_1_264' title='bbox 593 4231 868 4309; x_wconf 88' lang='lat' dir='ltr'>aptum</span> <span class='ocrx_word' id='word_1_265' title='bbox 914 4231 1040 4291; x_wconf 88' lang='lat' dir='ltr'>est</span> <span class='ocrx_word' id='word_1_266' title='bbox 1083 4231 1409 4311; x_wconf 87' lang='lat' dir='ltr'>tempus</span> <span class='ocrx_word' id='word_1_267' title='bbox 1453 4226 1604 4292; x_wconf 89' lang='lat' dir='ltr'>hoc</span> <span class='ocrx_word' id='word_1_268' title='bbox 1646 4225 1843 4292; x_wconf 90' lang='lat' dir='ltr'>fieri</span> <span class='ocrx_word' id='word_1_269' title='bbox 1885 4246 2006 4310; x_wconf 91' lang='lat' dir='ltr'>pro</span> <span class='ocrx_word' id='word_1_270' title='bbox 2051 4247 2151 4306; x_wconf 91' lang='lat' dir='ltr'>e0,</span> <span class='ocrx_word' id='word_1_271' title='bbox 2199 4226 2375 4309; x_wconf 92' lang='lat' dir='ltr'>quod</span> <span class='ocrx_word' id='word_1_272' title='bbox 2417 4233 2547 4292; x_wconf 87' lang='lat' dir='ltr'>est:</span> <span class='ocrx_word' id='word_1_273' title='bbox 2594 4230 2911 4309; x_wconf 91' lang='lat' dir='ltr'>tempus</span> 
     </span>
     <span class='ocr_line' id='line_1_35' title="bbox 592 4331 2911 4419; baseline -0 -21"><span class='ocrx_word' id='word_1_274' title='bbox 592 4338 722 4398; x_wconf 89' lang='lat' dir='ltr'>est</span> <span class='ocrx_word' id='word_1_275' title='bbox 775 4331 838 4397; x_wconf 91' lang='lat' dir='ltr'>h.</span> <span class='ocrx_word' id='word_1_276' title='bbox 897 4331 973 4413; x_wconf 86' lang='lat' dir='ltr'>f.‚</span> <span class='ocrx_word' id='word_1_277' title='bbox 1040 4354 1255 4417; x_wconf 92' lang='lat' dir='ltr'>neque</span> <span class='ocrx_word' id='word_1_278' title='bbox 1313 4335 1520 4399; x_wconf 92' lang='lat' dir='ltr'>ullum</span> <span class='ocrx_word' id='word_1_279' title='bbox 1582 4335 1725 4400; x_wconf 91' lang='lat' dir='ltr'>eius</span> <span class='ocrx_word' id='word_1_280' title='bbox 1782 4355 1944 4400; x_wconf 92' lang='lat' dir='ltr'>usus</span> <span class='ocrx_word' id='word_1_281' title='bbox 2001 4335 2371 4419; x_wconf 87' lang='lat' dir='ltr'>exemplum</span> <span class='ocrx_word' id='word_1_282' title='bbox 2428 4333 2604 4418; x_wconf 89' lang='lat' dir='ltr'>apud</span> <span class='ocrx_word' id='word_1_283' title='bbox 2660 4333 2911 4399; x_wconf 92' lang='lat' dir='ltr'>bonum</span> 
     </span>
     <span class='ocr_line' id='line_1_36' title="bbox 594 4440 2912 4526; baseline -0.001 -20"><span class='ocrx_word' id='word_1_284' title='bbox 594 4441 984 4525; x_wconf 89' lang='lat' dir='ltr'>scriptorem</span> <span class='ocrx_word' id='word_1_285' title='bbox 1050 4442 1326 4525; x_wconf 87' lang='lat' dir='ltr'>reperiri</span> <span class='ocrx_word' id='word_1_286' title='bbox 1393 4450 1590 4526; x_wconf 88' lang='lat' dir='ltr'>puto;</span> <span class='ocrx_word' id='word_1_287' title='bbox 1659 4442 1775 4508; x_wconf 90' lang='lat' dir='ltr'>sed</span> <span class='ocrx_word' id='word_1_288' title='bbox 1841 4449 1916 4508; x_wconf 86' lang='lat' dir='ltr'>ut</span> <span class='ocrx_word' id='word_1_289' title='bbox 1982 4441 2273 4522; x_wconf 88' lang='lat' dir='ltr'>dicatur,</span> <span class='ocrx_word' id='word_1_290' title='bbox 2337 4463 2471 4508; x_wconf 90' lang='lat' dir='ltr'>non</span> <span class='ocrx_word' id='word_1_291' title='bbox 2533 4440 2675 4507; x_wconf 82' lang='lat' dir='ltr'>haec</span> <span class='ocrx_word' id='word_1_292' title='bbox 2742 4441 2912 4506; x_wconf 83' lang='lat' dir='ltr'>Livii</span> 
     </span>
    </p>
   </div>
  </div>
 </body>
</html>
