3230 5282
619 607 744 661 Lib.
782 606 898 659 XL.
1708 597 1830 657 568

618 779 772 841 rint.
866 775 1295 843 Scribendum
1360 780 1563 862 igitur
1629 781 2002 845 necessario
2050 787 2178 845 est:
2249 801 2385 863 per
2442 801 2610 864 quae
2658 781 2935 845 omnia

623 907 703 951 se
748 884 944 950 mihi
988 906 1259 968 parem
1304 886 1381 950 in
1428 889 1875 952 certamine
1937 909 2091 952 non
2148 886 2514 953 futurum
2571 887 2940 950 credide*

620 993 775 1056 rim.
866 993 1011 1058 Non
1057 993 1395 1058 intellecta
1450 996 1806 1072 sententia,
1865 1003 2135 1079 propter
2180 1017 2541 1079 pronomen
2589 1017 2673 1061 se
2719 995 2923 1078 (quod

621 1123 702 1165 ex
747 1101 1062 1165 orationis
1110 1101 1392 1185 obliquae
1436 1102 1579 1185 lege
1627 1101 1920 1185 ponitur)
1967 1103 2148 1167 verbi
2182 1124 2466 1186 persona
2498 1110 2754 1167 mutata
2797 1109 2933 1167 est,

620 1208 771 1293 [Vel
815 1208 1180 1292 perfectum
1225 1214 1484 1292 tempus
1540 1210 1722 1274 verbi
1782 1212 1940 1275 satis
1998 1210 2404 1274 demonstrat
2463 1211 2543 1275 de
2587 1211 2922 1274 Demetrio

617 1319 745 1384 hoc
814 1316 971 1396 dici,
1027 1318 1141 1398 qui
1206 1337 1389 1399 spem
1448 1319 1851 1400 conceperit,
1919 1339 2051 1382 non
2108 1318 2189 1381 de
2245 1317 2516 1395 Perseo,
2586 1319 2697 1401 qui
2750 1336 2938 1380 nunc

619 1424 893 1507 credat]

791 1531 946 1615 Cap.
1002 1535 1094 1608 13,
1148 1536 1176 1593 1
1229 1537 1295 1595 et
1341 1536 1377 1594 2
1426 1531 1521 1613 (in
1579 1531 1806 1596 eadem
1866 1532 2182 1597 Demetrii
2238 1531 2591 1611 oratione):
2659 1531 2929 1595 Pluri-

617 1643 764 1708 bus
808 1640 1064 1705 modis
1112 1660 1191 1702 se
1238 1640 1583 1721 petitum
1631 1640 2119 1704 criminatus
2167 1646 2315 1716 est,
2371 1646 2448 1703 et
2495 1636 2764 1703 omnes
2808 1639 2931 1701 in-

618 1748 1021 1814 sidiarum
1066 1747 1239 1810 vias
1287 1748 1352 1810 in
1398 1767 1636 1810 unum
1683 1746 1889 1810 diem
1936 1747 2313 1811 contulit.
2373 1746 2616 1810 Volui
2664 1747 2919 1810 inter-

619 1856 754 1919 diu
803 1875 976 1919 eum
1022 1860 1209 1937 post
1253 1853 1868 1932 lustrationem,
1916 1874 2148 1935 quum
2210 1855 2799 1931 concurrimuS,
2844 1858 2929 1916 et

618 1962 960 2046 quidem,
1008 1962 1073 2026 si
1122 1961 1282 2026 diis
1328 1962 1624 2044 placet,
1670 1960 2265 2026 lustrationum
2325 1961 2453 2024 die
2502 1960 2927 2038 occidere;

617 2070 853 2149 volui,
920 2090 1156 2152 quum
1224 2069 1320 2132 ad
1389 2071 1719 2133 coenam‘
1781 2069 2154 2147 invitavi,
2222 2090 2523 2132 veneno
2595 2067 2929 2132 scilicet

445 2177 960 2256 (463)t011ere;
1024 2175 1270 2255 volui,
1339 2197 1576 2258 quum
1644 2176 2163 2241 comissatum
2221 2175 2521 2258 gladiis
2571 2175 2927 2240 accincti

618 2307 736 2352 me
794 2284 1055 2349 secuti
1123 2289 1335 2361 sunt,
1403 2283 1621 2346 ferro
1688 2283 2190 2348 interficere.
2282 2283 2647 2365 Descriptis
2707 2281 2927 2346 tribus

616 2394 812 2460 unius
860 2390 990 2456 diei
1036 2389 1461 2471 temporibus,
1507 2390 1917 2474 ineptissime
1963 2392 2029 2454 in
2098 2392 2309 2474 primo
2370 2390 2661 2454 membro
2710 2388 2927 2472 (post

617 2499 1233 2574 lustrationem,
1305 2518 1538 2579 quum
1615 2498 2201 2577 concurrimus)
2261 2498 2531 2562 additur
2584 2504 2920 2579 tamquam

616 2604 941 2674 notabile:
992 2611 1068 2669 et
1115 2604 1450 2688 quidem,
1500 2606 1565 2670 si
1613 2605 1771 2671 diis
1819 2606 2108 2689 placet,
2142 2605 2726 2671 lustrationum
2773 2604 2925 2682 die,

618 2715 807 2799 quasi
850 2713 976 2778 hoc
1019 2713 1212 2777 huius
1259 2713 1531 2777 membri
1579 2714 1918 2797 proprium
1965 2715 2049 2779 sit
2097 2734 2174 2778 ac
2218 2735 2350 2778 non
2396 2735 2579 2797 aeque
2628 2713 2713 2777 ad
2758 2713 2923 2777 alte-

579 2844 765 2900 ‚rum
810 2828 877 2887 et
919 2820 1189 2885 tertium
1235 2822 1562 2903 pertineat
1619 2826 1684 2885 et
1745 2822 1935 2902 quasi
1980 2829 2128 2904 post
2192 2821 2651 2885 lustrationem
2709 2820 2923 2884 caedes

615 2930 759 2995 fieri
803 2928 1108 3012 potuerit,
1154 2928 1280 2992 nisi
1326 2949 1401 2992 eo
1450 2929 1582 3006 die,
1641 2949 1768 3009 quo
1815 2928 2123 2994 lustrat-io
2172 2930 2435 2994 omnino
2485 2935 2676 2993 esset.
2766 2927 2923 2991 Per·

616 3038 918 3121 spicuum
962 3042 1064 3100 est
1108 3042 1458 3118 praeterea,
1505 3056 1703 3119 quam
1749 3037 1981 3101 vitiose
2027 3037 2456 3120 perturbetur
2509 3038 2656 3119 ipsa
2702 3054 2923 3118 aequa-

612 3146 770 3211 litas
815 3144 1253 3208 membrorum
1300 3142 1588 3207 studiose
1637 3145 1913 3225 quaesita
1970 3145 2033 3207 in
2080 3145 2370 3208 notando
2419 3143 2664 3226 triplici
2725 3142 2917 3207 caedis

615 3259 860 3318 conatu
895 3250 1118 3333 (post
1162 3250 1780 3328 lustrationem,
1818 3272 2050 3332 quum
2089 3253 2674 3329 concurrimus,
2714 3250 2915 3315 occi-

617 3361 806 3425 dere
893 3392 981 3401 ——
1047 3377 1284 3437 quum
1371 3358 1469 3421 ad
1562 3378 1832 3422 cenam
1936 3360 2309 3436 invitavi,
2386 3380 2691 3423 veneno
2762 3358 2919 3422 sci-

613 3466 819 3531 licet
866 3463 1155 3529 tollere
1201 3498 1286 3508 —
1351 3486 1584 3548 quum
1654 3467 2251 3530 commissatum
2297 3466 2393 3549 gl.
2442 3487 2601 3530 acc.
2652 3488 2763 3531 me
2808 3486 2919 3529 se-

617 3574 785 3638 cuti
846 3577 1060 3650 sunt,
1118 3571 1334 3636 ferro
1392 3571 1903 3652 interficere,
1953 3576 2080 3637 nisi
2128 3574 2304 3655 quod
2350 3575 2415 3638 in
2463 3575 2675 3657 primo
2722 3595 2917 3638 mem-

612 3681 735 3745 bro
785 3677 1127 3744 occidendi
1171 3679 1403 3743 modus
1451 3679 1860 3762 significatur
1904 3682 2045 3763 ipso
2091 3690 2387 3764 tempore
2434 3701 2510 3744 ac
2558 3687 2913 3745 momento:

495 3815 508 3845 t
616 3809 854 3870 quum
924 3788 1530 3868 concurrimus).
1636 3786 1763 3851 Sed
1844 3809 1988 3871 quae
2067 3788 2216 3853 hinc
2296 3789 2698 3853 alienissima
2766 3791 2917 3853 sunt

613 3895 846 3960 verba:
895 3900 973 3959 et
1017 3894 1358 3976 quidem,
1408 3916 1456 3960 s.
1507 3894 1568 3957 d.
1618 3894 1739 3978 pl.‚
1787 3894 2380 3960 lustrationum
2427 3896 2584 3974 die,
2634 3916 2743 3973 ea,
2790 3915 2919 3959 una.

613 4001 845 4068 addita
910 4002 1152 4066 lineola
1213 4000 1497 4082 (diem),
1567 4003 1908 4085 aptissima
1964 4012 2156 4067 erunt
2213 4004 2410 4086 paulo
2468 4010 2653 4083 ante,
2722 4010 2797 4067 ut
2852 4003 2920 4065 in

512 4174 516 4178 .
610 4130 815 4174 unum
862 4109 1037 4174 diem
1082 4118 1149 4174 et
1202 4111 1270 4172 in
1328 4109 1497 4173 diem
1554 4110 1714 4173 mire
1784 4109 2113 4175 delectum
2165 4118 2300 4176 tres
2360 4117 2633 4176 conatus
2698 4110 2924 4175 collati

612 4217 946 4282 dicantur:
1017 4238 1287 4281 omnes
1336 4217 1829 4281 insidiarum
1895 4219 2066 4283 vias
2127 4220 2205 4282 in
2263 4240 2495 4283 unum
2552 4218 2920 4284 contulit

611 4324 842 4404 diem,
889 4330 967 4389 et
1012 4325 1345 4407 quidem,
1394 4326 1461 4387 si
1509 4323 1665 4388 diis
1711 4324 1999 4407 placet,
2043 4326 2638 4391 lustrationum
2686 4326 2917 4390 diem.

609 4432 850 4498 Volui
893 4431 1262 4496 interdiu
1310 4452 1480 4495 eum
1526 4437 1714 4513 post
1759 4432 2381 4513 lustrationem,
2442 4455 2676 4517 quum
2734 4454 2924 4498 con-
