3230 5282
481 607 605 662 Lib.
643 606 870 661 xxv-11.
1575 596 1701 657 394

481 788 837 858 venerat,
875 780 1147 846 urbem
1183 782 1423 864 cepit,
1459 787 1534 844 ut
1558 781 1664 844 vix
1688 781 1861 845 inter
1885 785 2203 862 quattuor
2218 777 2588 860 quinqueve
2611 777 2790 844 locos
2899 846 2909 854 ,

308 904 450 972 (322)
488 909 688 951 uuum
733 888 1011 971 perfecti
1055 889 1423 979 exemplum
1468 889 1784 971 reperias.
1853 887 2046 970 Apud
2082 886 2345 949 Livium·
2370 884 2492 962 his,
2538 887 2789 969 opinor,

479 994 644 1059 locis
689 994 1055 1079 perfectum
1100 998 1166 1060 in
1210 997 1336 1060 hac
1382 996 1596 1061 forma
1639 997 1999 1078 reperitur:
2048 994 2154 1072 IV,
2195 998 2250 1073 7,
2289 997 2325 1057 3
2376 992 2786 1073 (inierunt,

482 1101 594 1166 sed
642 1101 675 1186 ξ
727 1111 756 1167 1
809 1105 1143 1170 condita
1189 1103 1413 1185 erat),
1471 1103 1767 1182 XXVHI,
1833 1107 1927 1178 16,
1979 1107 2055 1165 14
2104 1100 2504 1183 (accepit),
2553 1102 2788 1183 XXXI,

487 1217 582 1290 14,
629 1215 686 1289 2,
734 1212 1028 1290 XXXVI,
1079 1211 1186 1290 39,
1230 1223 1284 1277 5.
1385 1211 1638 1277 Eadem
1682 1213 2023 1288 ratioest,
2070 1231 2270 1292 quum
2318 1208 2563 1274 dicitur
2607 1219 2790 1294 post

481 1319 753 1400 (intra)
801 1320 1004 1385 diem
1051 1303 1422 1405 quintum
1468 1341 1714 1403 quam.
1821 1318 2012 1397 Quod
2068 1317 2165 1382 ad
2220 1325 2372 1381 ante
2419 1317 2787 1384 Siciliam

481 1426 591 1491 alii
638 1427 782 1492 tolli
826 1428 1074 1509 volunt,
1134 1429 1248 1492 alii
1297 1450 1445 1493 cum
1488 1429 1566 1493 in
1611 1435 2091 1512 permutarunt,
2148 1426 2369 1491 nescio
2419 1447 2504 1490 an
2551 1436 2786 1494 neutro

481 1557 643 1618 opus
690 1538 794 1601 sit.
899 1536 1175 1601 Videtur
1221 1538 1395 1601 enim
1441 1537 1664 1602 Livius
1709 1537 1990 1619 primum
2036 1535 2340 1599 universe
2385 1556 2562 1600 mare
2610 1538 2787 1602 circa

480 1642 774 1708 Siciliam
820 1644 1232 1726 significares
1282 1644 1516 1710 deinde
1564 1652 1799 1728 portus
1845 1643 2107 1708 nomine
2156 1642 2617 1726 (Lilybaeum
2663 1666 2787 1709 re·-

477 1751 779 1833 vectus)
825 1753 905 1816 in
951 1752 1239 1818 Siciliam
1286 1760 1672 1837 perventum
1719 1750 2111 1834 significare.

650 1858 806 1944 Cap.
868 1865 935 1940 6,
1011 1866 1120 1926 15:
1192 1860 1261 1926 C.
1311 1861 1714 1927 Servilius
1774 1856 2155 1943 pontifex
2211 1858 2480 1923 factus
2540 1862 2616 1924 in
2673 1862 2784 1926 lo-

477 1988 655 2032 cum
710 1968 780 2035 T.
843 1967 1184 2035 Otacilii
1241 1968 1550 2048 Crassi3
1621 1968 1726 2032 Ti.
1799 1967 2320 2050 Sempronius
2390 1968 2494 2032 Ti.
2552 1968 2783 2034 filius

478 2075 795 2159 Longus
864 2097 1117 2159 augur
1176 2076 1449 2143 factus
1506 2078 1582 2141 in
1640 2076 1904 2140 locum
1961 2075 2033 2139 T.
2081 2073 2423 2140 Otacilii
2485 2074 2783 2141 Crassi.

478 2183 796 2249 Extrema
853 2185 1054 2249 verba
1111 2184 1410 2265 (factus
1456 2220 1543 2230 —
1588 2183 1891 2265 Crassi)
1938 2183 2286 2248 manifesto
2336 2184 2566 2265 spuria
2611 2193 2782 2250 sunt.

475 2291 622 2356 Non
693 2291 904 2356 solum
983 2292 1156 2357 enim
1225 2313 1544 2376 perquam
1611 2292 2015 2374 ineleganter
2071 2291 2173 2356 bis
2233 2297 2595 2374 ponuntur,
2667 2293 2783 2358 sed

474 2399 962 2464 vitiosissimam
1018 2398 1263 2465 habent
1320 2401 1636 2466 orationis
1691 2400 2002 2478 formam,
2061 2401 2251 2483 quasi
2311 2398 2441 2463 duo
2485 2400 2782 2467 homines

475 2506 543 2569 in
602 2506 704 2569 sui
759 2508 1035 2589 quisque
1091 2508 1373 2573 hominis
1428 2509 1648 2574 locum
1694 2507 1954 2573 suffecti
2000 2508 2131 2572 sint
2175 2526 2254 2570 ac
2298 2529 2429 2572 non
2474 2509 2541 2572 in
2586 2511 2781 2574 unius

478 2620 774 2696 uterque.
866 2612 1244 2681 Offenderat
1289 2617 1490 2682 etiam
1534 2615 1901 2699 Ussingius.
1994 2614 2240 2696 (1863.)

649 2719 806 2805 Cap.
858 2727 913 2801 7,
965 2728 1035 2786 3:
1104 2725 1183 2788 in
1229 2723 1590 2805 Italiam,
1648 2726 1776 2789 vix
1820 2723 2268 2788 Hannibali
2314 2732 2554 2807 atque
2603 2727 2775 2790 eius

475 2830 720 2894 armis
767 2830 1378 2897 subsistentem.
1492 2833 1727 2910 Recte,
1798 2832 2067 2914 opinor,
2135 2832 2488 2897 Ascensius
2534 2835 2779 2898 armis

477 2936 1044 3019 obsistentem,
1093 2961 1172 3004 ex
1217 2961 1347 3022 quo
1393 2942 1724 3021 geminato
1769 2960 1798 3001 s
1841 2939 2007 3003 illud
2041 2946 2269 3004 natum
2305 2942 2639 3006 contrario
2682 2963 2779 3006 er-

474 3065 621 3109 rore
690 3047 781 3125 ei,
862 3068 1058 3130 quem
1125 3048 1349 3112 notavi
1403 3070 1466 3131 p.
1531 3051 1674 3111 218.
1789 3045 2268 3112 Subsistere
2338 3068 2487 3112 cum
2556 3048 2777 3115 dativo

474 3173 666 3219 nemo
722 3154 1065 3220 meliorum
1112 3154 1308 3234 dixit3
1365 3175 1519 3220 nam
1575 3155 1642 3220 in
1700 3154 1984 3238 epistula
2026 3154 2218 3220 Bruti
2275 3155 2454 3238 apud
2515 3156 2646 3221 Cic.
2697 3157 2781 3221 ad

476 3259 655 3326 Fam.
704 3261 826 3341 XI,
893 3267 996 3341 10,
1056 3268 1092 3325 5
1140 3268 1208 3327 et
1252 3264 1714 3328 subsistere
1772 3269 1840 3327 et
1896 3263 2308 3328 absistere
2354 3284 2629 3345 pravum
2674 3271 2778 3330 est

476 3367 1022 3452 scribendumque
1095 3375 1197 3434 est
1267 3369 1660 3435 sufficere
1724 3371 2111 3454 sumptui3
2181 3370 2360 3452 apud
2419 3370 2773 3455 Tibullum,

481 3476 537 3539 si
604 3475 901 3540 Tibullus
969 3482 1102 3556 est,
1172 3477 1292 3556 IV,
1367 3483 1432 3556 1,
1518 3482 1636 3542 195
1709 3477 1933 3542 solus
2004 3477 2284 3543 densis
2362 3477 2778 3544 obsistere

473 3584 766 3648 turmis
823 3590 1050 3649 tuetur
1095 3604 1447 3650 consensus
1495 3585 1797 3651 codicum
1822 3585 2118 3649 alterius
2162 3586 2448 3668 generiS,
2513 3586 2654 3650 sub
2670 3588 2778 3651 si-

474 3697 693 3754 stere
738 3697 969 3756 natum
1016 3698 1118 3756 est
1163 3692 1570 3775 corrigendo,
1630 3714 1830 3775 quum
1875 3693 2132 3757 inverso
2181 3692 2409 3758 ordine
2457 3695 2773 3776 scriptum

474 3803 648 3861 esset
704 3796 980 3863 densis
1038 3799 1282 3865 solus.
1398 3800 1867 3866 Subsistere
1925 3820 2072 3864 cum
2130 3802 2502 3865 accusativo
2557 3801 2778 3866 Livius

473 3903 574 3968 bis
629 3904 850 3970 habet.
933 3904 1178 3988 (1863.)
1291 3905 1324 3990 ἓ
1389 3912 1494 3971 16:
1566 3908 1940 3990 Triginta
2005 3909 2638 3989 quinqueremes
2694 3946 2782 3954 —

473 4014 693 4077 mitti
760 4013 1032 4093 iussae3
1082 4020 1375 4079 >cetera
1441 4016 1712 4080 classe
1778 4013 2219 4098 praedatum
2290 4017 2369 4079 in
2426 4016 2779 4082 Africam

472 4128 612 4185 aut
667 4121 924 4203 ipsum
981 4121 1066 4184 M.
1115 4121 1532 4187 Valerium
1588 4121 2286 4188 Messallaffiisere
2346 4144 2487 4187 seu
2532 4123 2780 4188 LCin-

473 4228 663 4293 lium
710 4250 846 4293 seu
881 4228 966 4292 M.
1005 4229 1410 4294 Valerium
1456 4229 1946 4294 Messallam.
2008 4209 2113 4295 Sic
2150 4230 2201 4294 P
2237 4251 2386 4294 cum
2430 4232 2781 4297 manifesto

475 4337 766 4416 defectu;
803 4335 1046 4402 editur:
1088 4343 1224 4402 aut
1260 4339 1520 4421 ipsum
1557 4336 1643 4400 M.
1672 4336 2084 4402 Valerium
2124 4338 2522 4404 Laevinum
2556 4341 2779 4405 traii-

476 4466 653 4511 cere
711 4451 850 4510 aut
906 4446 1237 4510 mittere
1296 4466 1438 4510 seu
1482 4445 1553 4509 L.
1604 4444 1987 4519 Cincium¹
2024 4450 2147 4510 oet.
2248 4442 2377 4510 Sed
2422 4443 2489 4508 h.
2536 4443 2577 4508 l.
2624 4441 2781 4507 ferri
