3230 5282
1359 598 1480 659 271
2268 611 2394 667 Lib.
2430 610 2580 668 XXI.

287 781 551 846 norint
617 803 903 847 nomen
966 782 1345 864 inditum3
1413 787 1482 848 et
1545 803 1830 848 nomen
1870 783 2153 866 ‚Livium
2218 784 2580 869 scripsisse,

288 895 516 953 certum
584 896 716 971 est3
785 890 902 956 sed
967 897 1034 957 et
1099 890 1555 957 coniunctivas
1621 912 1861 975 pravus
1928 898 2031 957 est
2097 891 2336 974 (neque
2404 894 2577 958 enim

286 994 485 1063 Livius
555 1019 636 1063 ex
704 1019 826 1064 sua
892 999 1301 1079 coniectura,
1369 999 1425 1065 si
1491 1019 1638 1063 eam
1707 999 2161 1071 coniunctivtus
2194 1060 2197 1065 ,
2228 998 2577 1084 significat,

285 1111 800 1188 argumentatur,
870 1106 987 1172 sed
1052 1128 1133 1173 ex
1188 1106 1368 1173 fama
1421 1107 1601 1192 apud
1656 1107 1807 1174 illos
1851 1108 2133 1193 populos
2180 1112 2362 1173 certo
2410 1108 2578 1173 obti-

284 1213 490 1295 nente)
528 1221 598 1280 et
630 1214 904 1280 verbum
936 1214 1237 1299 ineptum
1269 1214 1510 1299 (neque
1554 1216 1749 1295 enim,
1796 1215 1955 1298 qm'd
1988 1221 2277 1295 nossent,
2325 1236 2578 1300 quaere-

283 1318 482 1401 batur,
531 1322 649 1388 sed
695 1322 856 1405 quid
899 1328 1215 1408 putarent
1259 1322 1702 1406 dicerentque,
1748 1344 1963 1407 neque
2010 1344 2168 1389 sane
2213 1344 2255 1388 a
2288 1322 2577 1390 Poenino

284 1427 393 1493 deo
443 1437 736 1497 montem
781 1424 1200 1515 ⁴appellatum
1243 1430 1586 1512 norant).
1687 1431 1921 1516 Itaque
1965 1431 2184 1497 Livius
2232 1432 2578 1516 scripsisse

284 1537 555 1604 videtur:
621 1557 889 1602 ιοιοι
944 1539 1205 1603 ferunt
1257 1538 1626 1604 inditum.
1726 1538 1964 1606 Utrum
2022 1538 2388 1605 Sedunos
2433 1540 2578 1605 Ve-

281 1665 558 1729 ragros
625 1668 832 1712 unum
900 1647 1216 1731 populum
1272 1648 1528 1731 putarit
1586 1668 1673 1713 an
1732 1646 2034 1713 Seduni
2078 1647 2576 1730 Veragrique

281 1754 631 1838 scripserit,
690 1776 825 1819 non
880 1754 1143 1821 definio,
1244 1752 1405 1838 Cap.
1450 1760 1556 1834 40,
1620 1760 1697 1821 10
1744 1754 1838 1836 (in
1885 1756 2184 1821 oratione
2229 1753 2576 1839 Scipionis)

282 1862 577 1944 quoniam
647 1863 911 1929 codices
977 1862 1256 1929 habent:
1324 1883 1418 1928 ac
1482 1862 1690 1928 nihil
1758 1864 2009 1947 magis
2075 1884 2367 1929 vereor
2431 1884 2578 1928 nec

280 1990 603 2052 unquam
658 1993 799 2037 vos
846 1991 1020 2036 cum
1064 1971 1668 2056 pugnaveritis,
1725 1971 1977 2055 Alpes
2019 1971 2319 2037 vicisse
2365 1970 2575 2035 Han-

281 2078 614 2143 nibalem
682 2079 1149 2160 videantur,
1233 2100 1316 2144 ex
1382 2099 1938 2162 necumquam,
1998 2080 2435 2163 transpositO,
2504 2087 2579 2144 ut

281 2204 490 2251 omnes
531 2187 818 2266 faciunt,
878 2208 1143 2271 quam,
1199 2186 1282 2253 fit
1320 2208 1560 2270 quam
1601 2207 1717 2266 ne,
1779 2207 1972 2252 cum.
2073 2186 2217 2252 Hoc
2264 2193 2574 2270 corrupto

280 2294 763 2378 superadditum
808 2300 909 2360 est
951 2294 1234 2360 alterum
1280 2315 1469 2360 cum.
1566 2293 1852 2376 1862.)1)

438 2400 594 2486 Cap.
643 2408 760 2482 44,
820 2408 857 2468 ’7
905 2403 1003 2486 (in
1045 2402 1438 2468 Hannibalis
1484 2402 1663 2486 apud
1708 2402 1953 2468 milites
2000 2403 2355 2484 oratione):
2426 2402 2575 2467 Pa·

279 2530 429 2575 rum
487 2518 640 2589 est,
711 2510 924 2594 quod
981 2511 1477 2576 veterrimas
1532 2511 2000 2594 provincias
2056 2531 2302 2591 meas,
2372 2508 2575 2575 Sici-

279 2614 459 2685 liam
514 2639 604 2683 ac
666 2617 1159 2700 Sardiniam,
1227 2617 1563 2685 adimis?
1634 2619 1880 2685 etiam
1935 2618 2429 2704 Hispanias?
2497 2624 2576 2684 et

280 2726 450 2791 inde
498 2747 857 2793 cessero:
903 2728 981 2792 in
1014 2727 1372 2792 Africam
1414 2727 1990 2808 transcendes3
2035 2726 2575 2793 transcendes

278 2841 553 2914 autem,
623 2835 849 2901 dico?
915 2835 1133 2901 Duos
1203 2834 1585 2900 consules
1652 2835 1888 2900 huius
1955 2835 2140 2901 anni
2205 2856 2439 2900 unum
2494 2836 2575 2898 in

280 2942 647 3024 Africam,
715 2941 1064 3008 alterum
1120 2944 1199 3008 in
1242 2942 1725 3027 Hispaniam
1782 2943 2197 3008 miserunt.
2314 2940 2423 3007 Sic
2467 2942 2576 3006 hic

277 3048 449 3116 locus
494 3050 705 3116 multo
753 3071 914 3116 sane
959 3050 1210 3132 melius,
1256 3071 1453 3134 quam
1499 3056 1701 3116 antea
1744 3049 2102 3129 ferebatur,
2149 3071 2190 3114 a
2234 3048 2568 3122 Gronovio

278 3159 663 3224 constitutus
708 3166 831 3238 est,
877 3159 1125 3225 codicis
1154 3157 1476 3224 Puteanei
1519 3159 1796 3243 vestigia
1838 3163 2193 3241 premente,
2238 3157 2366 3222 nisi
2400 3156 2575 3241 quod

276 3267 556 3351 scripsit:
616 3271 724 3345 et,
784 3266 852 3331 si
896 3265 1083 3332 inde
1131 3286 1495 3344 cessero,
1553 3266 1633 3330 in
1678 3265 2038 3330 Africam
2084 3271 2208 3330 cet.
2299 3264 2427 3331 Sed
2470 3271 2569 3329 ta-
2604 3278 2743 3344 (221)

275 3392 410 3438 men
452 3380 671 3439 restat
714 3373 967 3456 aliquid
1012 3372 1444 3440 dubitationis
1493 3381 1580 3454 et,
1637 3374 1767 3439 nisi
1812 3373 2032 3454 fallor,
2079 3373 2317 3439 mendi.
2406 3372 2574 3437 Nam

273 3477 380 3547 illa
457 3482 704 3548 etiam
769 3480 1273 3565 Hispanias?
1360 3503 1496 3548 non
1573 3487 1754 3547 recte
1822 3481 2273 3567 superioribus
2342 3480 2571 3546 adiun-

273 3595 521 3671 guntur,
579 3595 657 3655 ut
700 3588 851 3655 inde
898 3588 1213 3655 audiatur
1254 3589 1584 3671 adimis;
1642 3596 1710 3654 et
1752 3610 1859 3655 res
1906 3590 2079 3656 enim
2125 3590 2438 3674 postulat,
2498 3595 2575 3654 ut

324 3782 370 3849 ¹)
407 3782 533 3854 Cap.
587 3786 680 3850 39,
732 3786 759 3835 1
807 3798 1072 3837 armare
1117 3779 1299 3848 (codd.
1339 3780 1606 3848 armari)
1656 3782 2034 3837 exercitum
2081 3782 2385 3837 admodum
2427 3782 2573 3836 inso-

397 3866 579 4004 lentgr
625 3867 837 3920 dicitur
879 3884 995 4003 nolu
1042 3867 1113 3922 de
1162 3867 1493 4005 instruendg
1512 3867 1734 4006 Χαῗῗῗε,
1783 3868 1882 3923 sed
1928 3869 1998 3922 de
2042 3885 2107 3924 eo
2154 3868 2227 3922 ad
2271 3884 2430 3921 arma
2472 3885 2571 3921 vo·

398 3967 503 4005 can
544 3968 579 4005 o
625 3955 686 4004 et
728 3967 931 4005 moven
973 3968 1023 4005 o.
1189 3968 1282 4005 am
1364 3967 1436 4005 uo
1757 3956 1822 4007 14
1895 3956 1960 4007 14
2003 3954 2203 4008 eodem
2245 3953 2417 4010 modo
2461 3969 2575 4008 oo-

397 4035 526 4105 pioe
564 4035 820 4091 armari
857 4035 970 4090 dici
1004 3950 1285 4104 viddnutur,
1325 3970 1495 4105 ‘duale
1530 4036 1669 4092 illud
1689 3994 1785 4092 ’sit
1820 3994 2224 4107 testimonium,
2261 4038 2572 4108 apparebit,

402 4137 570 4190 quum
614 4138 684 4177 eo
729 4127 959 4176 ventum
994 4110 1140 4189 erit.)
1219 4120 1450 4177 Fuitne:
1496 4121 1615 4178 sed
1666 4122 1746 4177 ad
1792 4140 1976 4177 arma
2018 4140 2262 4179 vocare
2311 4124 2573 4179 exerci-

399 4207 572 4262 tum?
619 4204 766 4274 (Ibd.
805 4204 839 4275 ξ
874 4207 910 4261 8
944 4206 1307 4262 scribendum
1342 4207 1582 4276 videtur,
1619 4225 1731 4262 uno
1768 4208 1940 4263 verbo
1976 4210 2349 4280 transposito:
2403 4207 2572 4264 Nam

400 4295 462 4346 et
514 4291 938 4347 Hannibalis
995 4292 1174 4362 apud
1226 4292 1576 4348 Romanos
1630 4320 1698 4329 -
1752 4293 2277 4350 celeberrimum
2327 4311 2571 4350 nomen

401 4382 570 4446 erat,
617 4383 684 4432 et
731 4375 1130 4446 Scipionem
1174 4377 1520 4433 Hannibal
1557 4406 1626 4415 -
1660 4384 2116 4449 praestantem
2165 4380 2384 4435 virum
2428 4394 2572 4432 cre·

400 4459 614 4517 debat.
689 4461 865 4530 1862.)
