3230 5282
1407 625 1528 685 291
2294 637 2419 692 Lib.
2457 637 2633 692 XXII.

328 809 602 893 plurium
667 808 869 874 etiam
931 807 1284 873 verborum
1351 829 1404 872 c.
1466 810 1547 872 32
1606 809 1800 874 initio
1861 829 1902 873 a
1957 808 2287 873 Frobenio
2346 830 2402 873 a.
2471 813 2629 874 1531

328 923 683 983 correctum
750 922 881 996 est,
949 936 1145 1000 quem
1210 935 1436 980 omnes
1495 922 1895 1000 sequuntur,
1963 923 2274 999 quartum
2331 918 2401 981 in
2456 916 2628 981 libro

326 1021 610 1103 XXVIII,
671 1027 727 1104 ⁷,
785 1027 823 1087 3
869 1022 1337 1089 animadvertit
1382 1020 1752 1104 CreveriuS,
1815 1025 2118 1107 quintum
2164 1044 2521 1107 coarguam
2566 1026 2635 1089 in

213 1137 225 1151 ‘
323 1131 477 1198 libro
496 1130 707 1211 XXX,
757 1134 855 1211 12,
906 1133 975 1213 3;
1019 1132 1089 1195 in
1133 1131 1348 1214 prima
1392 1129 1638 1197 decade
1683 1130 2157 1197 eiusdemmodi
2202 1132 2632 1215 transpositio

322 1246 545 1305 notata
590 1246 693 1305 est
733 1239 906 1305 libro
951 1237 1138 1317 VIII,
1203 1243 1311 1317 10,
1373 1242 1451 1304 12
1499 1245 1569 1305 et
1618 1243 1718 1317 13,
1777 1238 1893 1304 ubi
1941 1240 2144 1304 etiam
2192 1261 2227 1304 e
2276 1247 2522 1323 quarta
2569 1247 2635 1305 et

325 1349 546 1431 quinta
581 1345 882 1431 exempla
914 1347 1158 1430 posui.)
1224 1343 1369 1411 Hoc
1400 1348 1603 1430 igitur
1640 1347 1845 1412 misso
1882 1347 2203 1412 minorem
2239 1368 2378 1412 rem
2419 1368 2630 1430 agam.

323 1453 477 1521 Nam
538 1454 720 1540 quod
776 1455 870 1520 sic
927 1454 1271 1520 scribitur:
1341 1453 1613 1520 datum
1681 1453 1966 1520 donum
2036 1453 2240 1534 duit,
2309 1454 2633 1538 quidquid
2688 1470 2698 1478 ’

326 1561 687 1630 Gronovius
740 1562 1040 1641 molitur,
1108 1561 1305 1645 plane
1372 1582 1752 1646 perversum
1821 1567 1925 1626 est
1993 1561 2271 1627 datum
2340 1562 2633 1629 donum

324 1669 508 1737 dare
581 1670 1091 1753 longissimeque
1161 1669 1435 1749 distant,
1503 1691 1650 1752 quae
1707 1676 2202 1753 comparantur,
2267 1670 2336 1736 in
2396 1671 2632 1754 quibus

324 1786 427 1844 aut
484 1778 875 1863 simpliciter
929 1778 1214 1862 repetita
1271 1778 1444 1843 actio
1504 1776 1915 1859 significatur
1959 1778 2062 1859 (ut
2106 1799 2310 1861 quum
2353 1778 2626 1863 perdi·
2663 1788 2804 1857 (23⁷)

321 1894 471 1952 tum
529 1888 665 1951 iam
722 1886 962 1969 aliquis
1008 1887 1249 1951 iterum
1292 1884 1640 1968 perdere
1687 1884 1953 1968 dicitur)
2001 1892 2118 1951 aut
2160 1893 2340 1951 recte
2385 1887 2632 1969 gradus

321 1995 595 2061 actionis
643 1992 1138 2074 distinguuntur
1184 1991 1287 2075 (ut
1331 2013 1530 2074 quum
1576 1992 1820 2074 aliquis
1865 1996 2147 2077 primum
2191 1994 2632 2078 prolapsus

321 2101 549 2168 deinde
596 2123 870 2186 prorsus
917 2100 1314 2166 cecidisse
1362 2099 1669 2183 dicitur);
1717 2101 1877 2184 quid
1924 2101 2005 2167 de
2052 2122 2129 2167 eo
2177 2101 2410 2182 dicam,
2457 2101 2634 2186 quod

322 2208 688 2276 Gronovius
755 2209 1025 2274 datum
1095 2208 1283 2273 dare
1352 2208 1494 2274 vult
1555 2228 1700 2274 esse
1758 2230 1965 2274 nunc
2020 2216 2286 2274 votum
2339 2215 2633 2293 postea

321 2316 554 2385 dare?
626 2324 742 2382 aut
807 2315 984 2399 quod
1043 2315 1621 2382 Weissenbornius
1692 2314 1967 2381 datum
2034 2316 2379 2401 (donum)
2437 2317 2630 2384 dare

320 2431 659 2510 comparat
715 2446 861 2490 cum
920 2446 1031 2503 e0,
1099 2424 1274 2507 quod
1343 2423 1583 2489 dicitur
1649 2422 1971 2489 facinus
2027 2424 2343 2490 facere?
2405 2425 2629 2492 Simile

322 2535 483 2598 enim
531 2541 740 2612 esset,
808 2534 864 2597 si
912 2531 1245 2597 diceretur
1287 2532 1597 2596 factum
1640 2531 1962 2596 facinus
2008 2531 2297 2598 facere.
2388 2533 2630 2598 Verum

311 2662 432 2706 non
479 2641 699 2707 solum
746 2638 1020 2706 datum
1067 2661 1339 2725 pravum
1387 2647 1504 2719 est,
1553 2638 1669 2705 sed
1716 2647 1783 2704 et
1825 2641 1893 2704 in
1938 2640 2206 2724 vulgata
2250 2644 2455 2708 totius
2499 2641 2630 2707 loci

315 2750 641 2832 scriptura
707 2754 774 2813 et
830 2748 1038 2813 multo
1096 2749 1305 2831 magis
1371 2748 1684 2813 restituto
1742 2755 1925 2813 recto
1988 2751 2464 2815 sententiarum
2524 2771 2629 2814 or-

314 2855 452 2922 dine
521 2856 762 2922 deesse
829 2854 1081 2940 aliqm’d
1151 2855 1471 2920 admoniti
1538 2857 1825 2920 sentient
1888 2858 2136 2940 periti3'
2183 2878 2335 2922 nam
2400 2859 2466 2922 in
2523 2857 2628 2922 his

310 2969 627 3042 votorum,
673 2964 836 3028 iuris
886 2962 1169 3043 iurandi,
1216 2965 1668 3047 precationum
1700 2963 2023 3043 formulis,
2068 2965 2292 3047 posita
2325 2963 2627 3046 pluribus

309 3071 517 3137 verbis
566 3070 953 3136 condicione
972 3122 986 3150 ‚
1057 3071 1261 3154 ipsius
1313 3072 1451 3136 voti
1510 3091 1853 3154 precumve
1912 3071 2172 3135 initium
2218 3092 2368 3135 cum
2413 3072 2626 3154 gravi-

310 3183 440 3244 tate
497 3178 793 3264 quadam
850 3185 917 3243 et
975 3178 1399 3262 simplicitate
1461 3185 1733 3244 notatur
1790 3178 2117 3262 particula
2173 3185 2367 3258 tum,
2437 3185 2513 3243 ut
2557 3180 2626 3244 in

308 3283 427 3350 hoc
472 3287 625 3370 ipso
670 3285 842 3350 libro
890 3307 943 3349 c.
998 3290 1097 3365 53,
1149 3290 1247 3364 10,
1296 3287 1424 3352 etsi
1470 3286 1565 3351 ibi
1609 3286 1947 3370 perbrevis
1995 3293 2099 3351 est
2145 3286 2464 3365 condicio,
2509 3286 2623 3356 lib.

308 3390 362 3469 1,
417 3398 530 3472 24,
590 3397 630 3457 8
678 3399 747 3457 et
795 3395 904 3471 32,
965 3397 1020 3471 ’7,
1080 3393 1376 3474 XXXVI,
1435 3398 1493 3474 2,
1550 3400 1609 3474 4,
1668 3397 1780 3476 qui
1824 3393 2008 3460 locus
2053 3393 2209 3458 huic
2255 3394 2624 3459 simillimus

310 3506 421 3564 est.
522 3500 627 3564 Ex
683 3500 801 3564 illa
843 3500 1173 3582 particula
1216 3507 1447 3566 natum
1494 3508 1597 3567 est
1643 3499 2090 3584 participium3
2150 3501 2372 3566 Livius
2419 3504 2624 3586 scrip-

309 3615 508 3672 serat:
570 3643 659 3652 —
707 3610 844 3690 qui
891 3610 1007 3673 cis
1052 3608 1303 3693 Alpes
1352 3615 1566 3688 sunt,
1626 3616 1779 3670 tn·
1826 3609 2111 3673 donum
2158 3610 2353 3689 duit,
2413 3611 2623 3694 quod

310 3734 443 3777 ver
499 3723 628 3780 cet.
734 3713 975 3797 [Quam
1034 3717 1102 3779 in
1160 3715 1194 3797 ἓ
1251 3723 1288 3780 6
1335 3738 1391 3780 a.
1447 3721 1609 3781 1862
1672 3716 2282 3781 commendaveram
2341 3715 2623 3783 Strothii

309 3823 751 3887 coniecturam
822 3843 912 3887 ac
977 3825 1500 3907 transponentiS,
1570 3845 1743 3889 nunc
1811 3831 1877 3889 et
1920 3824 2487 3890 Weissenbornius
2559 3831 2626 3889 et

309 3926 721 3995 Woelfflinus
768 3937 1154 4012 sequuntur.
1252 3929 1540 4013 1875.]¹)

362 4145 407 4213 ¹)
445 4148 579 4217 Cap.
634 4150 724 4214 12,
778 4150 813 4202 6
868 4148 957 4216 (et
1009 4150 1455 4217 prudentiam
1502 4151 1814 4219 quidem,
1868 4168 2001 4205 non
2042 4152 2182 4206 vim
2230 4153 2615 4207 dictatoris

441 4231 795 4301 extemplo
859 4234 1127 4301 timuit;
1201 4236 1682 4291 constantiam
1752 4235 2091 4291 hauddum
2157 4244 2484 4307 expertus
2551 4266 2622 4277 —

440 4322 718 4372 tentare
755 4318 1046 4374 animum
1081 4348 1149 4358 —
1185 4320 1435 4390 coepit)
1473 4327 1628 4375 certa
1664 4328 1749 4375 est
1783 4320 2056 4377 Gronovii
2092 4324 2421 4376 coniectura
2455 4324 2617 4377 novi

441 4419 547 4470 pro
600 4420 755 4457 non·
782 4404 933 4458 vim.
1022 4404 1169 4459 Nam
1223 4407 1334 4461 vis
1380 4405 1543 4459 Fabii
1591 4407 1784 4476 inepte
1829 4408 2128 4477 excipitur,
2184 4408 2451 4476 quoniam
2500 4406 2620 4459 eius

442 4504 625 4554 neque
681 4487 797 4541 ulla
852 4492 976 4542 erat
1033 4490 1184 4558 apud
1226 4490 1600 4546 Hannibalem
1656 4492 2003 4560 exspectatio
2058 4509 2241 4561 neque
2298 4492 2414 4546 ulla
2472 4491 2621 4560 apud

2064 4595 2159 4648 19*
