<?xml version="1.0" encoding="UTF-8"?>
<!DOCTYPE html PUBLIC "-//W3C//DTD XHTML 1.0 Transitional//EN"
    "http://www.w3.org/TR/xhtml1/DTD/xhtml1-transitional.dtd">
<html xmlns="http://www.w3.org/1999/xhtml" xml:lang="en" lang="en">
 <head>
  <title>
</title>
<meta http-equiv="Content-Type" content="text/html;charset=utf-8" />
  <meta name='ocr-system' content='tesseract 3.04.00' />
  <meta name='ocr-capabilities' content='ocr_page ocr_carea ocr_par ocr_line ocrx_word'/>
</head>
<body>
  <div class='ocr_page' id='page_1' title='image "./emendationesliv03madvgoog_0057.png"; bbox 0 0 3230 5282; ppageno 0'>
   <div class='ocr_carea' id='block_1_1' title="bbox 1458 648 2655 716">
    <p class='ocr_par' dir='ltr' id='par_1_1' title="bbox 1458 648 2655 716">
     <span class='ocr_line' id='line_1_1' title="bbox 1458 648 2655 716; baseline 0.004 -9"><span class='ocrx_word' id='word_1_1' title='bbox 1458 648 1539 707; x_wconf 79' lang='lat'><strong>47</strong></span> <span class='ocrx_word' id='word_1_2' title='bbox 2449 661 2575 716; x_wconf 87' lang='lat' dir='ltr'><strong>Lib.</strong></span> <span class='ocrx_word' id='word_1_3' title='bbox 2617 661 2655 713; x_wconf 94' lang='grc' dir='ltr'><strong>Ι.</strong></span> 
     </span>
    </p>
   </div>
   <div class='ocr_carea' id='block_1_2' title="bbox 319 830 2658 4591">
    <p class='ocr_par' dir='ltr' id='par_1_2' title="bbox 339 830 2658 1240">
     <span class='ocr_line' id='line_1_2' title="bbox 345 830 2657 917; baseline 0.001 -22"><span class='ocrx_word' id='word_1_4' title='bbox 345 830 426 895; x_wconf 86' lang='lat' dir='ltr'><strong>ab</strong></span> <span class='ocrx_word' id='word_1_5' title='bbox 475 830 747 911; x_wconf 89' lang='lat' dir='ltr'><strong>obliqua</strong></span> <span class='ocrx_word' id='word_1_6' title='bbox 796 831 1102 896; x_wconf 90' lang='lat' dir='ltr'><strong>oratione</strong></span> <span class='ocrx_word' id='word_1_7' title='bbox 1150 830 1236 895; x_wconf 88' lang='lat' dir='ltr'><strong>ad</strong></span> <span class='ocrx_word' id='word_1_8' title='bbox 1279 837 1546 896; x_wconf 89' lang='lat' dir='ltr'><strong>rectam.</strong></span> <span class='ocrx_word' id='word_1_9' title='bbox 1648 831 1978 896; x_wconf 88' lang='lat' dir='ltr'><strong>Adiuncta</strong></span> <span class='ocrx_word' id='word_1_10' title='bbox 2020 833 2088 896; x_wconf 94' lang='lat' dir='ltr'><strong>in</strong></span> <span class='ocrx_word' id='word_1_11' title='bbox 2132 834 2232 912; x_wconf 91' lang='lat' dir='ltr'><strong>iis,</strong></span> <span class='ocrx_word' id='word_1_12' title='bbox 2292 831 2371 896; x_wconf 90' lang='lat' dir='ltr'><strong>de</strong></span> <span class='ocrx_word' id='word_1_13' title='bbox 2418 832 2657 917; x_wconf 89' lang='lat' dir='ltr'><strong>quibus</strong></span> 
     </span>
     <span class='ocr_line' id='line_1_3' title="bbox 343 938 2658 1024; baseline 0.002 -21"><span class='ocrx_word' id='word_1_14' title='bbox 343 938 588 1003; x_wconf 87' lang='lat' dir='ltr'><strong>dictum</strong></span> <span class='ocrx_word' id='word_1_15' title='bbox 634 944 754 1019; x_wconf 90' lang='lat' dir='ltr'><strong>est,</strong></span> <span class='ocrx_word' id='word_1_16' title='bbox 802 938 1180 1006; x_wconf 88' lang='lat' dir='ltr'><strong>hominibus</strong></span> <span class='ocrx_word' id='word_1_17' title='bbox 1224 959 1332 1004; x_wconf 89' lang='lat' dir='ltr'><strong>res</strong></span> <span class='ocrx_word' id='word_1_18' title='bbox 1379 945 1656 1004; x_wconf 89' lang='lat' dir='ltr'><strong>notatur</strong></span> <span class='ocrx_word' id='word_1_19' title='bbox 1699 942 2089 1024; x_wconf 85' lang='lat' dir='ltr'><strong>pronomine</strong></span> <span class='ocrx_word' id='word_1_20' title='bbox 2128 939 2406 1006; x_wconf 89' lang='lat' dir='ltr'><strong>subiecti</strong></span> <span class='ocrx_word' id='word_1_21' title='bbox 2442 942 2658 1007; x_wconf 89' lang='lat' dir='ltr'><strong>indice</strong></span> 
     </span>
     <span class='ocr_line' id='line_1_4' title="bbox 339 1046 2657 1131; baseline 0.001 -20"><span class='ocrx_word' id='word_1_22' title='bbox 339 1068 483 1112; x_wconf 89' lang='lat' dir='ltr'><strong>cum</strong></span> <span class='ocrx_word' id='word_1_23' title='bbox 538 1046 836 1130; x_wconf 87' lang='lat' dir='ltr'><strong>pondere</strong></span> <span class='ocrx_word' id='word_1_24' title='bbox 881 1048 1075 1113; x_wconf 90' lang='lat' dir='ltr'><strong>initio</strong></span> <span class='ocrx_word' id='word_1_25' title='bbox 1121 1049 1464 1114; x_wconf 67' lang='lat' dir='ltr'><strong>sententiae</strong></span> <span class='ocrx_word' id='word_1_26' title='bbox 1507 1048 1759 1131; x_wconf 90' lang='lat' dir='ltr'><strong>posito:</strong></span> <span class='ocrx_word' id='word_1_27' title='bbox 1816 1047 1907 1112; x_wconf 88' lang='lat' dir='ltr'><strong>Ei</strong></span> <span class='ocrx_word' id='word_1_28' title='bbox 1966 1049 2044 1112; x_wconf 89' lang='lat' dir='ltr'><strong>in</strong></span> <span class='ocrx_word' id='word_1_29' title='bbox 2102 1070 2326 1131; x_wconf 89' lang='lat' dir='ltr'><strong>quem</strong></span> <span class='ocrx_word' id='word_1_30' title='bbox 2386 1056 2508 1114; x_wconf 89' lang='lat' dir='ltr'><strong>cet.</strong></span> <span class='ocrx_word' id='word_1_31' title='bbox 2556 1049 2657 1113; x_wconf 87' lang='lat' dir='ltr'><strong>Ex</strong></span> 
     </span>
     <span class='ocr_line' id='line_1_5' title="bbox 339 1154 2612 1240; baseline 0 -20"><span class='ocrx_word' id='word_1_32' title='bbox 339 1157 405 1220; x_wconf 88' lang='lat' dir='ltr'><strong>ei</strong></span> <span class='ocrx_word' id='word_1_33' title='bbox 452 1154 705 1220; x_wconf 88' lang='lat' dir='ltr'><strong>factum</strong></span> <span class='ocrx_word' id='word_1_34' title='bbox 753 1163 831 1221; x_wconf 91' lang='lat' dir='ltr'><strong>et</strong></span> <span class='ocrx_word' id='word_1_35' title='bbox 873 1162 1234 1240; x_wconf 85' lang='lat' dir='ltr'><strong>pervagato</strong></span> <span class='ocrx_word' id='word_1_36' title='bbox 1281 1155 1539 1221; x_wconf 90' lang='lat' dir='ltr'><strong>mendo.</strong></span> <span class='ocrx_word' id='word_1_37' title='bbox 1631 1155 1778 1221; x_wconf 86' lang='lat' dir='ltr'><strong>vid.</strong></span> <span class='ocrx_word' id='word_1_38' title='bbox 1825 1156 1908 1220; x_wconf 89' lang='lat' dir='ltr'><strong>ad</strong></span> <span class='ocrx_word' id='word_1_39' title='bbox 1953 1155 2061 1235; x_wconf 90' lang='lat' dir='ltr'><strong>IV,</strong></span> <span class='ocrx_word' id='word_1_40' title='bbox 2108 1161 2210 1238; x_wconf 83' lang='lat'><strong>48,</strong></span> <span class='ocrx_word' id='word_1_41' title='bbox 2263 1162 2314 1220; x_wconf 92' lang='lat'><strong>1.</strong></span> <span class='ocrx_word' id='word_1_42' title='bbox 2368 1157 2612 1240; x_wconf 81' lang='lat'>(1861.)</span> 
     </span>
    </p>

    <p class='ocr_par' dir='ltr' id='par_1_3' title="bbox 334 1262 2658 2101">
     <span class='ocr_line' id='line_1_6' title="bbox 508 1262 2657 1351; baseline 0 -22"><span class='ocrx_word' id='word_1_43' title='bbox 508 1262 670 1348; x_wconf 85' lang='lat' dir='ltr'><strong>Cap.</strong></span> <span class='ocrx_word' id='word_1_44' title='bbox 720 1269 788 1344; x_wconf 86' lang='lat'><strong>5,</strong></span> <span class='ocrx_word' id='word_1_45' title='bbox 851 1270 916 1328; x_wconf 88' lang='lat'><strong>1:</strong></span> <span class='ocrx_word' id='word_1_46' title='bbox 986 1264 1150 1328; x_wconf 91' lang='lat' dir='ltr'><strong>Iam</strong></span> <span class='ocrx_word' id='word_1_47' title='bbox 1206 1269 1368 1328; x_wconf 93' lang='lat' dir='ltr'><strong>tum</strong></span> <span class='ocrx_word' id='word_1_48' title='bbox 1425 1265 1505 1328; x_wconf 92' lang='lat' dir='ltr'><strong>in</strong></span> <span class='ocrx_word' id='word_1_49' title='bbox 1551 1262 1878 1328; x_wconf 89' lang='lat' dir='ltr'><strong>Palatio</strong></span> <span class='ocrx_word' id='word_1_50' title='bbox 1939 1272 2203 1330; x_wconf 90' lang='lat' dir='ltr'><strong>monte</strong></span> <span class='ocrx_word' id='word_1_51' title='bbox 2251 1265 2657 1351; x_wconf 88' lang='lat' dir='ltr'><strong>Lupercal</strong></span> 
     </span>
     <span class='ocr_line' id='line_1_7' title="bbox 338 1371 2652 1456; baseline 0.001 -20"><span class='ocrx_word' id='word_1_52' title='bbox 338 1372 485 1438; x_wconf 89' lang='lat' dir='ltr'><strong>hoc</strong></span> <span class='ocrx_word' id='word_1_53' title='bbox 542 1372 801 1437; x_wconf 84' lang='lat' dir='ltr'><strong>fuisse</strong></span> <span class='ocrx_word' id='word_1_54' title='bbox 860 1372 1184 1437; x_wconf 90' lang='lat' dir='ltr'><strong>dicitur.</strong></span> <span class='ocrx_word' id='word_1_55' title='bbox 1294 1371 1522 1456; x_wconf 82' lang='lat' dir='ltr'>Neque</span> <span class='ocrx_word' id='word_1_56' title='bbox 1579 1371 1986 1437; x_wconf 90' lang='lat' dir='ltr'><strong>Palatium</strong></span> <span class='ocrx_word' id='word_1_57' title='bbox 2052 1394 2275 1438; x_wconf 87' lang='lat' dir='ltr'><strong>mons</strong></span> <span class='ocrx_word' id='word_1_58' title='bbox 2347 1375 2441 1438; x_wconf 88' lang='lat' dir='ltr'><strong>sic</strong></span> <span class='ocrx_word' id='word_1_59' title='bbox 2499 1396 2652 1440; x_wconf 92' lang='lat' dir='ltr'><strong>con-</strong></span> 
     </span>
     <span class='ocr_line' id='line_1_8' title="bbox 339 1479 2658 1565; baseline 0.001 -22"><span class='ocrx_word' id='word_1_60' title='bbox 339 1482 559 1545; x_wconf 89' lang='lat' dir='ltr'><strong>iuncte</strong></span> <span class='ocrx_word' id='word_1_61' title='bbox 619 1502 743 1564; x_wconf 90' lang='lat' dir='ltr'><strong>pro</strong></span> <span class='ocrx_word' id='word_1_62' title='bbox 802 1487 1025 1545; x_wconf 89' lang='lat' dir='ltr'><strong>monte</strong></span> <span class='ocrx_word' id='word_1_63' title='bbox 1070 1479 1374 1546; x_wconf 86' lang='lat' dir='ltr'><strong>Palatino</strong></span> <span class='ocrx_word' id='word_1_64' title='bbox 1432 1479 1676 1545; x_wconf 90' lang='lat' dir='ltr'><strong>dicitur</strong></span> <span class='ocrx_word' id='word_1_65' title='bbox 1732 1487 1798 1545; x_wconf 89' lang='lat' dir='ltr'><strong>et</strong></span> <span class='ocrx_word' id='word_1_66' title='bbox 1852 1482 2043 1560; x_wconf 91' lang='lat' dir='ltr'><strong>mire,</strong></span> <span class='ocrx_word' id='word_1_67' title='bbox 2111 1482 2335 1565; x_wconf 90' lang='lat' dir='ltr'><strong>posito</strong></span> <span class='ocrx_word' id='word_1_68' title='bbox 2395 1483 2658 1559; x_wconf 87' lang='lat' dir='ltr'><strong>nomine</strong></span> 
     </span>
     <span class='ocr_line' id='line_1_9' title="bbox 337 1587 2654 1673; baseline 0 -20"><span class='ocrx_word' id='word_1_69' title='bbox 337 1589 610 1673; x_wconf 91' lang='lat' dir='ltr'><strong>proprio</strong></span> <span class='ocrx_word' id='word_1_70' title='bbox 658 1589 851 1672; x_wconf 89' lang='lat' dir='ltr'><strong>quasi</strong></span> <span class='ocrx_word' id='word_1_71' title='bbox 898 1594 1192 1667; x_wconf 85' lang='lat' dir='ltr'><strong>cavetur,</strong></span> <span class='ocrx_word' id='word_1_72' title='bbox 1261 1609 1345 1653; x_wconf 91' lang='lat' dir='ltr'><strong>ne</strong></span> <span class='ocrx_word' id='word_1_73' title='bbox 1391 1588 1570 1671; x_wconf 90' lang='lat' dir='ltr'><strong>quod</strong></span> <span class='ocrx_word' id='word_1_74' title='bbox 1618 1587 1802 1653; x_wconf 88' lang='lat' dir='ltr'><strong>aliud</strong></span> <span class='ocrx_word' id='word_1_75' title='bbox 1846 1589 2169 1672; x_wconf 85' lang='lat' dir='ltr'><strong>palatium</strong></span> <span class='ocrx_word' id='word_1_76' title='bbox 2215 1589 2654 1673; x_wconf 79' lang='lat' dir='ltr'>intellegatur.</span> 
     </span>
     <span class='ocr_line' id='line_1_10' title="bbox 341 1695 2654 1780; baseline 0.001 -21"><span class='ocrx_word' id='word_1_77' title='bbox 341 1696 729 1761; x_wconf 87' lang='lat' dir='ltr'><strong>Retractum</strong></span> <span class='ocrx_word' id='word_1_78' title='bbox 773 1695 902 1760; x_wconf 89' lang='lat' dir='ltr'><strong>huc</strong></span> <span class='ocrx_word' id='word_1_79' title='bbox 947 1702 1217 1761; x_wconf 86' lang='lat' dir='ltr'><strong>monte</strong></span> <span class='ocrx_word' id='word_1_80' title='bbox 1264 1717 1341 1761; x_wconf 89' lang='lat' dir='ltr'><strong>ex</strong></span> <span class='ocrx_word' id='word_1_81' title='bbox 1376 1697 1697 1780; x_wconf 81' lang='lat' dir='ltr'>proximis</span> <span class='ocrx_word' id='word_1_82' title='bbox 1731 1697 1979 1762; x_wconf 82' lang='lat' dir='ltr'><strong>verbis:</strong></span> <span class='ocrx_word' id='word_1_83' title='bbox 2030 1698 2214 1762; x_wconf 90' lang='lat' dir='ltr'><strong>dein</strong></span> <span class='ocrx_word' id='word_1_84' title='bbox 2253 1697 2654 1763; x_wconf 88' lang='lat' dir='ltr'><strong>Palatium</strong></span> 
     </span>
     <span class='ocr_line' id='line_1_11' title="bbox 336 1803 2655 1890; baseline 0.001 -22"><span class='ocrx_word' id='word_1_85' title='bbox 336 1826 561 1870; x_wconf 85' lang='lat' dir='ltr'><strong>mons</strong></span> <span class='ocrx_word' id='word_1_86' title='bbox 621 1803 1137 1888; x_wconf 78' lang='lat' dir='ltr'><strong>appellatuS,</strong></span> <span class='ocrx_word' id='word_1_87' title='bbox 1194 1824 1345 1888; x_wconf 76' lang='lat' dir='ltr'><strong>quae</strong></span> <span class='ocrx_word' id='word_1_88' title='bbox 1398 1805 1543 1889; x_wconf 89' lang='lat' dir='ltr'><strong>ipsa</strong></span> <span class='ocrx_word' id='word_1_89' title='bbox 1597 1807 1885 1884; x_wconf 87' lang='lat' dir='ltr'><strong>notati0,</strong></span> <span class='ocrx_word' id='word_1_90' title='bbox 1946 1826 2059 1869; x_wconf 91' lang='lat' dir='ltr'><strong>cur</strong></span> <span class='ocrx_word' id='word_1_91' title='bbox 2115 1827 2305 1870; x_wconf 89' lang='lat' dir='ltr'><strong>mons</strong></span> <span class='ocrx_word' id='word_1_92' title='bbox 2363 1806 2655 1890; x_wconf 89' lang='lat' dir='ltr'><strong>appella-</strong></span> 
     </span>
     <span class='ocr_line' id='line_1_12' title="bbox 334 1911 2656 1997; baseline 0.001 -20"><span class='ocrx_word' id='word_1_93' title='bbox 334 1922 444 1977; x_wconf 84' lang='lat' dir='ltr'><strong>tus</strong></span> <span class='ocrx_word' id='word_1_94' title='bbox 504 1913 595 1977; x_wconf 88' lang='lat' dir='ltr'><strong>sit</strong></span> <span class='ocrx_word' id='word_1_95' title='bbox 639 1911 1003 1991; x_wconf 89' lang='lat' dir='ltr'><strong>Palatium,</strong></span> <span class='ocrx_word' id='word_1_96' title='bbox 1062 1912 1381 1992; x_wconf 78' lang='lat' dir='ltr'><strong>ostendit,</strong></span> <span class='ocrx_word' id='word_1_97' title='bbox 1439 1914 1567 1979; x_wconf 93' lang='lat' dir='ltr'><strong>hoc</strong></span> <span class='ocrx_word' id='word_1_98' title='bbox 1623 1934 1861 1978; x_wconf 86' lang='lat' dir='ltr'><strong>nomen</strong></span> <span class='ocrx_word' id='word_1_99' title='bbox 1909 1935 2112 1997; x_wconf 90' lang='lat' dir='ltr'><strong>supra</strong></span> <span class='ocrx_word' id='word_1_100' title='bbox 2155 1913 2326 1978; x_wconf 88' lang='lat' dir='ltr'><strong>nude</strong></span> <span class='ocrx_word' id='word_1_101' title='bbox 2371 1915 2656 1997; x_wconf 91' lang='lat' dir='ltr'><strong>positum</strong></span> 
     </span>
     <span class='ocr_line' id='line_1_13' title="bbox 335 2019 905 2101; baseline -0.002 -17"><span class='ocrx_word' id='word_1_102' title='bbox 335 2021 564 2084; x_wconf 82' lang='lat' dir='ltr'><strong>fuisse.</strong></span> <span class='ocrx_word' id='word_1_103' title='bbox 658 2019 905 2101; x_wconf 79' lang='lat'>(1861.)</span> 
     </span>
    </p>

    <p class='ocr_par' dir='ltr' id='par_1_4' title="bbox 319 2124 2657 4591">
     <span class='ocr_line' id='line_1_14' title="bbox 512 2124 2655 2213; baseline 0.001 -22"><span class='ocrx_word' id='word_1_104' title='bbox 512 2124 674 2211; x_wconf 87' lang='lat' dir='ltr'><strong>Cap.</strong></span> <span class='ocrx_word' id='word_1_105' title='bbox 717 2133 772 2206; x_wconf 83' lang='lat'><strong>9,</strong></span> <span class='ocrx_word' id='word_1_106' title='bbox 821 2132 889 2190; x_wconf 85' lang='lat'><strong>7:</strong></span> <span class='ocrx_word' id='word_1_107' title='bbox 936 2127 1203 2193; x_wconf 84' lang='lat' dir='ltr'>Indici</span> <span class='ocrx_word' id='word_1_108' title='bbox 1249 2128 1538 2194; x_wconf 90' lang='lat' dir='ltr'><strong>deinde</strong></span> <span class='ocrx_word' id='word_1_109' title='bbox 1576 2127 1952 2211; x_wconf 87' lang='lat' dir='ltr'>(Romulus)</span> <span class='ocrx_word' id='word_1_110' title='bbox 2000 2130 2387 2194; x_wconf 79' lang='lat' dir='ltr'><strong>finitimis</strong></span> <span class='ocrx_word' id='word_1_111' title='bbox 2437 2151 2655 2213; x_wconf 89' lang='lat' dir='ltr'><strong>spec—</strong></span> 
     </span>
     <span class='ocr_line' id='line_1_15' title="bbox 334 2235 2657 2321; baseline 0.001 -21"><span class='ocrx_word' id='word_1_112' title='bbox 334 2236 705 2301; x_wconf 77' lang='lat' dir='ltr'>taculum</span> <span class='ocrx_word' id='word_1_113' title='bbox 761 2235 1022 2310; x_wconf 81' lang='lat' dir='ltr'><strong>iubet,</strong></span> <span class='ocrx_word' id='word_1_114' title='bbox 1081 2243 1549 2320; x_wconf 87' lang='lat' dir='ltr'><strong>quantoque</strong></span> <span class='ocrx_word' id='word_1_115' title='bbox 1607 2245 2015 2321; x_wconf 86' lang='lat' dir='ltr'><strong>apparatu</strong></span> <span class='ocrx_word' id='word_1_116' title='bbox 2071 2245 2234 2303; x_wconf 88' lang='lat' dir='ltr'><strong>tum</strong></span> <span class='ocrx_word' id='word_1_117' title='bbox 2281 2238 2657 2304; x_wconf 77' lang='lat' dir='ltr'><strong>sciebant</strong></span> 
     </span>
     <span class='ocr_line' id='line_1_16' title="bbox 333 2344 2654 2430; baseline 0.001 -21"><span class='ocrx_word' id='word_1_118' title='bbox 333 2351 478 2409; x_wconf 85' lang='lat' dir='ltr'><strong>aut</strong></span> <span class='ocrx_word' id='word_1_119' title='bbox 524 2351 942 2428; x_wconf 87' lang='lat' dir='ltr'><strong>poterant,</strong></span> <span class='ocrx_word' id='word_1_120' title='bbox 989 2344 1596 2424; x_wconf 80' lang='lat' dir='ltr'><strong>concelebrant,</strong></span> <span class='ocrx_word' id='word_1_121' title='bbox 1644 2353 1728 2409; x_wconf 91' lang='lat' dir='ltr'><strong>ut</strong></span> <span class='ocrx_word' id='word_1_122' title='bbox 1774 2367 1935 2410; x_wconf 91' lang='lat' dir='ltr'><strong>rem</strong></span> <span class='ocrx_word' id='word_1_123' title='bbox 1982 2345 2283 2410; x_wconf 89' lang='lat' dir='ltr'><strong>claram</strong></span> <span class='ocrx_word' id='word_1_124' title='bbox 2332 2367 2654 2430; x_wconf 87' lang='lat' dir='ltr'><strong>exspec-</strong></span> 
     </span>
     <span class='ocr_line' id='line_1_17' title="bbox 331 2452 2654 2538; baseline 0.001 -20"><span class='ocrx_word' id='word_1_125' title='bbox 331 2459 755 2536; x_wconf 87' lang='lat' dir='ltr'><strong>tatamque</strong></span> <span class='ocrx_word' id='word_1_126' title='bbox 813 2453 1208 2517; x_wconf 83' lang='lat' dir='ltr'><strong>facerent.</strong></span> <span class='ocrx_word' id='word_1_127' title='bbox 1311 2452 1469 2517; x_wconf 81' lang='lat' dir='ltr'><strong>Haec</strong></span> <span class='ocrx_word' id='word_1_128' title='bbox 1511 2460 1850 2536; x_wconf 86' lang='lat' dir='ltr'><strong>postrema</strong></span> <span class='ocrx_word' id='word_1_129' title='bbox 1895 2454 2095 2518; x_wconf 86' lang='lat' dir='ltr'><strong>verba</strong></span> <span class='ocrx_word' id='word_1_130' title='bbox 2138 2475 2351 2538; x_wconf 91' lang='lat' dir='ltr'><strong>neque</strong></span> <span class='ocrx_word' id='word_1_131' title='bbox 2400 2454 2479 2519; x_wconf 89' lang='lat' dir='ltr'><strong>de</strong></span> <span class='ocrx_word' id='word_1_132' title='bbox 2523 2455 2654 2520; x_wconf 91' lang='lat' dir='ltr'><strong>Ro-</strong></span> 
     </span>
     <span class='ocr_line' id='line_1_18' title="bbox 332 2559 2655 2652; baseline 0 -25"><span class='ocrx_word' id='word_1_133' title='bbox 332 2563 547 2627; x_wconf 88' lang='lat' dir='ltr'><strong>manis</strong></span> <span class='ocrx_word' id='word_1_134' title='bbox 605 2559 899 2645; x_wconf 86' lang='lat' dir='ltr'><strong>intellegi</strong></span> <span class='ocrx_word' id='word_1_135' title='bbox 959 2567 1239 2645; x_wconf 86' lang='lat' dir='ltr'><strong>possunt</strong></span> <span class='ocrx_word' id='word_1_136' title='bbox 1294 2560 1535 2652; x_wconf 88' lang='lat' dir='ltr'><strong>(neque</strong></span> <span class='ocrx_word' id='word_1_137' title='bbox 1581 2564 1755 2626; x_wconf 90' lang='lat' dir='ltr'><strong>enim</strong></span> <span class='ocrx_word' id='word_1_138' title='bbox 1802 2568 1919 2627; x_wconf 88' lang='lat' dir='ltr'><strong>aut</strong></span> <span class='ocrx_word' id='word_1_139' title='bbox 1961 2561 2088 2627; x_wconf 89' lang='lat' dir='ltr'><strong>hoc</strong></span> <span class='ocrx_word' id='word_1_140' title='bbox 2134 2569 2252 2627; x_wconf 89' lang='lat' dir='ltr'><strong>aut</strong></span> <span class='ocrx_word' id='word_1_141' title='bbox 2297 2561 2655 2647; x_wconf 83' lang='lat' dir='ltr'>quidquam</span> 
     </span>
     <span class='ocr_line' id='line_1_19' title="bbox 332 2669 2652 2754; baseline 0 -19"><span class='ocrx_word' id='word_1_142' title='bbox 332 2671 518 2735; x_wconf 86' lang='lat' dir='ltr'><strong>aliud</strong></span> <span class='ocrx_word' id='word_1_143' title='bbox 577 2670 693 2734; x_wconf 90' lang='lat' dir='ltr'><strong>illo</strong></span> <span class='ocrx_word' id='word_1_144' title='bbox 749 2676 1048 2753; x_wconf 86' lang='lat' dir='ltr'><strong>tempore</strong></span> <span class='ocrx_word' id='word_1_145' title='bbox 1095 2669 1325 2754; x_wconf 91' lang='lat' dir='ltr'><strong>populi</strong></span> <span class='ocrx_word' id='word_1_146' title='bbox 1373 2670 1668 2736; x_wconf 88' lang='lat' dir='ltr'><strong>consiliis</strong></span> <span class='ocrx_word' id='word_1_147' title='bbox 1716 2677 1784 2735; x_wconf 90' lang='lat' dir='ltr'><strong>et</strong></span> <span class='ocrx_word' id='word_1_148' title='bbox 1830 2672 2116 2736; x_wconf 85' lang='lat' dir='ltr'><strong>decretis</strong></span> <span class='ocrx_word' id='word_1_149' title='bbox 2165 2677 2385 2736; x_wconf 89' lang='lat' dir='ltr'><strong>actum</strong></span> <span class='ocrx_word' id='word_1_150' title='bbox 2429 2672 2652 2736; x_wconf 83' lang='lat' dir='ltr'><strong>Livius</strong></span> 
     </span>
     <span class='ocr_line' id='line_1_20' title="bbox 329 2777 2651 2863; baseline 0 -20"><span class='ocrx_word' id='word_1_151' title='bbox 329 2777 665 2863; x_wconf 84' lang='lat' dir='ltr'><strong>significat</strong></span> <span class='ocrx_word' id='word_1_152' title='bbox 733 2786 848 2843; x_wconf 89' lang='lat' dir='ltr'><strong>aut</strong></span> <span class='ocrx_word' id='word_1_153' title='bbox 903 2799 1184 2862; x_wconf 84' lang='lat' dir='ltr'>usquam</span> <span class='ocrx_word' id='word_1_154' title='bbox 1241 2779 1335 2842; x_wconf 90' lang='lat' dir='ltr'><strong>sic</strong></span> <span class='ocrx_word' id='word_1_155' title='bbox 1392 2777 1477 2842; x_wconf 89' lang='lat' dir='ltr'><strong>ad</strong></span> <span class='ocrx_word' id='word_1_156' title='bbox 1533 2779 1854 2862; x_wconf 92' lang='lat' dir='ltr'><strong>populum</strong></span> <span class='ocrx_word' id='word_1_157' title='bbox 1911 2781 2214 2863; x_wconf 84' lang='lat' dir='ltr'><strong>civesque</strong></span> <span class='ocrx_word' id='word_1_158' title='bbox 2273 2801 2315 2844; x_wconf 92' lang='lat' dir='ltr'><strong>a</strong></span> <span class='ocrx_word' id='word_1_159' title='bbox 2370 2780 2651 2845; x_wconf 89' lang='lat' dir='ltr'><strong>Romulo</strong></span> 
     </span>
     <span class='ocr_line' id='line_1_21' title="bbox 328 2885 2650 2971; baseline -0 -19"><span class='ocrx_word' id='word_1_160' title='bbox 328 2885 605 2969; x_wconf 84' lang='lat' dir='ltr'><strong>transit)</strong></span> <span class='ocrx_word' id='word_1_161' title='bbox 662 2907 876 2970; x_wconf 92' lang='lat' dir='ltr'><strong>neque</strong></span> <span class='ocrx_word' id='word_1_162' title='bbox 936 2886 1018 2951; x_wconf 91' lang='lat' dir='ltr'><strong>de</strong></span> <span class='ocrx_word' id='word_1_163' title='bbox 1075 2887 1473 2970; x_wconf 84' lang='lat' dir='ltr'><strong>peregrinis;</strong></span> <span class='ocrx_word' id='word_1_164' title='bbox 1540 2887 1626 2949; x_wconf 88' lang='lat' dir='ltr'><strong>ad</strong></span> <span class='ocrx_word' id='word_1_165' title='bbox 1685 2909 1798 2951; x_wconf 87' lang='lat' dir='ltr'><strong>eos</strong></span> <span class='ocrx_word' id='word_1_166' title='bbox 1846 2889 2020 2952; x_wconf 90' lang='lat' dir='ltr'><strong>enim</strong></span> <span class='ocrx_word' id='word_1_167' title='bbox 2064 2888 2130 2951; x_wconf 92' lang='lat' dir='ltr'><strong>in</strong></span> <span class='ocrx_word' id='word_1_168' title='bbox 2177 2888 2492 2971; x_wconf 84' lang='lat' dir='ltr'><strong>proximis</strong></span> <span class='ocrx_word' id='word_1_169' title='bbox 2540 2888 2650 2951; x_wconf 90' lang='lat' dir='ltr'><strong>de-</strong></span> 
     </span>
     <span class='ocr_line' id='line_1_22' title="bbox 328 2993 2651 3075; baseline -0 -16"><span class='ocrx_word' id='word_1_170' title='bbox 328 3018 509 3060; x_wconf 89' lang='lat' dir='ltr'><strong>mum</strong></span> <span class='ocrx_word' id='word_1_171' title='bbox 566 2994 785 3059; x_wconf 83' lang='lat' dir='ltr'><strong>verbis</strong></span> <span class='ocrx_word' id='word_1_172' title='bbox 839 2993 1238 3060; x_wconf 86' lang='lat' dir='ltr'><strong>transfertur</strong></span> <span class='ocrx_word' id='word_1_173' title='bbox 1281 2995 1576 3059; x_wconf 84' lang='lat' dir='ltr'><strong>narratio</strong></span> <span class='ocrx_word' id='word_1_174' title='bbox 1625 2993 1887 3075; x_wconf 88' lang='lat' dir='ltr'><strong>(multi</strong></span> <span class='ocrx_word' id='word_1_175' title='bbox 1934 2994 2321 3059; x_wconf 84' lang='lat' dir='ltr'><strong>mortales</strong></span> <span class='ocrx_word' id='word_1_176' title='bbox 2367 3016 2651 3060; x_wconf 88' lang='lat' dir='ltr'><strong>conve-</strong></span> 
     </span>
     <span class='ocr_line' id='line_1_23' title="bbox 327 3101 2651 3186; baseline -0 -18"><span class='ocrx_word' id='word_1_177' title='bbox 327 3102 581 3184; x_wconf 83' lang='lat' dir='ltr'><strong>nere);</strong></span> <span class='ocrx_word' id='word_1_178' title='bbox 640 3124 853 3184; x_wconf 85' lang='lat' dir='ltr'><strong>neque</strong></span> <span class='ocrx_word' id='word_1_179' title='bbox 897 3124 1052 3168; x_wconf 86' lang='lat' dir='ltr'><strong>sane</strong></span> <span class='ocrx_word' id='word_1_180' title='bbox 1097 3104 1209 3182; x_wconf 88' lang='lat' dir='ltr'><strong>iis,</strong></span> <span class='ocrx_word' id='word_1_181' title='bbox 1269 3104 1384 3186; x_wconf 89' lang='lat' dir='ltr'><strong>qui</strong></span> <span class='ocrx_word' id='word_1_182' title='bbox 1431 3101 1696 3167; x_wconf 89' lang='lat' dir='ltr'><strong>aliunde</strong></span> <span class='ocrx_word' id='word_1_183' title='bbox 1743 3102 2231 3181; x_wconf 86' lang='lat' dir='ltr'><strong>alliciebantur,</strong></span> <span class='ocrx_word' id='word_1_184' title='bbox 2291 3103 2453 3186; x_wconf 90' lang='lat' dir='ltr'><strong>ipsis</strong></span> <span class='ocrx_word' id='word_1_185' title='bbox 2498 3124 2651 3186; x_wconf 89' lang='lat' dir='ltr'><strong>pro-</strong></span> 
     </span>
     <span class='ocr_line' id='line_1_24' title="bbox 328 3210 2650 3297; baseline -0.001 -21"><span class='ocrx_word' id='word_1_186' title='bbox 328 3213 624 3297; x_wconf 86' lang='lat' dir='ltr'><strong>positum</strong></span> <span class='ocrx_word' id='word_1_187' title='bbox 694 3219 839 3276; x_wconf 87' lang='lat' dir='ltr'><strong>erat</strong></span> <span class='ocrx_word' id='word_1_188' title='bbox 905 3232 1044 3275; x_wconf 86' lang='lat' dir='ltr'><strong>rem</strong></span> <span class='ocrx_word' id='word_1_189' title='bbox 1111 3211 1353 3276; x_wconf 86' lang='lat' dir='ltr'><strong>claram</strong></span> <span class='ocrx_word' id='word_1_190' title='bbox 1422 3216 2006 3294; x_wconf 83' lang='lat' dir='ltr'><strong>exspectatamque</strong></span> <span class='ocrx_word' id='word_1_191' title='bbox 2061 3211 2299 3276; x_wconf 84' lang='lat' dir='ltr'><strong>facere.</strong></span> <span class='ocrx_word' id='word_1_192' title='bbox 2413 3210 2650 3276; x_wconf 90' lang='lat' dir='ltr'><strong>Totum</strong></span> 
     </span>
     <span class='ocr_line' id='line_1_25' title="bbox 327 3318 2651 3403; baseline -0.001 -19"><span class='ocrx_word' id='word_1_193' title='bbox 327 3321 457 3385; x_wconf 90' lang='lat' dir='ltr'><strong>hoc</strong></span> <span class='ocrx_word' id='word_1_194' title='bbox 502 3321 589 3384; x_wconf 91' lang='lat' dir='ltr'><strong>ad</strong></span> <span class='ocrx_word' id='word_1_195' title='bbox 635 3319 900 3383; x_wconf 85' lang='lat' dir='ltr'><strong>Romuli</strong></span> <span class='ocrx_word' id='word_1_196' title='bbox 948 3325 1159 3384; x_wconf 90' lang='lat' dir='ltr'><strong>artem</strong></span> <span class='ocrx_word' id='word_1_197' title='bbox 1197 3326 1264 3383; x_wconf 93' lang='lat' dir='ltr'><strong>et</strong></span> <span class='ocrx_word' id='word_1_198' title='bbox 1299 3319 1645 3383; x_wconf 88' lang='lat' dir='ltr'><strong>consilium</strong></span> <span class='ocrx_word' id='word_1_199' title='bbox 1680 3321 2010 3403; x_wconf 89' lang='lat' dir='ltr'><strong>pertinere</strong></span> <span class='ocrx_word' id='word_1_200' title='bbox 2046 3325 2325 3403; x_wconf 88' lang='lat' dir='ltr'><strong>apparet</strong></span> <span class='ocrx_word' id='word_1_201' title='bbox 2360 3318 2651 3384; x_wconf 89' lang='lat' dir='ltr'><strong>scriben-</strong></span> 
     </span>
     <span class='ocr_line' id='line_1_26' title="bbox 332 3427 2653 3511; baseline 0.002 -24"><span class='ocrx_word' id='word_1_202' title='bbox 332 3428 624 3511; x_wconf 77' lang='lat' dir='ltr'><strong>dumque</strong></span> <span class='ocrx_word' id='word_1_203' title='bbox 670 3448 847 3491; x_wconf 87' lang='lat' dir='ltr'><strong>esse:</strong></span> <span class='ocrx_word' id='word_1_204' title='bbox 911 3433 1381 3510; x_wconf 89' lang='lat' dir='ltr'><strong>quantoque</strong></span> <span class='ocrx_word' id='word_1_205' title='bbox 1429 3433 1840 3510; x_wconf 89' lang='lat' dir='ltr'><strong>apparatu</strong></span> <span class='ocrx_word' id='word_1_206' title='bbox 1887 3434 2042 3492; x_wconf 89' lang='lat' dir='ltr'><strong>tum</strong></span> <span class='ocrx_word' id='word_1_207' title='bbox 2092 3427 2467 3491; x_wconf 86' lang='lat' dir='ltr'><strong>sciebant</strong></span> <span class='ocrx_word' id='word_1_208' title='bbox 2512 3434 2653 3492; x_wconf 90' lang='lat' dir='ltr'><strong>aut</strong></span> 
     </span>
     <span class='ocr_line' id='line_1_27' title="bbox 330 3534 2654 3619; baseline 0 -20"><span class='ocrx_word' id='word_1_209' title='bbox 330 3542 726 3619; x_wconf 87' lang='lat' dir='ltr'><strong>poterant</strong></span> <span class='ocrx_word' id='word_1_210' title='bbox 770 3534 1099 3617; x_wconf 78' lang='lat' dir='ltr'><strong>(homines</strong></span> <span class='ocrx_word' id='word_1_211' title='bbox 1143 3535 1258 3613; x_wconf 92' lang='lat' dir='ltr'><strong>illi,</strong></span> <span class='ocrx_word' id='word_1_212' title='bbox 1318 3536 1429 3618; x_wconf 91' lang='lat' dir='ltr'><strong>qui</strong></span> <span class='ocrx_word' id='word_1_213' title='bbox 1476 3541 1615 3600; x_wconf 91' lang='lat' dir='ltr'><strong>tum</strong></span> <span class='ocrx_word' id='word_1_214' title='bbox 1663 3535 1899 3618; x_wconf 89' lang='lat' dir='ltr'><strong>erant),</strong></span> <span class='ocrx_word' id='word_1_215' title='bbox 1959 3535 2510 3614; x_wconf 90' lang='lat' dir='ltr'><strong>concelebrat,</strong></span> <span class='ocrx_word' id='word_1_216' title='bbox 2566 3541 2654 3599; x_wconf 90' lang='lat' dir='ltr'><strong>ut</strong></span> 
     </span>
     <span class='ocr_line' id='line_1_28' title="bbox 327 3642 2650 3730; baseline 0 -24"><span class='ocrx_word' id='word_1_217' title='bbox 327 3665 490 3708; x_wconf 86' lang='lat' dir='ltr'><strong>rem</strong></span> <span class='ocrx_word' id='word_1_218' title='bbox 559 3643 866 3707; x_wconf 88' lang='lat' dir='ltr'><strong>claram</strong></span> <span class='ocrx_word' id='word_1_219' title='bbox 935 3649 1669 3730; x_wconf 81' lang='lat' dir='ltr'><strong>exspectatamque</strong></span> <span class='ocrx_word' id='word_1_220' title='bbox 1737 3644 2072 3709; x_wconf 86' lang='lat' dir='ltr'><strong>faceret.</strong></span> <span class='ocrx_word' id='word_1_221' title='bbox 2186 3643 2449 3708; x_wconf 86' lang='lat' dir='ltr'><strong>Accidit</strong></span> <span class='ocrx_word' id='word_1_222' title='bbox 2526 3642 2650 3723; x_wconf 88' lang='lat' dir='ltr'><strong>hic,</strong></span> 
     </span>
     <span class='ocr_line' id='line_1_29' title="bbox 325 3751 2651 3835; baseline 0.002 -24"><span class='ocrx_word' id='word_1_223' title='bbox 325 3752 514 3834; x_wconf 77' lang='lat' dir='ltr'><strong>quod</strong></span> <span class='ocrx_word' id='word_1_224' title='bbox 573 3752 642 3815; x_wconf 89' lang='lat' dir='ltr'><strong>in</strong></span> <span class='ocrx_word' id='word_1_225' title='bbox 703 3753 1041 3834; x_wconf 88' lang='lat' dir='ltr'><strong>prooemio</strong></span> <span class='ocrx_word' id='word_1_226' title='bbox 1100 3774 1161 3834; x_wconf 89' lang='lat' dir='ltr'><strong>p.</strong></span> <span class='ocrx_word' id='word_1_227' title='bbox 1218 3756 1289 3815; x_wconf 93' lang='lat'><strong>11</strong></span> <span class='ocrx_word' id='word_1_228' title='bbox 1354 3751 1700 3816; x_wconf 87' lang='lat' dir='ltr'><strong>simillimis</strong></span> <span class='ocrx_word' id='word_1_229' title='bbox 1757 3752 2015 3834; x_wconf 85' lang='lat' dir='ltr'><strong>aliquot</strong></span> <span class='ocrx_word' id='word_1_230' title='bbox 2068 3752 2383 3835; x_wconf 84' lang='lat' dir='ltr'><strong>exemplis</strong></span> <span class='ocrx_word' id='word_1_231' title='bbox 2430 3753 2496 3815; x_wconf 89' lang='lat' dir='ltr'><strong>in</strong></span> <span class='ocrx_word' id='word_1_232' title='bbox 2542 3773 2651 3817; x_wconf 90' lang='lat' dir='ltr'><strong>co-</strong></span> 
     </span>
     <span class='ocr_line' id='line_1_30' title="bbox 323 3856 2650 3942; baseline -0 -18"><span class='ocrx_word' id='word_1_233' title='bbox 323 3860 473 3925; x_wconf 88' lang='lat' dir='ltr'><strong>dice</strong></span> <span class='ocrx_word' id='word_1_234' title='bbox 516 3859 878 3942; x_wconf 87' lang='lat' dir='ltr'><strong>archetypo</strong></span> <span class='ocrx_word' id='word_1_235' title='bbox 926 3859 1203 3924; x_wconf 80' lang='lat' dir='ltr'><strong>subinde</strong></span> <span class='ocrx_word' id='word_1_236' title='bbox 1248 3856 1491 3924; x_wconf 87' lang='lat' dir='ltr'><strong>factum</strong></span> <span class='ocrx_word' id='word_1_237' title='bbox 1536 3881 1684 3925; x_wconf 87' lang='lat' dir='ltr'><strong>esse</strong></span> <span class='ocrx_word' id='word_1_238' title='bbox 1732 3859 2012 3939; x_wconf 90' lang='lat' dir='ltr'><strong>ostendi,</strong></span> <span class='ocrx_word' id='word_1_239' title='bbox 2082 3867 2154 3923; x_wconf 86' lang='lat' dir='ltr'><strong>ut</strong></span> <span class='ocrx_word' id='word_1_240' title='bbox 2197 3859 2379 3923; x_wconf 86' lang='lat' dir='ltr'><strong>verbi</strong></span> <span class='ocrx_word' id='word_1_241' title='bbox 2428 3866 2650 3942; x_wconf 88' lang='lat' dir='ltr'><strong>poste·</strong></span> 
     </span>
     <span class='ocr_line' id='line_1_31' title="bbox 321 3965 2650 4048; baseline -0.001 -16"><span class='ocrx_word' id='word_1_242' title='bbox 321 3970 529 4033; x_wconf 87' lang='lat' dir='ltr'><strong>rioris</strong></span> <span class='ocrx_word' id='word_1_243' title='bbox 588 3988 938 4048; x_wconf 79' lang='lat' dir='ltr'><strong>numeruS,</strong></span> <span class='ocrx_word' id='word_1_244' title='bbox 997 3965 1258 4032; x_wconf 86' lang='lat' dir='ltr'><strong>adiecta</strong></span> <span class='ocrx_word' id='word_1_245' title='bbox 1315 3967 1539 4032; x_wconf 88' lang='lat' dir='ltr'><strong>littera</strong></span> <span class='ocrx_word' id='word_1_246' title='bbox 1585 3987 1655 4047; x_wconf 84' lang='lat' dir='ltr'><strong>n,</strong></span> <span class='ocrx_word' id='word_1_247' title='bbox 1718 3967 2331 4033; x_wconf 81' lang='lat' dir='ltr'><strong>accommodaretur</strong></span> <span class='ocrx_word' id='word_1_248' title='bbox 2377 3967 2463 4031; x_wconf 89' lang='lat' dir='ltr'><strong>ad</strong></span> <span class='ocrx_word' id='word_1_249' title='bbox 2508 3989 2650 4033; x_wconf 88' lang='lat' dir='ltr'><strong>ver-</strong></span> 
     </span>
     <span class='ocr_line' id='line_1_32' title="bbox 324 4075 2654 4160; baseline 0 -20"><span class='ocrx_word' id='word_1_250' title='bbox 324 4079 485 4142; x_wconf 91' lang='lat' dir='ltr'><strong>bum</strong></span> <span class='ocrx_word' id='word_1_251' title='bbox 555 4077 1009 4154; x_wconf 84' lang='lat' dir='ltr'><strong>interiectum3</strong></span> <span class='ocrx_word' id='word_1_252' title='bbox 1078 4095 1229 4140; x_wconf 90' lang='lat' dir='ltr'><strong>nam</strong></span> <span class='ocrx_word' id='word_1_253' title='bbox 1299 4083 1575 4160; x_wconf 88' lang='lat' dir='ltr'><strong>propter</strong></span> <span class='ocrx_word' id='word_1_254' title='bbox 1633 4075 2014 4140; x_wconf 88' lang='lat' dir='ltr'><strong>sciebant</strong></span> <span class='ocrx_word' id='word_1_255' title='bbox 2067 4084 2206 4140; x_wconf 89' lang='lat' dir='ltr'><strong>aut</strong></span> <span class='ocrx_word' id='word_1_256' title='bbox 2263 4082 2654 4159; x_wconf 89' lang='lat' dir='ltr'><strong>poterant</strong></span> 
     </span>
     <span class='ocr_line' id='line_1_33' title="bbox 322 4182 2654 4269; baseline -0.001 -18"><span class='ocrx_word' id='word_1_257' title='bbox 322 4187 651 4269; x_wconf 77' lang='lat' dir='ltr'><strong>scriptum</strong></span> <span class='ocrx_word' id='word_1_258' title='bbox 722 4191 824 4248; x_wconf 89' lang='lat' dir='ltr'><strong>est</strong></span> <span class='ocrx_word' id='word_1_259' title='bbox 893 4183 1476 4248; x_wconf 89' lang='lat' dir='ltr'><strong>concelebrant</strong></span> <span class='ocrx_word' id='word_1_260' title='bbox 1531 4219 1617 4227; x_wconf 92' lang='lat'><em>-</em></span> <span class='ocrx_word' id='word_1_261' title='bbox 1661 4184 2053 4249; x_wconf 87' lang='lat' dir='ltr'><strong>facerent.</strong></span> <span class='ocrx_word' id='word_1_262' title='bbox 2166 4182 2515 4248; x_wconf 84' lang='lat' dir='ltr'><strong>Celebrare</strong></span> <span class='ocrx_word' id='word_1_263' title='bbox 2585 4190 2654 4248; x_wconf 91' lang='lat' dir='ltr'><strong>et</strong></span> 
     </span>
     <span class='ocr_line' id='line_1_34' title="bbox 319 4291 2650 4376; baseline 0 -20"><span class='ocrx_word' id='word_1_264' title='bbox 319 4292 797 4359; x_wconf 78' lang='lat' dir='ltr'><strong>concelebrare</strong></span> <span class='ocrx_word' id='word_1_265' title='bbox 864 4313 1000 4356; x_wconf 88' lang='lat' dir='ltr'><strong>rem</strong></span> <span class='ocrx_word' id='word_1_266' title='bbox 1068 4291 1243 4376; x_wconf 88' lang='lat' dir='ltr'><strong>apud</strong></span> <span class='ocrx_word' id='word_1_267' title='bbox 1307 4292 1558 4355; x_wconf 86' lang='lat' dir='ltr'><strong>Livium</strong></span> <span class='ocrx_word' id='word_1_268' title='bbox 1627 4313 1761 4356; x_wconf 90' lang='lat' dir='ltr'><strong>non</strong></span> <span class='ocrx_word' id='word_1_269' title='bbox 1819 4291 2033 4356; x_wconf 90' lang='lat' dir='ltr'><strong>solum</strong></span> <span class='ocrx_word' id='word_1_270' title='bbox 2092 4293 2240 4375; x_wconf 87' lang='lat' dir='ltr'><strong>ipsa</strong></span> <span class='ocrx_word' id='word_1_271' title='bbox 2294 4291 2650 4356; x_wconf 88' lang='lat' dir='ltr'><strong>multitudo</strong></span> 
     </span>
     <span class='ocr_line' id='line_1_35' title="bbox 320 4398 2652 4483; baseline -0.002 -16"><span class='ocrx_word' id='word_1_272' title='bbox 320 4403 599 4482; x_wconf 84' lang='lat' dir='ltr'><strong>dicitur,</strong></span> <span class='ocrx_word' id='word_1_273' title='bbox 669 4421 817 4483; x_wconf 83' lang='lat' dir='ltr'><strong>quae</strong></span> <span class='ocrx_word' id='word_1_274' title='bbox 885 4402 1219 4479; x_wconf 85' lang='lat' dir='ltr'><strong>convenit,</strong></span> <span class='ocrx_word' id='word_1_275' title='bbox 1286 4400 1402 4465; x_wconf 88' lang='lat' dir='ltr'><strong>sed</strong></span> <span class='ocrx_word' id='word_1_276' title='bbox 1472 4401 1701 4480; x_wconf 88' lang='lat' dir='ltr'><strong>etiam,</strong></span> <span class='ocrx_word' id='word_1_277' title='bbox 1770 4401 1882 4483; x_wconf 87' lang='lat' dir='ltr'><strong>qui</strong></span> <span class='ocrx_word' id='word_1_278' title='bbox 1951 4421 2091 4464; x_wconf 90' lang='lat' dir='ltr'><strong>rem</strong></span> <span class='ocrx_word' id='word_1_279' title='bbox 2161 4398 2529 4464; x_wconf 84' lang='lat' dir='ltr'><strong>celebritati</strong></span> <span class='ocrx_word' id='word_1_280' title='bbox 2586 4406 2652 4463; x_wconf 90' lang='lat' dir='ltr'><strong>et</strong></span> 
     </span>
     <span class='ocr_line' id='line_1_36' title="bbox 320 4507 2651 4591; baseline -0.001 -17"><span class='ocrx_word' id='word_1_281' title='bbox 320 4507 806 4576; x_wconf 82' lang='lat' dir='ltr'><strong>contrahendis</strong></span> <span class='ocrx_word' id='word_1_282' title='bbox 852 4508 1232 4574; x_wconf 89' lang='lat' dir='ltr'><strong>hominibus</strong></span> <span class='ocrx_word' id='word_1_283' title='bbox 1277 4515 1501 4591; x_wconf 86' lang='lat' dir='ltr'><strong>aptam</strong></span> <span class='ocrx_word' id='word_1_284' title='bbox 1548 4509 1867 4589; x_wconf 88' lang='lat' dir='ltr'><strong>instituit,</strong></span> <span class='ocrx_word' id='word_1_285' title='bbox 1933 4508 2111 4574; x_wconf 80' lang='lat' dir='ltr'><strong>velut</strong></span> <span class='ocrx_word' id='word_1_286' title='bbox 2155 4508 2341 4586; x_wconf 81' lang='lat' dir='ltr'><strong>VIII,</strong></span> <span class='ocrx_word' id='word_1_287' title='bbox 2404 4513 2509 4585; x_wconf 87' lang='lat'><strong>10,</strong></span> <span class='ocrx_word' id='word_1_288' title='bbox 2574 4511 2651 4571; x_wconf 86' lang='lat'><strong>10</strong></span> 
     </span>
    </p>
   </div>
  </div>
 </body>
</html>
