3230 5282
610 619 735 675 Lib.
772 618 918 672 XXI.
1706 605 1831 667 2¹78

784 784 941 874 Cap.
991 794 1105 868 55,
1163 793 1199 853 5
1257 788 1352 871 (in
1409 788 1852 874 descriptione
1895 789 2133 874 proelii
2181 789 2268 855 ad
2309 788 2675 871 Trebiam):
2738 790 2917 874 qui·

611 898 761 963 bus
820 896 1266 979 (Balearibus)
1336 919 1572 980 quum
1639 899 1941 962 maiore
1997 897 2292 962 robore
2350 897 2724 981 legiones
2782 897 2917 962 ob·

616 1007 1043 1083 sisterent,
1104 1004 1468 1070 deductae
1524 1026 1872 1090 propere
1932 1007 2013 1069 in
2060 1026 2362 1070 cornua
2405 1006 2631 1070 leves
2679 1027 2919 1070 arma-

611 1119 812 1179 turae
870 1117 1074 1178 sunt.
1189 1112 1370 1177 Adeo
1427 1111 1533 1177 hic
1589 1112 1869 1196 pluralis
1928 1112 2183 1195 (leves
2240 1113 2704 1193 armaturae)
2750 1115 2920 1178 inso-

611 1222 752 1288 lens
800 1229 929 1301 est,
986 1222 1100 1303 qui
1143 1241 1226 1284 ne
1270 1226 1413 1284 tum
1458 1220 1724 1303 quidem
1767 1222 2051 1305 ponitur,
2110 1242 2309 1303 quum
2356 1220 2635 1285 duorum
2680 1222 2921 1286 exerci-

613 1337 802 1395 tuum
845 1330 1005 1394 levis
1051 1335 1406 1393 armaturae
1451 1328 1697 1393 milites
1745 1329 1939 1393 simul
1984 1335 2607 1408 commemorantur,
2674 1334 2752 1393 ut
2792 1351 2921 1394 non

614 1438 910 1504 dubitem
962 1437 1317 1501 restituere
1375 1434 1583 1518 (quod
1628 1435 2039 1501 Alschefskio
2101 1438 2169 1500 in
2214 1441 2499 1501 mentem
2541 1438 2748 1517 venit,
2809 1437 2923 1502 sed

615 1548 843 1612 statim
892 1546 1207 1611 omissum
1252 1543 1412 1626 est):
1486 1543 1830 1608 diducta
1883 1566 1992 1627 pr.
2039 1545 2121 1608 in
2165 1565 2218 1608 c.
2264 1544 2470 1609 levis
2517 1543 2641 1626 (sic
2682 1543 2763 1626 P)
2809 1567 2922 1610 ar-

612 1660 1053 1732 maturast3
1123 1651 1363 1716 erroris
1410 1651 1593 1732 origo
1640 1672 1720 1714 ex
1765 1656 1837 1714 st
1880 1672 2000 1733 pro
2048 1658 2240 1717 sunt
2284 1657 2556 1736 accepto
2605 1651 2710 1734 (ut
2752 1674 2921 1737 saepe

612 1763 680 1826 in
726 1759 1062 1825 Ciceronis
1106 1758 1325 1839 libris)
1371 1764 1533 1823 nata
1576 1764 1697 1823 est.
1802 1757 1933 1841 [IV‚
1990 1763 2050 1838 8,
2112 1764 2148 1823 3
2195 1761 2264 1823 in
2310 1760 2376 1823 M
2424 1759 2737 1825 scribitur
2781 1762 2921 1826 ini·

614 1871 813 1933 tium
887 1874 1076 1933 sunt
1141 1868 1259 1932 rei
1324 1887 1444 1950 pro
1515 1864 1638 1948 st.]
1750 1866 2123 1931 Diductae
2190 1870 2324 1932 iam
2380 1867 2920 1934 Drakenborchio

611 1977 986 2061 placuerat3
1056 1975 1264 2040 divisa
1323 1975 1492 2038 enim
1550 1974 1713 2038 levis
1771 1981 2108 2039 armatura
2165 1975 2376 2040 altera
2432 1996 2588 2059 pars
2645 1976 2712 2039 in
2771 1976 2922 2040 dex·

609 2090 816 2162 trum,
884 2083 1097 2147 altera
1152 2084 1220 2147 in
1279 2083 1623 2147 sinistrum
1680 2102 1887 2146 cornu
1946 2082 2239 2147 abducta
2285 2090 2404 2148 est.
2519 2081 2797 2165 [Seneca
2844 2083 2921 2148 de

612 2191 766 2255 Vita
819 2190 1033 2255 Beata
1099 2195 1167 2270 8,
1239 2195 1277 2254 2
1335 2195 1796 2254 armaturas
1861 2189 2083 2255 leves
2153 2191 2235 2255 de
2299 2192 2503 2255 variis
2570 2190 2922 2272 generibus

610 2298 771 2362 levis
829 2304 1179 2362 armaturae
1237 2297 1430 2375 dixit,
1489 2297 1544 2360 si
1588 2303 1810 2361 tamen
1856 2298 1910 2362 is
1956 2298 2137 2364 locus
2185 2319 2384 2364 sanus
2432 2304 2553 2364 est.
2666 2297 2771 2362 Ad
2818 2298 2920 2362 Li-

611 2406 786 2470 vium
866 2427 996 2469 non
1075 2405 1284 2485 magis
1358 2403 1485 2468 hoc
1555 2405 1844 2488 pertinet
1911 2427 2110 2490 quam
2179 2407 2406 2472 eadem
2474 2404 2677 2470 verba
2746 2405 2919 2489 apud

612 2512 836 2596 script.
882 2511 1011 2575 bel.
1057 2510 1253 2576 Afric.
1302 2532 1354 2575 c.
1406 2514 1483 2574 59
1530 2509 1801 2595 posita]

785 2618 941 2703 Cap.
991 2623 1104 2698 56,
1163 2622 1202 2683 2
1262 2618 1371 2701 (de
1416 2618 1732 2684 Romanis
1794 2621 1862 2685 in
1922 2620 2176 2704 proelio
2233 2621 2319 2686 ad
2365 2620 2732 2704 Trebiam):
2791 2620 2917 2686 de·

616 2749 776 2792 cem
832 2727 1058 2791 milia
1112 2726 1362 2792 ferme
1418 2727 1822 2792 hominum
1863 2763 1952 2773 -—
1994 2728 2259 2794 media
2301 2727 2684 2795 Afrorum
2728 2730 2916 2806 acie,

444 2851 582 2919 (227)
623 2857 792 2920 quae
862 2835 1215 2900 Gallicis
1285 2835 1625 2899 auxiliis
1672 2833 2026 2924 firmata
2092 2842 2297 2915 erat,
2370 2858 2540 2901 cum
2610 2836 2919 2918 ingenti

615 2945 826 3008 caede
872 2943 1230 3008 hostium
1276 2964 1743 3028 perrupere.
1846 2943 2064 3009 Media
2108 2944 2416 3008 Afrorum
2463 2946 2638 3009 acies
2684 2945 2752 3008 in
2797 2943 2915 3007 hac

614 3072 834 3136 pugna
877 3072 1008 3117 non
1053 3051 1210 3116 solis
1259 3050 1470 3115 Gallis
1518 3051 1834 3129 constitit,
1882 3051 2018 3131 sed,
2065 3057 2140 3115 ut
2186 3053 2326 3135 ipse
2375 3051 2597 3116 Livius
2643 3073 2696 3115 c.
2737 3056 2836 3130 55,
2880 3054 2917 3111 2

613 3160 806 3239 dixit,
875 3160 1050 3223 omni
1116 3159 1417 3242 peditum
1484 3157 1753 3236 robore3
1820 3157 2183 3242 Hispanos,
2256 3158 2520 3237 Gallos,
2588 3158 2780 3223 Afros
2826 3157 2919 3221 di·

748 3361 1173 3415 cordationibus
1210 3360 1467 3414 dolorem
1504 3359 1902 3428 efficientibus)
1939 3367 2006 3415 at
2042 3361 2155 3428 (ad)
2193 3366 2259 3415 te
2298 3361 2801 3416 admonendum
2835 3358 2921 3424 (de

746 3445 879 3498 fano
915 3445 1113 3498 Tullise
1151 3445 1526 3512 exstruendo).
1611 3447 1837 3501 Mutata
1880 3447 2287 3517 praepositione
2331 3447 2535 3500 litteroe
2573 3444 2917 3498 detractione

696 3595 702 3602 ‚
749 3531 919 3583 etiam
966 3547 1130 3585 casus
1174 3534 1423 3584 mutatus
1468 3534 1567 3583 est.
1646 3531 1749 3598 (Eo
1796 3532 2008 3601 capite,
2066 3532 2135 3586 de
2183 3550 2294 3600 quo
2345 3532 2489 3597 dixi,
2546 3528 2578 3599 ξ
2617 3532 2680 3597 4,
2734 3529 2833 3582 ubi
2869 3529 2923 3581 in

750 3614 1039 3668 codicibus
1077 3618 1186 3667 est:
1241 3613 1349 3666 Ita
1384 3614 1571 3667 mille
1608 3612 1960 3684 equitibus
1995 3617 2293 3686 Magoni,
2329 3615 2522 3669 mille
2557 3613 2922 3683 peditibus

751 3697 1078 3765 dimissis,
1111 3698 1175 3750 A.
1197 3698 1520 3752 Perizonius
1548 3705 1736 3753 autem
1754 3718 1862 3770 pro
1883 3701 2159 3770 Magoni
2187 3702 2430 3757 coniecit
2457 3700 2923 3768 cumMagone,

751 3782 1110 3837 scribendum
1145 3784 1390 3838 videtur:
1435 3783 1544 3838 Ita
1580 3802 1729 3840 cum
1765 3787 1953 3840 mille
1989 3787 2347 3855 equitibus
2383 3786 2689 3854 Magone,
2729 3784 2924 3837 mille

748 3868 1098 3937 peditibus
1146 3869 1460 3936 dimiss03
1517 3887 1706 3924 errore
1758 3873 2118 3941 participium
2175 3872 2248 3925 ad
2303 3871 2665 3940 peditibus
2712 3879 2924 3923 accom-

749 3953 1042 4007 modatum
1079 3960 1178 4008 est.
1258 3952 1454 4022 Neque
1490 3956 1641 4009 enim
1677 3955 2040 4012 dimittuntur
2072 3956 2298 4022 milites,
2351 3956 2448 4024 qui
2482 3972 2610 4010 cum
2648 3954 2790 4008 duce
2825 3954 2920 4006 ali·

751 4056 862 4106 quo
898 4040 1222 4106 mittuntur,
1258 4044 1316 4092 et
1350 4039 1539 4108 potius
1577 4039 1649 4095 de
1685 4040 1929 4110 Magone
1966 4042 2166 4113 agitur.
2227 4041 2396 4107 1862.)
2467 4040 2738 4094 Extremo
2776 4038 2922 4091 deni·

750 4140 859 4192 que
905 4125 1092 4194 capite
1129 4122 1180 4192 (ξ
1218 4124 1272 4191 9)
1309 4124 1515 4178 iniuria
1551 4141 1581 4178 e
1619 4125 1741 4179 cod.
1782 4132 2107 4181 revocatum
2145 4131 2253 4179 est:
2310 4130 2384 4180 ut
2427 4124 2541 4178 vix
2586 4140 2921 4177 armorum

749 4209 1197 4264 tenendorum
1233 4211 1558 4278 potentia
1596 4217 1786 4265 esset
1811 4229 1915 4281 pro
1946 4216 2195 4266 essent.
2241 4210 2386 4264 Nam
2415 4208 2814 4279 potentiam
2843 4215 2922 4260 te·

750 4293 956 4348 nendi
1000 4312 1104 4362 pro
1141 4296 1350 4348 viribus
1389 4295 1460 4348 ad
1496 4296 1804 4350 tenendum
1839 4313 2003 4351 nemo
2040 4297 2190 4350 Livii
2226 4301 2395 4351 aetate
2434 4295 2602 4359 dixit3
2648 4311 2753 4348 nec
2791 4293 2921 4347 eius-

751 4377 879 4431 dem
916 4380 1137 4447 generis
1174 4384 1284 4446 est,
1331 4380 1484 4448 quod
1520 4379 1734 4436 Seneca
1778 4382 1849 4436 ad
1885 4382 2156 4436 Marciam
2202 4399 2249 4435 c.
2288 4383 2349 4447 ¹7,
2394 4382 2426 4433 3
2463 4381 2607 4434 dixit
2644 4376 2922 4434 secandi

751 4481 788 4532 p
805 4481 838 4517 o
849 4469 913 4517 te
923 4482 962 4517 n
975 4464 1028 4517 ti
1042 4481 1142 4518 am
1180 4463 1822 4534 (Schneidevermogen).
