3230 5282
1467 601 1549 664 89
2393 615 2518 671 Lib.
2558 612 2657 669 ΠΙ.

356 788 595 871 peius
650 787 906 853 multo
964 821 1051 831 —
1108 785 1393 869 periit,
1452 791 1769 869 tanquam
1826 786 1913 851 ad
1970 808 2111 853 eam
2170 787 2467 854 condicio
2512 809 2657 872 per-

353 894 654 977 tineat.¹)
762 895 1041 961 Pravum
1097 894 1297 960 etiam
1351 894 1621 960 verbum
1678 915 1820 960 esse
1876 896 2280 978 tuleritiS,
2345 896 2648 962 Dukerus
2685 909 2800 977 (72)

354 1004 551 1084 vidit,
620 1006 736 1089 qui
793 1003 873 1069 de
931 1024 1066 1087 qua
1109 1024 1182 1068 re
1229 1003 1596 1083 dubitaret,
1666 1002 2240 1069 Drakenborchius
2286 1028 2419 1071 non
2463 1006 2655 1071 intel-

351 1113 533 1180 lexit.
603 1113 772 1194 Non,
821 1114 878 1177 si
923 1112 1235 1177 tulissent
1277 1111 1525 1177 tribuni
1559 1112 1787 1195 legem,
1836 1112 1908 1177 L.
1937 1110 2280 1189 Quinctius
2315 1120 2655 1198 peccatum

349 1225 418 1287 in
475 1244 547 1288 se
606 1221 873 1287 consule
920 1219 1202 1285 creando
1246 1219 1387 1285 fore
1436 1219 1603 1285 dixit
1649 1218 1760 1301 (—-—
1803 1218 2105 1287 ferebant
2150 1222 2353 1302 enim,
2420 1243 2542 1288 nec
2585 1222 2654 1287 id

349 1332 706 1415 quisquam
770 1329 1087 1414 impedire
1141 1334 1406 1412 poterat
1455 1326 1600 1410 —),
1669 1327 1786 1393 sed
1842 1328 1896 1393 si
1950 1330 2408 1413 pertulissent,
2474 1329 2655 1413 quod

348 1438 798 1504 minabantur.
902 1437 1048 1503 Hoc
1102 1437 1308 1519 igitur
1352 1437 1589 1502 ceteris
1636 1435 1921 1501 addatur
1966 1437 2334 1522 exemplum
2379 1437 2655 1503 adnota-

346 1548 584 1627 tionis,
653 1567 800 1631 quae
845 1545 1254 1611 declarandae
1301 1545 1643 1610 sententiae
1690 1564 1892 1611 causa
1936 1546 2274 1630 adscripta
2317 1550 2519 1626 esset,
2585 1546 2654 1610 in

349 1656 578 1721 codice
624 1655 977 1739 archetypo
1024 1655 1198 1719 inter
1244 1654 1411 1719 Livii
1454 1653 1654 1718 verba
1695 1659 1995 1737 receptae.

520 1762 685 1847 Cap.
721 1767 824 1842 21,
870 1767 911 1826 4
957 1761 1180 1827 Livius
1226 1760 1321 1843 (in
1366 1763 1661 1827 oratione
1706 1761 1776 1826 L.
1828 1750 2115 1838 Quinctii
2164 1761 2478 1845 consulis)
2525 1782 2655 1827 non

348 1872 652 1957 scripsit:
722 1870 955 1955 plebs
1022 1867 1150 1936 SC.
1216 1871 1296 1934 in
1365 1868 1954 1947 continuandis
2018 1870 2655 1953 magistratibus

347 1981 629 2058 solvit,
693 1979 844 2045 sed:
916 1976 1042 2042 SC.
1091 1978 1692 2058 continuandis,
1755 1978 1894 2042 sine
1939 1978 2437 2062 praepositione3
2503 1998 2654 2042 nam

343 2092 418 2155 in
475 2088 783 2154 creandis
846 2085 1344 2170 magistratibus
1412 2086 1546 2168 (bei
1601 2072 1756 2151 'den
1814 2085 2118 2168 Wahlen)
2187 2085 2484 2151 solutum
2550 2093 2653 2151 est

347 2204 623 2263 senatus
681 2195 1057 2261 consultum
1114 2194 1554 2261 continuando
1611 2194 1955 2260 tribunatu
2000 2195 2234 2260 iisdem
2278 2194 2653 2260 hominibus

346 2304 589 2387 (durch
648 2303 753 2369 die
806 2300 1496 2386 Wiedererwahlung).
1608 2302 1874 2368 Erroris
1947 2304 2128 2385 origo
2194 2304 2262 2367 in
2326 2302 2448 2368 MP
2504 2324 2650 2387 per-

346 2415 581 2498 spicua
636 2419 767 2493 est3
831 2432 984 2476 nam
1041 2432 1244 2496 quum
1304 2409 1504 2475 scribi
1563 2410 1900 2476 debuisset
1956 2432 2004 2475 s.
2052 2431 2101 2475 e.
2149 2431 2225 2475 n.
2288 2411 2650 2493 (senatus

347 2518 861 2601 consultum),
906 2518 1152 2585 factum
1198 2524 1302 2584 est
1335 2538 1381 2584 s.
1421 2538 1497 2584 n.
1535 2538 1584 2583 c.
1625 2518 1709 2599 ln,
1756 2518 1981 2584 littera
2016 2539 2073 2581 n
2112 2525 2262 2585 ante
2310 2541 2341 2583 c
2386 2520 2649 2604 scripta,

347 2629 592 2696 deinde
640 2651 759 2695 suo
804 2627 949 2693 loco
994 2628 1062 2693 in
1109 2627 1274 2694 duas
1321 2626 1454 2710 (in)
1502 2627 1808 2711 soluta-⁹)

521 2735 720 2821 *Cap.
766 2741 878 2817 23,
935 2740 992 2801 7.
1091 2735 1407 2801 Extrema
1446 2735 1642 2801 huius
1689 2737 1925 2820 capitis
1968 2759 2120 2821 pars
2168 2738 2262 2801 sic
2305 2738 2643 2821 interpun-
2681 2748 2792 2816 (73)

351 2847 574 2930 genda
631 2853 764 2911 est:
847 2843 1143 2909 Eodem
1225 2865 1428 2909 anno
1506 2843 1872 2910 descisse
1950 2845 2365 2925 Antiates,
2445 2844 2653 2930 apud

346 2955 803 3038 plerosque
860 2957 1254 3018 auctores
1313 2952 1672 3032 inveni03
1732 2953 1803 3018 L.
1854 2950 2313 3018 Cornelium
2357 2954 2435 3019 id
2480 2954 2651 3019 bel-

344 3064 506 3127 lum
562 3062 936 3145 gessisse
993 3058 1533 3144 oppidumque
1594 3062 1938 3145 cepisse.
2040 3060 2359 3127 Certum
2417 3060 2652 3127 affir-

349 3191 568 3235 mare
624 3204 713 3214 —
754 3189 909 3233 non
973 3170 1251 3233 ausim.
1364 3167 1602 3234 Omnia
1665 3169 1805 3234 haec
1861 3169 2036 3253 apud
2093 3170 2441 3254 plerosque
2500 3168 2653 3251 (hoc

348 3284 486 3356 est,
554 3283 632 3341 ut
674 3275 896 3342 Livius
959 3276 1089 3342 hoc
1152 3274 1473 3342 vocabulo
1540 3277 1781 3355 utitur,
1846 3300 1979 3343 non
2024 3276 2302 3362 paucos)
2349 3283 2652 3343 auctores

347 3388 717 3465 invenerat3
787 3383 866 3449 de
921 3384 1226 3450 omnibus
1274 3390 1519 3451 certam
1566 3384 2069 3452 affirmationem
2115 3385 2404 3467 cohibet,
2472 3386 2649 3471 quod

345 3493 464 3557 alii
532 3493 891 3575 scriptores
960 3492 1569 3575 praetermittebant.
1681 3493 1887 3577 Vulgo
1947 3495 2041 3559 sic
2099 3494 2437 3576 scribitur,
2503 3502 2649 3561 tan-

345 3621 550 3685 quam
608 3599 1044 3666 defectionem
1101 3601 1280 3684 apud
1336 3606 1639 3666 auctores
1696 3609 2269 3668 commemoratam
2313 3605 2651 3682 invenerit,

351 3708 437 3773 de
499 3708 571 3773 L.
629 3706 934 3774 Cornelio
1002 3713 1069 3773 et
1127 3709 1371 3792 oppido
1431 3716 1625 3794 capto
1686 3710 1860 3794 (quae
1917 3710 2031 3775 ubi
2092 3711 2494 3794 invenerat?)
2554 3712 2648 3777 af-

348 3817 611 3881 firmare
676 3838 810 3881 non
876 3816 1139 3882 audeat.
1250 3816 1381 3883 Res
1445 3819 1687 3902 pusilla
1755 3825 1884 3899 est3
1954 3819 2067 3884 sed
2126 3820 2430 3904 quoniam
2484 3821 2649 3886 talia

347 3989 478 3996 ,-

401 4087 453 4152 ¹)
493 4085 757 4155 ['1'um...
774 4089 830 4142 si
856 4106 955 4158 per
981 4106 1042 4143 se
1070 4089 1203 4159 quin
1229 4090 1538 4144 rectissime
1565 4090 1860 4157 diceretur,
1890 4091 1984 4145 ubi
2012 4092 2380 4147 subiiceretur
2405 4091 2647 4161 demum,

484 4187 600 4226 non
647 4176 1022 4242 antecederet,
1074 4175 1332 4230 condicio
1379 4180 1435 4230 et
1480 4177 1671 4231 statim
1718 4176 2092 4231 subiiceretur
2136 4176 2249 4245 (VI,
2303 4182 2381 4247 14,
2427 4183 2477 4247 4,
2524 4179 2648 4245 VII,

484 4261 569 4322 34,
611 4260 691 4326 14,
725 4257 877 4327 VIII,
913 4262 996 4328 30,
1038 4260 1138 4327 11),
1177 4261 1302 4329 quis
1338 4259 1620 4316 dubitavit
1634 4258 1686 4330 ⁴2]

395 4343 450 4409 ²)
489 4341 847 4413 [Proepositio
883 4351 971 4400 est
1007 4346 1174 4400 etiam
1212 4347 1272 4400 in
1306 4346 1383 4414 V,
1439 4346 1538 4400 sed
1581 4347 1631 4400 is
1677 4348 1845 4402 etiam
1896 4354 2205 4403 senatum
2250 4349 2642 4404 consultum

481 4430 739 4483 omnibus
778 4429 981 4486 litteris
1015 4449 1124 4502 pro
1160 4429 1267 4499 sc.]
