3230 5282
1512 588 1634 648 553
2260 601 2383 654 Lib.
2419 600 2731 656 XXXVIII.

421 771 679 836 debere.
771 771 991 836 Livius
1038 777 1215 835 artes
1264 768 1586 853 Scipionis
1634 792 1781 835 cum
1828 771 2101 850 artibuS,
2146 773 2295 835 vitae
2335 793 2530 836 unam
2577 793 2728 856 par-

420 886 552 943 tem
621 901 767 943 cum
835 879 1049 944 altera
1114 879 1472 961 separatim
1539 886 2037 962 comparaverat
2102 879 2226 942 hoc
2293 879 2519 943 modo:
2589 880 2730 943 Vir

421 986 1011 1066 memorabilis,
1079 986 1420 1051 bellicis
1485 994 1754 1050 tamen
1824 1005 2052 1067 quam
2111 987 2333 1067 pacis
2401 988 2731 1052 artibus

420 1095 1059 1174 memorabilior,
1160 1101 1231 1156 ct
1317 1093 1610 1156 clarior
1687 1094 1943 1175 prima
2008 1114 2193 1175 pars
2253 1093 2435 1158 vitae
2492 1115 2727 1175 quam

421 1209 835 1285 postrema
894 1202 1079 1281 fuit,
1141 1202 1329 1284 quia
1389 1208 1510 1265 cet.
1606 1200 1818 1278 Quam
1872 1200 2067 1265 facile
2114 1201 2198 1266 ob
2250 1201 2524 1264 similem
2562 1207 2726 1282 ,ter-

421 1311 844 1374 minationem
894 1309 1068 1390 (ior)
1120 1309 1440 1374 exciderit
1484 1316 1563 1372 et
1608 1309 1915 1373 clarior
1964 1309 2124 1389 (sive
2170 1309 2340 1372 alius
2388 1329 2727 1390 compara-

420 1418 610 1495 τίνας,
657 1417 834 1481 velut
879 1417 1350 1497 illustrior),
1403 1423 1696 1499 apparet.
1789 1415 2351 1499 [Comparativum
2409 1415 2726 1481 excidisse

419 1525 548 1588 iam
595 1525 1165 1589 Weissenbornius
1213 1524 1587 1606 suspicatus
1636 1521 1829 1604 erat.]

592 1630 748 1714 Cap.
798 1637 895 1710 56,
944 1637 1013 1695 9:
1061 1633 1426 1713 legatum
1463 1632 1539 1695 in
1588 1631 1926 1695 Etruria
1973 1629 2225 1695 fuisse
2261 1631 2727 1694 Africanum

422 1739 781 1818 tradunt,
830 1758 980 1820 quo
1028 1745 1212 1822 post
1255 1739 1547 1803 famam
1592 1774 1680 1783 —
1723 1738 2080 1803 adlatam
2127 1773 2213 1783 —-
2256 1740 2725 1803 cucurrisse

420 1868 592 1912 eum
641 1848 962 1911 Romam
1008 1854 1129 1911 cet.
1199 1846 1342 1910 Hoc
1401 1866 1550 1927 quo
1611 1852 1794 1928 post
1857 1845 2147 1909 famam
2212 1880 2298 1890 —-
2366 1845 2726 1910 adlatam

423 1954 584 2018 dure
631 1954 984 2018 admodum
1043 1954 1286 2018 dicitur
1329 1975 1448 2036 pro
1497 1974 1604 2031 ec,
1654 1952 1828 2034 quod
1878 1960 2009 2017 est:
2069 1974 2221 2035 quo
2292 1961 2727 2036 postquam

419 2061 632 2126 fama
667 2097 753 2107 —-
804 2061 1089 2126 adlata
1154 2062 1262 2125 sit
1305 2061 1438 2125 vel:
1486 2068 1839 2144 postque
1885 2060 2165 2124 famam
2216 2081 2302 2125 eo
2350 2060 2726 2126 adlatam.

419 2168 656 2232 Fuitne
701 2168 1048 2233 tradunt
1092 2170 1528 2245 adduntque
1574 2174 1759 2251 post
1800 2168 1931 2231 —‘?
1984 2167 2225 2249 (1865.)

593 2273 749 2357 Cap.
801 2279 899 2352 58,
974 2280 1050 2338 10
1097 2275 1190 2354 (in
1258 2277 1555 2340 oratione
1622 2275 1691 2338 P.
1748 2276 2020 2353 Nasicae,
2090 2296 2169 2338 ne
2236 2274 2306 2338 L.
2370 2274 2589 2359 Scipio
2658 2277 2727 2339 in

417 2383 634 2446 vincla
672 2382 1040 2462 duceretur,
1064 2383 1179 2446 ubi
1211 2383 1497 2447 victoriae
1534 2383 1838 2447 Asiaticae
1862 2383 2380 2463 magnitudinem
2417 2383 2724 2464 extollit):

419 2489 957 2554 Hannibalem
1005 2490 1340 2555 eundem
1397 2490 1657 2555 fuisse
1715 2491 1932 2555 inter
1988 2491 2293 2555 multos
2341 2490 2555 2556 alios
2601 2511 2724 2554 re-

420 2599 593 2680 gios
642 2598 909 2676 duceS,
959 2599 1094 2682 qui
1140 2599 1592 2682 imperator
1636 2598 1924 2663 Punici
1973 2597 2172 2663 belli
2207 2597 2477 2663 fuerit.
2545 2597 2726 2663 Nihil

421 2706 505 2770 ad
549 2728 682 2770 rem
734 2706 1101 2786 augendam
1148 2704 1401 2770 confert
1445 2707 1800 2771 multitudo
1847 2706 2125 2770 aliorum
2173 2706 2429 2784 ducum,
2478 2708 2533 2770 si
2567 2706 2725 2770 mali

417 2820 534 2877 aut
577 2813 943 2879 mediocres
988 2812 1272 2877 suerunt.
1342 2813 1417 2877 In
1463 2814 1528 2877 M
1575 2835 1707 2879 non
1752 2817 2025 2895 regios
2074 2813 2402 2889 scribitur,
2450 2813 2564 2876 sed
2610 2833 2724 2876 re·

417 2921 646 3003 gulos
717 2920 811 2999 (in
858 2921 1042 2985 Voss.
1091 2920 1479 2999 Rhodios,
1540 2922 1606 2984 in
1670 2921 1822 2985 Low
1872 2925 1906 2983 5
1968 2920 2252 3002 reges).
2341 2919 2536 2984 Latet
2602 2940 2723 2983 vox

415 3027 675 3092 laudem
754 3028 1163 3110 significans;
1241 3028 1525 3092 fortasse
1605 3027 2050 3092 scribendum:
2128 3029 2345 3091 inter
2422 3025 2721 3089 multos

415 3136 623 3200 alios
670 3135 1023 3215 egregios
1072 3135 1331 3200 duces
2634 3195 2645 3206 .

590 3242 745 3326 Cap.
799 3247 897 3321 59,
950 3249 978 3306 1
1031 3251 1098 3308 et
1145 3247 1182 3307 2
1230 3244 1326 3322 (in
1372 3242 1603 3308 eadem
1653 3241 2009 3323 oratione):
2081 3243 2180 3306 At
2236 3240 2573 3304 hercule
2642 3240 2722 3303 in

417 3349 796 3432 Scipione
841 3352 1071 3434 ipsas
1107 3352 1326 3433 leges
1372 3351 1615 3433 pacis,
1665 3358 1754 3414 ut
1798 3351 2122 3414 nimium
2170 3348 2722 3414 accommoda·

412 3464 540 3521 tas
577 3458 995 3538 Antiocho,
1033 3466 1456 3543 suspectas
1504 3478 1712 3536 esse3
1757 3458 2163 3540 integrum
2200 3458 2403 3521 enim
2442 3458 2511 3520 ei
2556 3477 2720 3539 reg-

412 3586 587 3627 num
634 3564 1047 3645 relictum3
1120 3602 1194 3611 —
1266 3567 1441 3631 auri
1489 3572 1567 3630 et
1624 3566 1953 3646 argenti
2011 3586 2244 3647 quum
2312 3566 2459 3628 vim
2506 3584 2720 3646 mag-

411 3693 586 3735 nam
630 3672 1086 3753 habuisset,
1154 3673 1367 3738 nihil
1432 3674 1509 3737 in
1567 3672 1975 3755 publicum
2032 3671 2423 3750 relatum,
2493 3693 2719 3736 omne

410 3779 488 3840 in
535 3780 941 3860 privatum
987 3802 1316 3845 versum.
1406 3781 1518 3844 An
1563 3801 1718 3843 non
1765 3788 2069 3862 praeter
2128 3780 2473 3846 omnium
2532 3800 2718 3843 ocu-

410 3884 534 3949 los
581 3891 897 3951 tantum
944 3889 1119 3952 auri
1166 3889 1658 3970 argentique
1705 3889 1783 3951 in
1828 3888 2244 3971 triumpho
2291 3888 2360 3952 L.
2401 3887 2721 3969 Scipio-

410 3993 565 4070 nis,
626 4001 1012 4075 quantum
1069 4017 1220 4059 non
1285 3995 1554 4059 decem
1626 3994 1815 4059 aliis
1860 3995 2332 4086 triumphis,
2378 3996 2446 4059 si
2491 4015 2721 4059 omne

409 4099 487 4162 in
533 4121 766 4164 unum
825 4102 1333 4180 conferatur,
1395 4103 1503 4167 sit
1557 4102 1856 4166 latum?
1945 4103 2227 4168 Prorsus
2275 4108 2509 4168 contra
2551 4101 2714 4165 Livii

408 4213 476 4270 et
542 4215 909 4272 ceterorum
974 4209 1169 4274 huius
1248 4211 1465 4273 aetatis
1532 4210 1922 4292 scriptorum
2003 4211 2532 4274 consuetudinem
2621 4230 2721 4273 an

411 4335 566 4378 non
613 4336 730 4396 pro
775 4338 1035 4382 nonne
1072 4318 1338 4400 ponitur
1381 4318 1447 4380 in
1495 4315 1906 4381 adfirmando
1953 4338 2070 4400 per
2115 4318 2715 4399 interrogationem.

553 4842 1540 5166 Γ
1792 5174 1805 5183 Β
2014 5152 2209 5165 „-
