3230 5282
529 631 653 685 Lib.
690 631 891 685 XXIII.
1624 624 1747 683 312

533 824 787 867 eorumff
805 804 1114 886 gaudere.
1217 804 1574 888 Aptissime
1631 807 1802 872 inter
1860 829 1929 872 se
1974 807 2374 892 respondent
2417 808 2728 874 favisse
2775 814 2842 873 et

532 932 688 975 non
735 912 1129 977 invidere.
1244 913 1370 979 Sed
1415 920 1668 994 tamen,
1737 916 1965 981 addito
2013 935 2076 994 a,
2144 922 2492 999 praeterea,
2553 916 2728 1000 quod
2772 918 2838 980 in

535 1018 870 1083 codicibus
928 1019 1241 1085 scribitur
1297 1018 1559 1087 fuisse
1617 1031 1729 1102 ut,
1799 1046 1878 1089 ex
1936 1045 2013 1089 eo
2071 1024 2472 1102 faciendum,
2541 1024 2845 1089 adhibita

532 1128 1051 1210 transpositione
1099 1127 1207 1208 (de
1254 1149 1386 1210 qua
1431 1129 1565 1194 dixi
1611 1131 1698 1195 ad
1742 1132 1935 1212 huius
1980 1131 2133 1196 libri
2181 1152 2232 1195 c.
2282 1135 2339 1209 2,
2387 1131 2483 1210 6);
2553 1138 2692 1196 aut
2735 1130 2840 1196 fa-

535 1236 788 1315 visse3
857 1256 1067 1320 neque
1114 1236 1288 1301 enim
1333 1242 1510 1302 recte
1556 1238 1745 1303 abest
1789 1239 2118 1321 particula
2164 1239 2562 1303 disiunctiva
2605 1240 2671 1302 in
2717 1238 2843 1303 hac

535 1342 811 1407 duarum
877 1364 1096 1409 rerum
1165 1342 1460 1427 diligenti
1530 1346 1978 1429 separatione,
2045 1354 2121 1411 ut
2188 1354 2539 1429 utrumque
2597 1367 2716 1429 per
2771 1367 2841 1410 se

533 1451 827 1516 tollatur.
928 1450 1019 1515 Ut
1073 1452 1179 1515 hic
1236 1452 1490 1517 fuisse
1546 1474 1669 1536 pro
1715 1451 2045 1534 favisse,
2115 1456 2208 1517 sic
2254 1454 2508 1518 fuerit
2554 1475 2674 1537 pro
2722 1452 2843 1518 fa·

533 1559 746 1624 verit
803 1559 1117 1624 scribitur
1171 1559 1299 1639 111,
1358 1565 1471 1639 45,
1534 1564 1562 1622 1
1614 1561 1682 1624 in
1727 1560 1793 1624 M
1840 1568 1906 1626 et
1951 1561 2129 1639 aliis,
2186 1561 2484 1627 fuimus
2542 1583 2659 1644 pro
2717 1560 2842 1625 fa·

533 1668 787 1731 vimus
833 1666 1023 1746 XLV,
1069 1670 1171 1746 22,
1224 1671 1302 1731 10
1346 1668 1414 1731 in
1460 1667 1735 1733 Vindob.
1840 1669 2180 1735 Postremo
2228 1669 2375 1734 loco
2421 1691 2662 1752 ponam
2704 1690 2845 1733 rem

533 1774 869 1839 minimam
915 1775 1030 1839 sed
1077 1780 1355 1853 certam,
1417 1774 1449 1857 ἓ
1496 1779 1576 1841 26
1629 1776 1881 1840 Livium
1939 1778 2004 1841 in
2063 1776 2187 1841 hac
2233 1778 2550 1842 orationis
2595 1776 2841 1842 forma:

535 1883 778 1961 Quum
846 1902 1267 1965 erumpere
1327 1903 1362 1947 e
1410 1885 1714 1949 castris
1773 1891 2124 1968 oportet,
2193 1885 2690 1949 cunctamini
2750 1905 2841 1947 ac

534 1991 912 2071 manetiS,
963 2010 1213 2071 quum
1284 2010 1631 2069 manere,
1708 2000 1984 2057 castra
2048 1981 2312 2057 tutari
2384 1994 2631 2057 armis
2703 2014 2841 2056 ne-

534 2120 760 2165 cesse
817 2104 971 2179 est,
1039 2103 1115 2161 et
1171 2104 1446 2161 castra
1506 2105 1584 2162 et
1640 2119 1858 2164 arma
1914 2105 1992 2165 et
2045 2121 2181 2165 vos
2227 2100 2452 2184 ipsos
2498 2100 2843 2165 traditis

532 2207 774 2285 hosti,
819 2227 950 2270 non
995 2226 1186 2268 usum
1231 2225 1371 2271 esse
1418 2206 1739 2288 asyndeto
1786 2209 1852 2272 in
1900 2207 2113 2272 altera
2157 2209 2430 2291 protasi,
2479 2207 2595 2271 sed
2641 2208 2845 2290 scrip-

536 2316 722 2379 sisse:
772 2333 1000 2394 quum
1046 2333 1367 2377 manere
1412 2320 1483 2375 et
1530 2321 1813 2379 castra
1856 2316 2132 2380 tutari.
2199 2316 2291 2380 Et
2326 2316 2572 2380 excidit
2606 2323 2755 2398 post
2788 2333 2843 2378 e.

537 2420 676 2505 [Sic
724 2421 867 2485 cod.
915 2417 1298 2502 Haverc.]¹)

362 2665 501 2734 (25⁶,
1413 2613 1596 2696 Lib.
1665 2614 1970 2698 xxm.

708 2746 864 2830 Cap.
915 2750 973 2827 2,
1033 2752 1070 2810 6
1119 2745 1259 2827 (ubi
1303 2748 1571 2812 Pacuvii
1618 2747 1867 2813 Calavii
1915 2748 1979 2811 in
2029 2756 2264 2812 senatu
2310 2746 2647 2831 Campano
2697 2767 2845 2811 ora-

533 2856 627 2920 tio
695 2854 1038 2937 refertur):
1124 2856 1421 2939 quippe
1501 2858 1636 2939 qui
1715 2856 2033 2922 liberos
2105 2878 2194 2920 ex
2261 2857 2447 2939 App.
2519 2853 2842 2918 Claudii

534 2964 726 3029 filia
813 2963 1160 3029 haberet
1249 2963 1677 3046 filiamque
1769 2965 2084 3028 Romam
2177 2971 2519 3046 nuptum
2614 2962 2842 3026 Livio

534 3070 921 3135 «ledisset.
1032 3070 1171 3135 Nec
1241 3092 1358 3154 per
1414 3093 1483 3136 se
1539 3072 1604 3134 in
1665 3077 1846 3135 certo
1904 3071 2166 3135 homine
2227 3070 2660 3153 significando
2720 3091 2844 3134 nec

534 3186 687 3261 post
731 3179 919 3262 App.
969 3178 1338 3264 Cl.·omitti
1384 3178 2102 3262 praenomen'poterat3
2161 3179 2316 3243 suit:
2378 3174 2708 3260 nuptu'm
2754 3178 2841 3241 M.

530 3287 778 3354 Livio.

707 3393 865 3478 Cap.
916 3400 982 3473 3,
1042 3399 1080 3457 2
1138 3394 1231 3475 (in
1289 3395 1585 3459 eiusdem
1641 3393 1726 3458 ad
1772 3393 2031 3477 plebem
2079 3388 2440 3475 oratione):
2504 3391 2844 3457 Clausos

537 3523 804 3566 omnes
850 3501 1241 3583 (senatores)
1287 3503 1365 3565 in
1412 3503 1717 3566 curiam
1762 3502 2139 3585 accipite,
2188 3501 2429 3580 solos,
2474 3501 2841 3564 inermes.

534 3608 924 3674 Necessario
1001 3610 1416 3674 scribendum
1494 3611 1573 3673 in
1642 3610 1897 3688 curia,
1975 3609 2184 3674 multo
2252 3609 2460 3689 magis
2530 3607 2617 3689 (si
2685 3607 2844 3690 quid

534 3724 717 3783 recto
773 3717 1015 3782 rectius
1062 3717 1187 3799 est)
1234 3738 1431 3802 quam
1476 3718 1542 3781 in
1589 3737 1732 3800 cap.
1783 3720 1850 3796 2,
1910 3720 1982 3781 9:
2052 3716 2417 3781 claudam
2478 3716 2556 3780 in
2618 3717 2849 3780 curia

533 3845 703 3905 vos3
771 3826 879 3891 hic
946 3826 1118 3890 enim
1181 3826 1314 3888 iam
1385 3825 1590 3889 clausi
1662 3830 1997 3902 tenentur,
2065 3826 2683 3907 perversissimeque
2743 3823 2848 3903 (ut

535 3940 762 4016 aperte
822 3934 1036 3998 dicam
1096 3932 1175 3997 de
1219 3938 1360 3997 toto
1406 3930 1530 3996 hoc
1574 3952 1812 4015 genere
1858 3933 2176 3996 acuminis
2225 3931 2469 4013 obtusi)
2517 3932 2846 3996 Weissen-

533 4042 806 4106 bornius
873 4041 998 4107 hoc
1064 4041 1241 4120 loct),
1308 4040 1423 4105 ubi
1490 4038 1795 4105 Calavius
1864 4038 2120 4104 clausos
2187 4046 2531 4105 senatores
2598 4040 2845 4123 populo

594 4229 642 4294 ¹)
680 4228 985 4282 Infeliciter
1038 4227 1188 4281 hunc
1239 4227 1425 4280 locum
1471 4226 1716 4279 tentavit
1762 4225 1991 4280 Wexius
2035 4227 2175 4282 Mus.
2214 4227 2317 4283 Rh.
2356 4227 2464 4280 vol.
2505 4226 2577 4292 (n.
2618 4226 2682 4292 s.)
2732 4223 2842 4277 XII

640 4331 723 4383 ·p.
762 4315 879 4367 632.
961 4310 1016 4381 [ξ
1065 4315 1155 4380 23,
1194 4312 1291 4365 ubi
1334 4311 1395 4365 in
1441 4311 1566 4364 Put.
1614 4315 1724 4365 est:
1791 4327 1994 4379 quum
2042 4314 2270 4368 omnia
2315 4311 2633 4367 subsidia
2677 4311 2842 4363 vitae

673 4398 1035 4465 abdesunt,
1090 4397 1277 4452 editur
1317 4425 1386 4434 —
1435 4397 1766 4451 abessent
1812 4402 1910 4452 aut
1955 4397 2310 4464 deessent,
2372 4399 2596 4452 subesse
2651 4401 2848 4466 potest

673 4484 1246 4552 absumpsissent.
1310 4480 1485 4550 1862]
