3230 5282
671 613 795 667 Lib.
831 611 1081 667 XXXIX.
1764 604 1884 664 562

669 784 943 848 verbum
990 783 1294 848 dixerit
1337 784 1699 850 tollendum
1759 807 1930 866 esse3
1997 807 2208 869 neque
2255 788 2424 851 enim
2470 787 2825 870 quidquam
2882 789 2991 851 vi-

669 893 847 956 vacis
892 892 1138 973 ingenii
1181 893 1247 955 in
1294 913 1371 958 eo
1418 899 1716 975 apparet,
1774 892 1951 974 quod
2005 900 2352 958 accusatus
2420 901 2546 973 est,
2614 893 2728 960 sed
2796 894 2985 978 quod

667 1000 812 1082 ipse
860 1018 1127 1064 causam
1175 1000 1414 1074 oravit,
1463 1007 1904 1084 accurateque
1947 1000 2088 1064 haec
2135 1000 2265 1065 duo
2310 1002 2482 1066 inter
2526 1022 2594 1064 se
2640 1002 2989 1065 contraria

666 1105 1059 1187 referuntur,
1105 1104 1419 1171 Catonem
1465 1113 1648 1171 sexto
1696 1113 1761 1171 et
1807 1109 2209 1189 octogesimo
2257 1129 2428 1173 anno
2474 1109 2688 1192 ipsum
2733 1130 2852 1190 pro
2896 1130 2985 1173 se

666 1235 934 1279 causam
979 1215 1302 1293 oravisse,
1351 1215 1774 1296 nonagesimo
1823 1213 2102 1279 Galbam
2147 1234 2511 1280 accusasse.
2605 1215 2920 1296 (1865.)¹)

837 1320 997 1403 Cap.
1057 1326 1158 1399 46,
1208 1326 1244 1385 5
1293 1320 1596 1403 Ussingio
1654 1342 1783 1385 non
1853 1322 1992 1386 sine
2060 1342 2259 1386 causa.
2306 1322 2643 1405 displicuit
2699 1322 2968 1386 verbum

664 1434 870 1508 erat3
918 1428 1320 1511 significatur
1358 1429 1545 1507 enim,
1583 1427 1745 1512 quid
1778 1427 2162 1511 religionem
2196 1430 2505 1494 iniectam
2539 1437 2977 1495 consecutum

661 1537 765 1615 sit,
813 1556 943 1600 non
986 1557 1093 1601 res
1141 1541 1292 1600 ante
1348 1535 1547 1600 facta.
1643 1534 1891 1599 Saltem
1927 1535 2158 1600 melius
2207 1536 2476 1601 verbum
2522 1537 2744 1602 Livius
2802 1539 2971 1603 omi-

659 1648 875 1711 sisset.
924 1642 1169 1724 (1865.)
1239 1641 1405 1724 [Iam
1451 1643 1809 1724 Rupertius
1858 1649 1983 1706 est
2027 1664 2147 1725 pro
2197 1642 2421 1725 erat]

833 1750 991 1835 Cap.
1038 1751 1142 1829 217,
1190 1753 1226 1813 9
1275 1749 1373 1830 (111
1426 1770 1747 1832 responso
1804 1755 2075 1814 senatus
2120 1750 2453 1815 Demetrio
2499 1750 2786 1835 Philippi
2830 1750 2978 1815 filio

660 1860 877 1941 dato):
923 1858 1179 1923 Multa
1223 1861 1300 1921 et
1346 1855 1863 1920 dissimulare
1909 1863 1987 1921 et
2034 1856 2419 1922 oblivisci
2456 1864 2535 1922 et
2570 1859 2742 1942 pati
2777 1880 2967 1941 prae·

658 1968 914 2032 terita
960 1971 1330 2030 senatum
1375 1983 1642 2047 posse,
1690 1969 1768 2027 et
1814 1963 2145 2028 credere
2206 1965 2480 2044 etiam,
2547 1965 2971 2030 Demetrio

659 2072 1150 2138 credendum
1216 2091 1416 2136 esse.
1505 2070 1688 2134 Mirae
1743 2069 1845 2133 hae
1903 2070 2211 2152 ambages
2259 2078 2415 2135 sunt
2454 2071 2767 2154 loquendi
2814 2093 2962 2135 cum

655 2183 1033 2266 importuna
1055 2178 1345 2243 eiusdem
1380 2177 1560 2241 verbi
1582 2178 2009 2259 repetitione3
2056 2179 2420 2242 rectissime
2458 2179 2718 2244 codices
2742 2179 2893 2244 Lov.
2919 2186 2967 2242 4-

655 2297 724 2354 et
777 2286 989 2352 Mead.
1050 2289 1105 2349 2·
1155 2284 1263 2366 (de
1319 2285 1387 2348 M
1454 2284 1740 2365 tacetur)
1807 2283 2056 2348 habent
2123 2291 2415 2349 tantum:
2485 2292 2562 2349 et
2629 2286 2971 2350 credere

655 2396 898 2460 etiam
944 2392 1354 2457 Demetrio
1411 2391 1664 2471 (multa,
1726 2390 1805 2455 de
1862 2391 2135 2470 multis).
2204 2391 2549 2475 Polybium
2596 2392 2855 2474 (XXIV,
2901 2397 2969 2472 2,

655 2504 720 2584 9)
767 2503 899 2566 iam
953 2498 1529 2565 Drakenborchius
1576 2501 2015 2582 comparavit:
2088 2505 2378 2580 ἀπόκρισιν
2445 2504 2638 2561 ἔδωκεν
2708 2499 2768 2581 (ἢ
2808 2507 2956 2581 πύγ-

653 2608 884 2690 κλητος),
950 2614 1086 2671 διότι
1146 2613 1272 2689 περὶ
1329 2614 1544 2669 πάντων
1590 2613 1679 2669 καὶ
1723 2615 1827 2669 τῶν
1871 2612 2160 2689 εἰρημένων
2202 2613 2306 2670 ὑπ’
2355 2612 2520 2669 αὐτοῦ
2553 2612 2644 2669 καὶ
2679 2616 2783 2670 τῶν
2839 2613 2959 2669 ἆνε-

649 2724 973 2799 γνωσμένων
1018 2724 1301 2796 Δημητρίῳ
1348 2723 1603 2779 πιστεύει.
1676 2714 1899 2796 (Initio
1940 2716 2137 2780 huius
2184 2716 2419 2798 capitis
2465 2716 2676 2780 oratio
2722 2717 2813 2779 Sic
2856 2717 2955 2778 in-

648 2824 1106 2907 terpungenda
1151 2829 1268 2902 est,
1316 2821 1687 2905 significato
1745 2823 1870 2887 levi
1932 2821 2363 2887 anacolutho:
2433 2822 2963 2906 Responden-

649 2932 831 2997 dum
873 2965 961 2975 ——·
1002 2930 1412 2995 Demetrio
1461 2937 1655 2995 erat.
1748 2928 1999 3005 Quum
2044 2930 2257 2994 haud
2300 2929 2546 2994 facile
2606 2936 2825 2994 esset
2868 2964 2961 2974 ———

648 3038 1079 3121 complecti
1126 3037 1296 3118 (nec
1353 3039 1556 3101 enim
1610 3072 1697 3081 —
1741 3037 2199 3117 iudicatis),
2246 3036 2450 3100 nihil
2507 3036 2787 3100 horum
2831 3056 2960 3100 ne·

473 3164 625 3234 (458)
663 3168 811 3229 que
834 3145 1332 3210 Demetrium
1373 3145 1669 3209 docere
1706 3144 2068 3208 dilucide
2106 3164 2245 3208 nec
2281 3166 2360 3208 se
2396 3144 2599 3207 satis
2634 3143 2959 3225 liquido

645 3255 966 3319 discere
1025 3251 1119 3321 ab
1177 3273 1266 3318 60
1313 3258 1645 3316 senatus
1691 3271 1923 3331 quum
1971 3258 2349 3314 cerneret
2394 3271 2655 3333 posse,
2714 3249 2951 3314 simul

644 3368 764 3425 cet.
856 3360 934 3424 In
977 3357 1188 3423 nihil
1233 3358 1515 3422 horum
1561 3360 1914 3422 resumitur
1955 3357 2333 3437 sententia.)

814 3466 971 3548 Cap.
1019 3470 1120 3543 48,
1166 3470 1202 3527 2
1253 3473 1319 3528 et
1364 3469 1430 3528 3:
1479 3465 1750 3529 Multae
1786 3472 1862 3529 et
1898 3464 2257 3548 parvulae
2296 3465 2957 3547 disceptationes

640 3573 1175 3638 iactabantur
1242 3573 1354 3653 (ab
1410 3573 1648 3655 legatis
1699 3572 2208 3637 Lacedaemoniis
2264 3572 2331 3636 in
2397 3579 2699 3636 senatum
2744 3574 2951 3636 intro·

642 3679 920 3761 ductis);
989 3678 1130 3744 sed
1196 3701 1360 3763 quae
1429 3681 1764 3743 maxime
1822 3701 1981 3743 rem
2050 3680 2612 3758 continerent,
2681 3686 2947 3758 erant,

638 3796 903 3853 utrum
968 3787 1648 3863 restituerentur,
1721 3808 1923 3868 quos
1993 3786 2255 3851 Achaei
2324 3786 2947 3865 damnaverant,

636 3915 918 3973 necne,
987 3893 1269 3975 inique
1337 3915 1433 3956 an
1502 3894 1677 3956 iure
1748 3894 2287 3971 occidissent,
2357 3915 2554 3977 quos
2622 3894 2951 3958 occide·-

636 4009 850 4081 rant3
917 4001 1403 4065 vertebatur
1470 4006 1579 4076 et,
1649 4005 1923 4063 utrum
1990 4007 2418 4065 manerent
2465 4002 2546 4064 in
2592 4001 2953 4066 Achaico

688 4272 734 4339 ι)
772 4271 926 4340 [Cap.
966 4273 1050 4338 42,
1091 4274 1149 4322 11
1190 4288 1305 4322 non
1343 4270 1462 4322 sine
1499 4286 1669 4323 causa
1707 4268 2003 4337 Siesbyeus
2039 4287 2143 4338 pro
2181 4269 2301 4323 Vis
2337 4275 2413 4323 tu
2448 4271 2589 4337 —‘?,
2628 4270 2779 4339 quod
2813 4287 2953 4337 quo·

770 4355 941 4409 modo
996 4356 1232 4420 dicatur,
1286 4372 1336 4406 v.
1393 4371 1560 4423 supra
1596 4372 1650 4422 p.
1688 4356 1788 4407 229
1823 4360 1940 4408 not.
1979 4355 2031 4408 h.
2071 4354 2179 4422 ed.,
2219 4354 2576 4409 scribendum
2630 4355 2954 4424 suspicatur

774 4440 902 4495 Vin
938 4446 1011 4494 tu
1044 4441 1157 4493 —?
1202 4438 1372 4507 1876]
