3230 5282
669 640 793 700 Lib.
831 639 1024 696 XLIV.
1761 629 1883 690 676

669 812 847 895 quod
891 814 1033 896 ipse
1091 834 1348 897 quoque
1406 812 1798 880 incideram:
1868 812 2164 879 deinde
2222 835 2263 879 a
2305 813 2485 891 Dio,
2543 834 2636 880 ne
2693 813 2974 880 obtor-

668 921 953 1004 puisse
999 927 1124 987 cet.
1215 921 1793 988 Weissenbornius
1858 943 1961 988 me
2008 921 2346 992 dubitasse
2402 928 2636 1006 putare
2693 921 2974 999 videtur,

670 1028 1014 1100 dicaturne
1059 1029 1293 1096 Latine
1341 1030 1538 1096 adeo
1586 1037 1688 1095 ut.
1767 1029 1981 1113 1876]

841 1135 997 1221 Cap.
1047 1145 1104 1216 4,
1183 1144 1212 1203 1
1262 1138 1403 1220 (ubi
1473 1139 1553 1208 de
1621 1141 1873 1222 impetu
1933 1139 2379 1206 Romanorum
2445 1139 2513 1204 in
2578 1138 2826 1206 saltum
2892 1138 2975 1204 ab

668 1245 915 1330 Hippia
959 1248 1282 1313 insessum
1313 1248 1575 1331 agitur)
1624 1246 1824 1313 verba
1869 1247 1965 1313 sic
2011 1247 2465 1330 coniungenda
2496 1254 2649 1314 sunt
2695 1246 2802 1330 [ut
2846 1248 2976 1314 iam

672 1354 988 1438 Grynaeus
1035 1354 1523 1438 coniunxeratJ:
1568 1355 1668 1421 Et
1714 1356 2047 1426 Romani
2093 1356 2463 1440 expediti
2507 1354 2602 1420 ad
2638 1376 2977 1440 pugnam

671 1464 1064 1543 exierant,
1114 1471 1194 1530 et
1237 1463 1512 1530 hostes
1555 1463 1765 1530 levis
1812 1471 2231 1532 armatura
2287 1471 2497 1544 erat,
2544 1465 2977 1548 promptis·

671 1573 955 1638 simum
1012 1593 1261 1656 genus
1320 1572 1418 1638 ad
1482 1572 2057 1640 lacessendum
2124 1579 2553 1638 certamen.
2642 1572 2977 1638 Romanus

672 1681 1000 1748 exercitus
1045 1687 1229 1747 totus
1264 1680 1511 1760 aderat,
1561 1687 1835 1764 excepto
1872 1686 2245 1750 castrorum
2278 1680 2599 1765 praesidio‚
2648 1701 2781 1746 non
2815 1680 2976 1746 levis

673 1796 1042 1869 armatura,
1110 1789 1225 1855 sed
1283 1789 1656 1874 expeditum
1721 1790 1819 1854 ita
1882 1790 2213 1873 utrimque
2278 1795 2582 1873 prompte
2641 1797 2977 1854 certamen

501 1902 640 1972 (560)
677 1897 1163 1982 capessebatur.
1257 1896 1630 1981 Sequuntur
1674 1897 1814 1966 haec
1859 1895 1921 1980 (ἓ
1967 1896 2066 1978 4):
2134 1897 2510 1964 Irritatis
2568 1897 2645 1963 in
2704 1904 2977 1981 poste·

670 2027 840 2071 rum
912 2007 1134 2091 ‚diem
1226 2007 1552 2085 animiS,
1642 2004 2095 2078 maioribus
2182 2006 2441 2088 copiis
2527 2010 2777 2088 atque
2861 2007 2976 2070 in·

671 2112 976 2179 festius
1046 2136 1530 2182 concursum
1596 2113 1695 2179 ab
1763 2112 1973 2192 illis,
2041 2114 2107 2178 si
2182 2112 2349 2179 loci
2414 2113 2620 2179 satis
2679 2113 2778 2178 ad
2851 2134 2976 2178 ex·

671 2223 1137 2306 plicandam
1203 2223 1455 2289 aciem
1520 2221 1842 2287 fuisset.
1932 2221 2256 2288 Vitiosum
2299 2242 2442 2287 esse
2499 2241 2977 2287 concursum

673 2352 791 2413 pro
859 2352 1342 2398 concursum
1402 2338 1651 2411 esset,
1733 2331 1847 2396 alii
1923 2329 2413 2410 intellexerunt3
2491 2328 2687 2414 plane
2769 2330 2977 2396 abun-

673 2438 787 2504 dat
833 2438 927 2505 ab
975 2438 1155 2503 illis
1201 2460 1601 2524 pravumque
1663 2460 2021 2523 pronomen
2065 2446 2201 2517 est3
2270 2438 2388 2503 sed
2447 2444 2770 2521 praeterea
2834 2459 2978 2522 per·-

673 2568 857 2614 verse
904 2548 1388 2630 coniunguntur
1432 2546 1509 2609 in
1564 2555 1985 2631 posterum
2052 2546 2257 2616 diem
2315 2545 2521 2631 (quod
2565 2567 2768 2630 quum
2818 2546 2977 2614 dici-

672 2663 798 2734 tur,
844 2657 1062 2738 agitur
1109 2656 1189 2721 de
1237 2656 1455 2739 priore
1505 2656 1639 2737 die,
1685 2658 1877 2723 cuius
1920 2676 2140 2741 pugna
2181 2661 2454 2725 narrata
2499 2655 2626 2737 est)
2674 2661 2743 2720 et
2790 2676 2975 2721 con·

674 2785 992 2831 cursum
1036 2770 1257 2831 esset
1302 2764 1473 2848 (ipso
1519 2771 1788 2849 postero
1835 2765 2000 2845 die);
2065 2770 2247 2830 recte
2306 2765 2437 2829 dici
2486 2764 2729 2847 possit:
2778 2765 2975 2829 irri-

672 2874 874 2939 tatis
951 2874 1266 2951 animis,
1325 2872 1718 2939 infestius
1774 2883 2102 2957 postero
2148 2872 2280 2938 die
2326 2893 2804 2938 concursum
2856 2893 2974 2938 es·

674 2989 830 3062 set3
875 3002 1050 3047 nunc
1094 2981 1219 3047 hoc
1265 2982 1349 3046 in
1392 2986 1816 3064 posterum
1862 2981 2069 3046 diem
2113 2980 2382 3046 verbum
2427 2979 2748 3065 postulat,
2796 2978 2974 3065 quod

673 3092 914 3174 prioris
962 3089 1092 3155 diei
1161 3071 1517 3154 actionem*
1553 3087 1891 3170 significet.
1984 3088 2204 3154 Codex
2259 3091 2401 3173 i-pse
2466 3089 2628 3154 satis
2684 3088 2974 3154 ostendit

675 3197 857 3267 aliud
903 3199 1218 3282 scriptum
1264 3197 1480 3276 fuisse,
1526 3197 1594 3261 in
1641 3218 1773 3279 quo
1822 3197 1917 3261 sic
1963 3195 2299 3262 scribitur:
2346 3196 2789 3263 maioribus
2845 3218 2973 3262 co·

673 3307 837 3390 piis
906 3305 1167 3390 adque
1234 3282 1725 3371 infesiutius
1801 3326 2290 3372 concursum
2357 3304 2747 3370 abellisin
2814 3303 2970 3370 loci

677 3416 884 3485 satis
930 3415 1031 3479 ad
1075 3414 1276 3497 expl.
1324 3434 1432 3479 ac.
1478 3413 1520 3478 f.
1590 3414 1761 3478 Hinc
1807 3413 2118 3479 efficitur:
2166 3414 2548 3478 Irritatis
2592 3413 2671 3476 in
2717 3419 2973 3496 poste·

674 3545 844 3587 rum
890 3523 1093 3589 diem
1138 3522 1446 3602 animiS‚
1491 3522 1934 3588 maioribus
1981 3522 2247 3605 copiis
2298 3527 2540 3603 atque
2585 3519 2971 3586 infestius

676 3630 1131 3695 conen-nri
1223 3631 1530 3706 abent,
1599 3631 1669 3695 si
1734 3629 1894 3696 loci
1973 3629 2173 3694 satis
2241 3627 2340 3694 ad
2405 3629 2971 3713 explicandam

676 3740 926 3803 aciem
972 3738 1362 3820 fuisset.¹)
1432 3738 1746 3821 Sequitur
1790 3737 1871 3803 de
1914 3736 2039 3803 hac
2074 3738 2227 3821 ipsa
2269 3736 2545 3803 alterius
2582 3736 2713 3802 diei
2757 3755 2971 3821 pugna

676 3846 858 3913 locus
903 3844 967 3929 (5
1015 3850 1071 3925 6,
1119 3853 1472 3930 postquam
1517 3848 1891 3931 expositum
1935 3852 2053 3926 est,
2098 3845 2413 3911 maiorem
2456 3851 2712 3929 partem
2758 3846 2972 3929 copia·

729 4085 779 4150 ¹)
818 4083 1154 4154 [Numquam
1181 4085 1441 4154 supinum
1478 4086 1710 4153 ponitur
1742 4085 1801 4139 in
1832 4082 2203 4153 significando
2232 4083 2489 4150 consilio,
2524 4082 2676 4151 qnod
2703 4081 2969 4145 differtur,

812 4178 870 4224 et
923 4172 1002 4224 rei
1048 4170 1255 4225 futuroe
1293 4169 1750 4239 exspectatione,
1804 4170 1995 4237 itaque
2030 4168 2297 4224 Latinum
2349 4186 2466 4224 non
2521 4174 2633 4221 est:
2687 4167 2859 4222 abeo
2908 4167 2971 4219 in

812 4262 1180 4348 posterum
1216 4256 1390 4311 diem
1439 4254 1773 4309 infestius
1820 4271 2262 4320 concursum,
2306 4260 2370 4309 ut
2414 4254 2515 4308 sit:
2569 4270 2635 4308 eo
2673 4253 2877 4319 anime,
2912 4254 2973 4305 ut

811 4367 882 4378 —
916 4357 1265 4396 concurram.
1337 4341 1472 4409 Quoe
1511 4339 2006 4397 Weissenbornius
2063 4340 2275 4407 obiicit,
2331 4338 2516 4394 fateor
2547 4356 2659 4407 me,
2714 4346 2781 4394 ut
2812 4340 2971 4393 inter-

815 4425 948 4479 dum
1002 4426 1168 4492 alibi,
1204 4443 1319 4480 non
1364 4425 1710 4493 intellegere.
1783 4424 1990 4492 Quidni
2045 4424 2288 4481 dicatur·
2342 4424 2609 4479 abimus
2662 4440 2816 4480 cras
2868 4422 2966 4476 in·

813 4509 1068 4564 festius
1107 4512 1544 4579 concursuri,
1586 4511 1641 4564 si
1680 4509 1821 4565 loci
1858 4510 2030 4563 satis
2068 4506 2352 4577 fuerit?]
