3230 5282
1482 573 1604 634 335
2340 593 2462 648 Lib.
2501 594 2700 651 xxlv.

388 760 617 824 denti
696 767 942 824 tantae
1020 759 1364 823 caritati
1440 756 1878 840 Hieronis;.
1948 784 2217 828 verum
2296 766 2702 833 enimvero

389 868 933 950 Hieronymus
989 874 1111 932 cet.
1226 867 1405 930 Raro
1473 888 1597 932 usu
1655 867 1873 932 Livius
1941 871 2067 933 vix
2137 872 2462 954 quidem
2520 874 2703 954 dixit,

392 974 942 1058 quemadmodum
1002 974 1163 1039 alibi
1216 995 1372 1039 non
1418 974 1742 1057 quidem
1789 976 1876 1057 (Ι,
1939 982 2053 1057 29,
2113 984 2185 1059 2,
2242 978 2363 1058 ΙΧ,
2429 985 2539 1058 19,
2605 986 2703 1060 14,

394 1082 591 1161 XXV,
650 1086 748 1161 36,
806 1087 865 1161 2,
925 1081 1218 1161 XXXIV,
1277 1087 1376 1160 32,
1437 1088 1505 1161 9;
1564 1084 1681 1148 cfr.
1728 1082 1898 1149 Hirt.
1949 1086 2020 1149 B.
2070 1087 2146 1151 G.
2196 1087 2349 1151 VIII
2406 1088 2586 1171 praef.
2636 1097 2704 1155 et

393 1193 506 1270 413
566 1192 788 1256 Senec.
838 1191 921 1257 de
980 1189 1201 1256 Benef.
1248 1190 1343 1269 II,
1404 1195 1516 1269 24,
1560 1191 1654 1255 de
1713 1191 1824 1256 Ira
1881 1192 1977 1273 II,
2041 1200 2148 1272 10,
2206 1199 2243 1257 3
2291 1202 2358 1260 et
2403 1195 2531 1275 III,
2591 1200 2702 1277 383

396 1296 573 1362 Curt.
624 1298 741 1379 VI,
812 1302 924 1378 29,
998 1303 1034 1363 3
1104 1306 1171 1363 et
1225 1297 1411 1377 VIII,
1475 1302 1582 1377 14,
1643 1303 1712 1379 2;
1790 1299 1946 1365 Tac.
1993 1301 2163 1367 Hist.
2219 1308 2283 1380 1,
2354 1306 2471 1383 633
2537 1303 2703 1368 Plin.

402 1406 517 1490 Ep.
567 1407 687 1487 VI,
771 1410 851 1471 32
908 1414 979 1472 et
1019 1407 1258 1490 Paneg.
1310 1410 1419 1486 32,
1487 1407 1632 1489 al.),
1698 1408 1811 1473 ubi
1859 1406 2090 1474 Cicero
2149 1417 2268 1475 aut
2334 1431 2699 1493 pronomen

400 1514 586 1580 addit
632 1516 735 1596 (ut
790 1516 931 1599 ipse
993 1514 1213 1579 Livius
1258 1513 1349 1593 II,
1410 1518 1521 1594 24,
1578 1515 1647 1596 4)
1705 1521 1823 1581 aut
1866 1516 2062 1581 aliter
2106 1519 2503 1582 sententiam
2549 1539 2705 1583 con-

398 1623 659 1689 format.
776 1623 904 1688 Sed
959 1622 1112 1687 ulli
1168 1643 1369 1705 prave
1426 1624 1727 1706 ponitur,
1796 1625 1988 1706 quasi
2044 1624 2185 1689 haec
2229 1625 2319 1690 sit
2356 1627 2703 1703 sententia,

399 1733 502 1795 vix
558 1732 677 1797 ulli
734 1733 996 1797 omnino
1056 1731 1226 1807 bono
1283 1731 1421 1813 regi
1481 1730 1741 1795 facilem
1797 1731 2090 1796 futurum
2144 1733 2352 1798 fuisse
2397 1733 2706 1812 favorem,

399 1838 638 1905 nedum
684 1848 903 1919 certo,
971 1840 1050 1903 de
1109 1861 1238 1922 quo
1296 1845 1560 1923 agatur,
1632 1838 1802 1903 bono
1859 1840 2026 1921 regi,
2097 1856 2300 1922 quum
2347 1839 2520 1905 hanc
2564 1862 2706 1906 esse

401 1955 729 2030 oporteat,
777 1950 882 2012 vix
928 1948 1100 2013 bono
1143 1948 1286 2029 regi
1328 1947 1590 2012 facilem
1635 1946 1928 2012 futurum
1974 1948 2200 2026 fuisse,
2244 1948 2485 2013 nedum
2529 1948 2705 2013 malo

403 2076 766 2139 pravoque,
827 2055 1045 2140 qualis
1090 2055 1527 2139 Hieronymus
1572 2055 1727 2134 fuit;
1796 2055 2024 2138 itaque
2083 2057 2149 2119 in
2196 2056 2400 2121 bono
2447 2056 2707 2140 pondus

403 2165 718 2229 orationis
765 2171 898 2243 est;
965 2164 1082 2228 illa
1140 2163 1338 2228 ullius
1394 2184 1474 2228 ex
1528 2169 1672 2228 toto
1728 2183 1965 2244 genere
2013 2163 2404 2246 significatio
2451 2172 2707 2229 senten-

401 2273 563 2336 tiam
608 2275 860 2338 evertit.
965 2270 1256 2353 (Omissa
1310 2271 1467 2336 boni
1512 2270 1967 2354 moderatique
2013 2272 2185 2354 regis
2232 2272 2708 2355 significatione

402 2386 663 2462 poterat
734 2381 894 2459 dici,
962 2381 1069 2444 vix
1139 2380 1347 2444 ullum
1414 2399 1635 2462 regem
1705 2378 2102 2463 placiturum
2170 2380 2402 2457 fuisse,
2469 2380 2710 2444 nedum

404 2486 633 2565 talem,
701 2487 915 2569 qualis
974 2487 1407 2570 Hieronymus
1465 2486 1641 2568 fuit.)
1754 2485 1970 2551 Unum'
2023 2489 2320 2571 praeponi
2379 2487 2706 2552 adiectivo

403 2602 623 2679 potest
677 2596 829 2662 vel:
901 2596 1041 2660 Vix
1098 2594 1419 2678 quidem
1475 2594 1596 2660 vel
1657 2594 1861 2660 bono
1908 2594 2494 2679 moderatoque
2541 2596 2710 2681 regi

404 2711 526 2769 cet.
576 2703 717 2783 (cfr.
767 2705 816 2784 I,
873 2709 974 2783 48,
1031 2704 1129 2786 8),
1189 2711 1256 2769 et
1301 2705 1394 2769 sic
1444 2704 1696 2768 Livium
1743 2703 2090 2786 scripsisse
2136 2711 2317 2787 puto.
2417 2704 2545 2769 Pro
2591 2704 2710 2768 vel

403 2811 598 2876 huius
641 2812 795 2877 libri
841 2833 894 2877 c.
943 2817 1043 2890 22,
1091 2817 1127 2877 7
1173 2813 1240 2876 111
1286 2812 1336 2876 P
1383 2812 1696 2877 scribitur
1740 2812 1969 2876 uelut
2027 2811 2285 2891 (uelut
2340 2811 2709 2876 munitis·

406 2921 650 3002 sima.)
756 2919 973 3008 [Quod
1020 2921 1250 2985 Weiss.
1297 2925 1491 3003 putat
1536 2920 1735 2983 etiam
1780 2919 2035 2983 numeri
2078 2919 2411 2994 notionem
2456 2917 2712 2983 intendi

286 3050 294 3057 ·
406 3050 617 3110 posse,
675 3050 806 3093 non
862 3034 1087 3112 potest
1141 3027 1335 3093 simul
1392 3047 1538 3090 cum
1594 3028 1867 3105 virtute3
1914 3027 2007 3090 sic
2053 3027 2225 3091 enim
2275 3027 2711 3110 Hieronymus

405 3138 470 3200 in
516 3136 705 3201 bonis
750 3136 1014 3218 regibus
1060 3138 1453 3219 poneretur.'
1531 3134 1755 3214 Longe
1813 3132 1946 3197 alia
1990 3141 2093 3198 est
2140 3134 2458 3228 orationis
2502 3134 2714 3198 forma

406 3243 511 3323 VI,
560 3249 659 3324 34,
703 3244 792 3326 4.]

579 3354 739 3435 Cap.
812 3360 879 3433 6,
948 3357 1015 3416 7:
1105 3352 1649 3432 Hieronymus
1725 3349 2048 3433 legatos
2127 3349 2709 3432 Carthaginem

404 3462 629 3526 misit
695 3460 791 3526 ad
858 3460 1150 3525 foedus
1218 3481 1311 3524 ex
1379 3459 1781 3523 societate
1850 3477 2018 3522 cum
2072 3456 2537 3523 Hannibale
2593 3457 2701 3522 fa·

408 3569 798 3634 ciendum.
924 3568 1172 3632 Pacto
1270 3567 1654 3630 convenit
1733 3571 1855 3630 cet.
1980 3565 2053 3629 In
2132 3566 2182 3629 P
2265 3572 2370 3630 est
2446 3573 2711 3649 pacta.

406 3677 725 3741 Adhibita
780 3676 1294 3758 transpositione
1354 3672 1766 3737 efficiendum
1825 3673 2110 3738 videtur:
2180 3694 2352 3738 cum
2408 3673 2714 3737 Hanni-

410 3785 599 3849 bale
688 3791 929 3867 pacta
1017 3782 1496 3847 faciendum.
1623 3779 2030 3846 Convenit
2109 3787 2195 3845 ut
2289 3789 2409 3846 cet.
2546 3781 2716 3845 Nam

410 3900 645 3976 pacto
703 3912 971 3976 prorsus
1028 3890 1354 3969 abundat,
1424 3911 1511 3953 ex
1572 3889 1977 3953 societate
2037 3909 2206 3952 cum
2256 3889 2714 3953 Hannibale

411 4011 669 4064 curtum
716 4006 925 4064 sonat.
1019 3997 1339 4079 (1862.)¹)

468 4272 512 4338 ¹)
552 4271 753 4341 Cap‘Y,
790 4270 1038 4326 4Weiss.
1064 4270 1156 4325 e‘P
1176 4269 1375 4324 edidit:
1411 4269 1508 4322 ibi
1547 4286 1746 4337 quum
1785 4269 2046 4322 structi
2083 4270 2462 4337 armatique
2499 4268 2717 4320 ceteri

546 4386 615 4397 —
650 4363 941 4412 starent.
1030 4356 1248 4411 Eodem
1292 4354 1463 4407 modo
1499 4353 1553 4421 Ι,
1599 4355 1692 4421 23,
1738 4355 1770 4407 6
1807 4353 2180 4408 recentissimi
2215 4357 2330 4408 tres
2369 4353 2613 4407 editores
2650 4369 2718 4404 ex

550 4442 737 4496 Pmn
804 4443 1179 4512 scripserunt:
1253 4446 1618 4509 postquam
1693 4439 1950 4492 structi
2016 4437 2359 4506 utrimque
2424 4438 2714 4492 stabant.
