3230 5282
1331 602 1450 662 701
1589 655 1610 669 ..
2185 615 2309 670 Lib.
2347 615 2539 669 XLIV.

235 792 321 851 et
364 787 446 850 in
491 788 823 870 templo;
883 788 1134 870 opinor,
1183 786 1437 851 Livium
1485 789 1861 871 scripsisse:
1933 793 2016 852 et
2081 788 2161 851 Ιιι
2227 791 2410 853 ube
2475 796 2544 866 et

235 895 312 958 in
373 896 707 978 templo;
774 916 925 959 nam
971 916 1089 978 per
1133 894 1362 959 urbem
1407 896 1546 961 sine
1596 895 1797 961 dubio
1844 896 1994 979 plus
2041 897 2355 979 temporis
2401 917 2542 960 ver-

240 1002 557 1067 sabantur
603 1023 799 1085 quam
840 1005 910 1068 in
956 1003 1203 1086 templo
1252 1009 1457 1068 erant.
1549 1003 1610 1088 [ξ
1659 1010 1699 1068 4
1745 1011 1907 1070 extr.
1965 982 2358 1070 vocabulum
2403 1025 2542 1068 na·
2652 1079 2659 1090 f

233 1131 362 1177 ves
408 1117 561 1195 post
605 1112 983 1196 praecedens
1041 1113 1470 1177 onerarias
1527 1133 1769 1177 naves
1826 1134 1955 1177 non
2002 1111 2212 1177 solum
2259 1114 2544 1178 otiosum

233 1225 365 1299 est,
413 1219 529 1284 sed
573 1221 807 1284 vitiose
855 1220 1042 1301 quasi
1090 1240 1239 1284 cum
1287 1220 1576 1310 pondere
1638 1220 1858 1303 aliquo
1905 1227 2197 1286 extremo
2243 1220 2389 1286 loco
2435 1242 2543 1286 su-

235 1328 642 1410 peradditur.
741 1326 951 1410 1864]

402 1434 559 1519 Cap.
610 1439 708 1516 30,
759 1442 827 1500 1:
895 1438 1077 1501 novi
1132 1436 1377 1501 duces
1431 1437 1513 1500 in
1559 1436 2042 1519 provincias
2111 1443 2535 1514 venerant,

228 1545 523 1609 consul
567 1544 938 1610 AEmilius
1004 1547 1080 1609 in
1136 1543 1718 1623 Macedoniam,
1792 1544 2182 1610 Octavius
2250 1544 2538 1612 Oreum

228 1652 323 1716 ad
371 1654 749 1730 classem,
809 1654 1149 1717 Anicius
1216 1653 1294 1716 in
1363 1652 1811 1736 Illyricum,
1880 1655 2007 1717 cui
2073 1652 2538 1717 bellandum

225 1760 613 1826 adversus
661 1763 1050 1826 Gentium.
1120 1760 1363 1824 Patre
1409 1760 1796 1826 Pleurato
1844 1782 2030 1843 rege
2064 1761 2535 1845 Illyriorum
2574 1763 2714 1830 (582)

231 1877 303 1934 et
347 1877 610 1935 matre
655 1869 1070 1953 Eurydica
1115 1871 1444 1952 genitus
1491 1869 1801 1934 fratres
1849 1869 2047 1934 duos
2092 1905 2179 1915 -—
2222 1869 2527 1935 habuit.

230 1977 458 2060 Neque
524 1979 588 2041 in
661 1979 988 2042 sententia
1067 1978 1344 2042 relativa
1421 1976 1788 2061 imperfecti
1875 1978 2192 2061 temporis
2273 1978 2544 2043 verbum

230 2086 465 2168 (erat)
513 2086 730 2150 omitti
773 2087 949 2170 apud
994 2085 1425 2170 gerundivum
1469 2086 1707 2169 potuit,
1751 2105 1961 2167 neque
1998 2087 2293 2150 narratio
2329 2095 2542 2152 trans-

228 2193 379 2258 ferri
428 2195 514 2259 ad
561 2194 784 2259 Gentii
830 2215 1032 2278 genus
1080 2194 1570 2279 exponendum,
1631 2195 1759 2259 nisi
1804 2200 2035 2259 notata
2081 2214 2371 2277 persona
2417 2195 2545 2259 sal-

228 2308 357 2366 tem
403 2304 790 2387 pronomine
837 2301 980 2384 (is).
1052 2301 1207 2368 Sine
1233 2302 1436 2368 dubio
1464 2303 1685 2367 Livius
1723 2302 2110 2384 scripserat:
2163 2303 2544 2368 Gentium

229 2418 407 2474 erat.
498 2412 808 2475 centus
855 2418 1090 2495 patre
1137 2411 1526 2476 Pleurato
1574 2410 1769 2492 cet.¹)

394 2517 557 2603 Cap.
609 2525 707 2599 31,
757 2525 826 2584 ¹7:
901 2519 1124 2597 Quod
1173 2520 1238 2583 si
1284 2519 1588 2584 clausis
1635 2521 1904 2603 portis
1950 2541 2219 2583 muros
2263 2529 2543 2603 porta-

224 2648 560 2712 rumque
627 2635 904 2695 turres
983 2628 1431 2712 dispositis
1514 2623 1858 2694 armatis
1926 2627 2542 2701 defendissent,

227 2757 429 2803 vano
476 2757 646 2801 cum
689 2739 1026 2821 incepto
1072 2738 1498 2804 moenibus
1545 2736 2069 2821 pepulissent
2113 2738 2543 2801 Romanos.

229 2841 384 2911 Cod.
446 2847 707 2911 turris
755 2845 1164 2929 disposita
1209 2847 1503 2911 armati
1566 2845 2156 2910 defendissent.
2242 2843 2540 2909 Scriben-

227 2952 377 3018 dum
430 2955 659 3035 igitur:
709 2955 1103 3038 dispositi
1174 2955 1467 3018 armati
1526 2953 2100 3032 defendissent
2147 2959 2271 3016 cet.
2360 2952 2539 3017 Alio-

229 3063 379 3144 'quin
431 3061 947 3128 defendisset
993 3062 1073 3128 de
1125 3062 1361 3127 Gentio
1409 3083 1560 3144 rege
1608 3062 1855 3126 dictum
1901 3059 2169 3142 esset.²)

393 3170 553 3254 Gap.
605 3174 704 3251 32,
752 3176 789 3235 7
833 3173 902 3236 in
948 3171 1174 3237 codice
1223 3172 1315 3234 sic
1360 3170 1699 3235 scribitur:
1747 3170 2040 3234 AEnean
2088 3188 2167 3230 00
2213 3169 2529 3251 equites

227 3273 963 3361 Creanti·gonensis
1043 3280 1269 3344 misit
1357 3278 1451 3341 ad
1527 3278 1952 3343 tutandam
2030 3278 2537 3342 maritumam

230 3406 459 3454 amor.
551 3386 832 3454 Videtur
905 3388 1135 3454 fuisse:
1207 3387 1525 3451 AEneam
1594 3411 1674 3453 00
1762 3388 2083 3471 equites
2162 3391 2240 3451 et
2304 3385 2536 3448 creon

229 3493 806 3581 Antigonensis
850 3498 1081 3561 missi
1129 3495 1225 3560 ad
1270 3502 1314 3559 t.
1363 3517 1446 3558 m.
1495 3517 1552 3559 o.
1643 3495 2053 3578 Kreyssigius
2112 3495 2246 3575 (6111
2295 3492 2535 3558 Creon-

230 3604 312 3667 tis
354 3595 591 3671 nomen
636 3604 939 3687 debetur)
988 3613 1054 3669 et
1098 3602 1668 3668 Weissenbornius
1714 3602 1972 3683 longius
2020 3624 2061 3667 a
2092 3603 2383 3686 vestigiis
2430 3624 2534 3667 co·

233 3712 387 3780 dicis
472 3714 837 3779 discedunt.
928 3713 1152 3777 Misit
1231 3721 1307 3776 et
1376 3713 1596 3776 missi
1667 3711 1827 3776 alibi
1894 3731 2156 3795 quoque
2221 3712 2290 3775 in
2345 3710 2533 3775 Vind.

229 3822 515 3888 confusa.

278 4131 323 4197 ¹)
358 4131 389 4203 ᾖ
433 4136 495 4187 13
530 4133 824 4188 Livianum
859 4150 974 4188 non
1010 4138 1122 4187 est:
1161 4131 1243 4186 ad
1271 4132 1538 4185 auxilia
1566 4131 2061 4186 Parthinorum
2091 4132 2349 4184 iunctis
2381 4130 2530 4197 (cod-

360 4219 664 4286 iuventa)
721 4220 986 4275 duobus
1040 4217 1377 4284 millibus,
1436 4217 1535 4272 sed
1589 4216 1971 4283 adiunctis,
2024 4217 2128 4270 nisi
2180 4215 2330 4271 forte
2378 4218 2531 4272 aliud

362 4304 552 4359 subest
588 4305 638 4371 (6
676 4305 1176 4359 Parthinorum
1213 4304 1578 4358 iuventute
1617 4303 1975 4357 adiunctis
2016 4302 2065 4355 d.
2104 4320 2175 4355 m.

269 4385 330 4455 ⁴²)
368 4387 472 4459 [53
509 4391 734 4444 barbari
771 4390 1011 4444 nominis
1040 4388 1225 4455 forma
1251 4394 1471 4443 retenta
1507 4388 1810 4455 (Clausal
1849 4405 1881 4441 a
1914 4388 2158 4453 latere,
2198 4406 2312 4441 non
2342 4387 2529 4443 Clau-

363 4476 508 4529 sala
543 4475 786 4535 latere)
826 4475 1066 4543 aequalia
1103 4473 1274 4529 efficit
1310 4474 1576 4529 orationis
1613 4474 1866 4527 membra
1903 4473 1986 4526 bis
2021 4474 2204 4541 posito
2242 4490 2286 4527 ι.
2356 4475 2525 4545 1864]
