<?xml version="1.0" encoding="UTF-8"?>
<!DOCTYPE html PUBLIC "-//W3C//DTD XHTML 1.0 Transitional//EN"
    "http://www.w3.org/TR/xhtml1/DTD/xhtml1-transitional.dtd">
<html xmlns="http://www.w3.org/1999/xhtml" xml:lang="en" lang="en">
 <head>
  <title>
</title>
<meta http-equiv="Content-Type" content="text/html;charset=utf-8" />
  <meta name='ocr-system' content='tesseract 3.04.00' />
  <meta name='ocr-capabilities' content='ocr_page ocr_carea ocr_par ocr_line ocrx_word'/>
</head>
<body>
  <div class='ocr_page' id='page_1' title='image "./emendationesliv03madvgoog_0466.png"; bbox 0 0 3230 5282; ppageno 0'>
   <div class='ocr_carea' id='block_1_1' title="bbox 1641 583 1765 643">
    <p class='ocr_par' dir='ltr' id='par_1_1' title="bbox 1641 583 1765 643">
     <span class='ocr_line' id='line_1_1' title="bbox 1641 583 1765 643; baseline 0.016 -2"><span class='ocrx_word' id='word_1_1' title='bbox 1641 583 1765 643; x_wconf 81' lang='lat'>452</span> 
     </span>
    </p>
   </div>
   <div class='ocr_carea' id='block_1_2' title="bbox 433 766 2854 4505">
    <p class='ocr_par' dir='ltr' id='par_1_2' title="bbox 433 766 2854 4505">
     <span class='ocr_line' id='line_1_2' title="bbox 550 766 2852 851; baseline 0.001 -21"><span class='ocrx_word' id='word_1_2' title='bbox 550 767 723 831; x_wconf 88' lang='lat' dir='ltr'>dicia</span> <span class='ocrx_word' id='word_1_3' title='bbox 766 766 1069 830; x_wconf 79' lang='lat' dir='ltr'>habuisse</span> <span class='ocrx_word' id='word_1_4' title='bbox 1118 772 1184 830; x_wconf 91' lang='lat' dir='ltr'>et</span> <span class='ocrx_word' id='word_1_5' title='bbox 1229 786 1271 829; x_wconf 91' lang='lat' dir='ltr'>a</span> <span class='ocrx_word' id='word_1_6' title='bbox 1315 766 1617 831; x_wconf 83' lang='lat' dir='ltr'>noviciis.</span> <span class='ocrx_word' id='word_1_7' title='bbox 1677 787 1838 846; x_wconf 86' lang='lat' dir='ltr'>quos</span> <span class='ocrx_word' id='word_1_8' title='bbox 1884 769 2131 833; x_wconf 91' lang='lat' dir='ltr'>multos</span> <span class='ocrx_word' id='word_1_9' title='bbox 2176 773 2573 842; x_wconf 85' lang='lat' dir='ltr'>tractarant,</span> <span class='ocrx_word' id='word_1_10' title='bbox 2634 769 2852 851; x_wconf 88' lang='lat' dir='ltr'>specie</span> 
     </span>
     <span class='ocr_line' id='line_1_3' title="bbox 547 873 2854 958; baseline -0 -18"><span class='ocrx_word' id='word_1_11' title='bbox 547 883 614 940; x_wconf 90' lang='lat' dir='ltr'>et</span> <span class='ocrx_word' id='word_1_12' title='bbox 671 876 1012 957; x_wconf 73' lang='lat' dir='ltr'>scripturae</span> <span class='ocrx_word' id='word_1_13' title='bbox 1069 895 1306 956; x_wconf 81' lang='lat' dir='ltr'>genere</span> <span class='ocrx_word' id='word_1_14' title='bbox 1352 881 1675 936; x_wconf 85' lang='lat' dir='ltr'>remotum</span> <span class='ocrx_word' id='word_1_15' title='bbox 1719 873 1929 939; x_wconf 87' lang='lat' dir='ltr'>fuisse</span> <span class='ocrx_word' id='word_1_16' title='bbox 1974 882 2336 954; x_wconf 81' lang='lat' dir='ltr'>testantur,</span> <span class='ocrx_word' id='word_1_17' title='bbox 2407 874 2854 958; x_wconf 80' lang='lat' dir='ltr'>compluribus</span> 
     </span>
     <span class='ocr_line' id='line_1_4' title="bbox 548 980 2852 1065; baseline -0 -17"><span class='ocrx_word' id='word_1_18' title='bbox 548 990 723 1048; x_wconf 89' lang='lat' dir='ltr'>certe</span> <span class='ocrx_word' id='word_1_19' title='bbox 771 980 1025 1047; x_wconf 79' lang='lat' dir='ltr'>saeculis</span> <span class='ocrx_word' id='word_1_20' title='bbox 1073 987 1225 1045; x_wconf 91' lang='lat' dir='ltr'>ante</span> <span class='ocrx_word' id='word_1_21' title='bbox 1273 982 1586 1064; x_wconf 84' lang='lat' dir='ltr'>scriptum</span> <span class='ocrx_word' id='word_1_22' title='bbox 1633 981 1868 1061; x_wconf 88' lang='lat' dir='ltr'>fuisse,</span> <span class='ocrx_word' id='word_1_23' title='bbox 1939 1004 2133 1065; x_wconf 86' lang='lat' dir='ltr'>quam</span> <span class='ocrx_word' id='word_1_24' title='bbox 2189 984 2519 1048; x_wconf 82' lang='lat' dir='ltr'>recentior</span> <span class='ocrx_word' id='word_1_25' title='bbox 2572 982 2689 1046; x_wconf 88' lang='lat' dir='ltr'>illa</span> <span class='ocrx_word' id='word_1_26' title='bbox 2745 1004 2852 1047; x_wconf 91' lang='lat' dir='ltr'>co·</span> 
     </span>
     <span class='ocr_line' id='line_1_5' title="bbox 545 1088 2851 1173; baseline -0.001 -17"><span class='ocrx_word' id='word_1_27' title='bbox 545 1092 761 1156; x_wconf 88' lang='lat' dir='ltr'>dicum</span> <span class='ocrx_word' id='word_1_28' title='bbox 819 1089 1358 1172; x_wconf 85' lang='lat' dir='ltr'>corrigendorum</span> <span class='ocrx_word' id='word_1_29' title='bbox 1417 1097 1482 1152; x_wconf 85' lang='lat' dir='ltr'>et</span> <span class='ocrx_word' id='word_1_30' title='bbox 1538 1088 1810 1153; x_wconf 88' lang='lat' dir='ltr'>lacunas</span> <span class='ocrx_word' id='word_1_31' title='bbox 1870 1089 2171 1173; x_wconf 83' lang='lat' dir='ltr'>explendi</span> <span class='ocrx_word' id='word_1_32' title='bbox 2229 1091 2636 1155; x_wconf 84' lang='lat' dir='ltr'>consuetudo</span> <span class='ocrx_word' id='word_1_33' title='bbox 2692 1098 2851 1155; x_wconf 83' lang='lat' dir='ltr'>nata</span> 
     </span>
     <span class='ocr_line' id='line_1_6' title="bbox 544 1198 2849 1282; baseline -0.001 -17"><span class='ocrx_word' id='word_1_34' title='bbox 544 1202 659 1276; x_wconf 89' lang='lat' dir='ltr'>sit,</span> <span class='ocrx_word' id='word_1_35' title='bbox 716 1198 1073 1282; x_wconf 86' lang='lat' dir='ltr'>superioris</span> <span class='ocrx_word' id='word_1_36' title='bbox 1117 1204 1341 1262; x_wconf 79' lang='lat' dir='ltr'>autem</span> <span class='ocrx_word' id='word_1_37' title='bbox 1387 1198 1701 1279; x_wconf 86' lang='lat' dir='ltr'>temporis</span> <span class='ocrx_word' id='word_1_38' title='bbox 1746 1198 2350 1281; x_wconf 80' lang='lat' dir='ltr'>interpolationem,</span> <span class='ocrx_word' id='word_1_39' title='bbox 2407 1219 2605 1280; x_wconf 76' lang='lat' dir='ltr'>quani</span> <span class='ocrx_word' id='word_1_40' title='bbox 2650 1199 2849 1263; x_wconf 86' lang='lat' dir='ltr'>etiam</span> 
     </span>
     <span class='ocr_line' id='line_1_7' title="bbox 541 1304 2845 1390; baseline -0 -19"><span class='ocrx_word' id='word_1_41' title='bbox 541 1307 1033 1390; x_wconf 85' lang='lat' dir='ltr'>antiquissimos</span> <span class='ocrx_word' id='word_1_42' title='bbox 1093 1305 1353 1369; x_wconf 88' lang='lat' dir='ltr'>codices</span> <span class='ocrx_word' id='word_1_43' title='bbox 1401 1304 1505 1367; x_wconf 90' lang='lat' dir='ltr'>hic</span> <span class='ocrx_word' id='word_1_44' title='bbox 1553 1304 1689 1368; x_wconf 89' lang='lat' dir='ltr'>illic</span> <span class='ocrx_word' id='word_1_45' title='bbox 1735 1305 2032 1386; x_wconf 85' lang='lat' dir='ltr'>attigisse</span> <span class='ocrx_word' id='word_1_46' title='bbox 2078 1326 2251 1387; x_wconf 81' lang='lat' dir='ltr'>saepe</span> <span class='ocrx_word' id='word_1_47' title='bbox 2299 1308 2599 1388; x_wconf 75' lang='lat' dir='ltr'>exposui,</span> <span class='ocrx_word' id='word_1_48' title='bbox 2657 1306 2845 1388; x_wconf 90' lang='lat' dir='ltr'>longe</span> 
     </span>
     <span class='ocr_line' id='line_1_8' title="bbox 539 1411 2845 1496; baseline -0 -17"><span class='ocrx_word' id='word_1_49' title='bbox 539 1415 708 1479; x_wconf 90' lang='lat' dir='ltr'>alius</span> <span class='ocrx_word' id='word_1_50' title='bbox 753 1414 1007 1496; x_wconf 88' lang='lat' dir='ltr'>generis</span> <span class='ocrx_word' id='word_1_51' title='bbox 1051 1411 1283 1492; x_wconf 89' lang='lat' dir='ltr'>fuisse,</span> <span class='ocrx_word' id='word_1_52' title='bbox 1351 1412 1717 1494; x_wconf 88' lang='lat' dir='ltr'>simplicem</span> <span class='ocrx_word' id='word_1_53' title='bbox 1764 1418 1829 1475; x_wconf 89' lang='lat' dir='ltr'>et</span> <span class='ocrx_word' id='word_1_54' title='bbox 1873 1412 2135 1485; x_wconf 79' lang='lat' dir='ltr'>rudem,</span> <span class='ocrx_word' id='word_1_55' title='bbox 2196 1414 2454 1495; x_wconf 88' lang='lat' dir='ltr'>qualem</span> <span class='ocrx_word' id='word_1_56' title='bbox 2500 1414 2564 1475; x_wconf 92' lang='lat' dir='ltr'>in</span> <span class='ocrx_word' id='word_1_57' title='bbox 2610 1413 2845 1478; x_wconf 89' lang='lat' dir='ltr'>Emen-</span> 
     </span>
     <span class='ocr_line' id='line_1_9' title="bbox 538 1517 2840 1603; baseline -0.001 -17"><span class='ocrx_word' id='word_1_58' title='bbox 538 1521 919 1586; x_wconf 87' lang='lat' dir='ltr'>dationibus</span> <span class='ocrx_word' id='word_1_59' title='bbox 980 1520 1268 1584; x_wconf 87' lang='lat' dir='ltr'>Livianis</span> <span class='ocrx_word' id='word_1_60' title='bbox 1335 1518 1557 1582; x_wconf 91' lang='lat' dir='ltr'>multis</span> <span class='ocrx_word' id='word_1_61' title='bbox 1613 1517 1778 1582; x_wconf 87' lang='lat' dir='ltr'>locis</span> <span class='ocrx_word' id='word_1_62' title='bbox 1838 1519 2223 1584; x_wconf 83' lang='lat' dir='ltr'>adumbravi</span> <span class='ocrx_word' id='word_1_63' title='bbox 2289 1520 2376 1603; x_wconf 90' lang='lat' dir='ltr'>(p.</span> <span class='ocrx_word' id='word_1_64' title='bbox 2445 1524 2551 1596; x_wconf 84' lang='lat'>13,</span> <span class='ocrx_word' id='word_1_65' title='bbox 2614 1526 2726 1600; x_wconf 86' lang='lat'>14,</span> <span class='ocrx_word' id='word_1_66' title='bbox 2778 1543 2840 1603; x_wconf 93' lang='lat' dir='ltr'>p.</span> 
     </span>
     <span class='ocr_line' id='line_1_10' title="bbox 536 1623 2842 1712; baseline 0 -21"><span class='ocrx_word' id='word_1_67' title='bbox 536 1633 691 1706; x_wconf 73' lang='lat'>208,</span> <span class='ocrx_word' id='word_1_68' title='bbox 759 1652 822 1712; x_wconf 91' lang='lat' dir='ltr'>p.</span> <span class='ocrx_word' id='word_1_69' title='bbox 873 1632 995 1691; x_wconf 81' lang='lat' dir='ltr'>33ss</span> <span class='ocrx_word' id='word_1_70' title='bbox 1051 1650 1146 1700; x_wconf 83' lang='lat' dir='ltr'>n.‚</span> <span class='ocrx_word' id='word_1_71' title='bbox 1205 1626 1320 1704; x_wconf 78' lang='lat' dir='ltr'>aL,</span> <span class='ocrx_word' id='word_1_72' title='bbox 1390 1626 1469 1690; x_wconf 87' lang='lat' dir='ltr'>de</span> <span class='ocrx_word' id='word_1_73' title='bbox 1539 1623 1736 1689; x_wconf 89' lang='lat' dir='ltr'>huius</span> <span class='ocrx_word' id='word_1_74' title='bbox 1805 1634 2022 1691; x_wconf 87' lang='lat' dir='ltr'>autem</span> <span class='ocrx_word' id='word_1_75' title='bbox 2080 1628 2285 1709; x_wconf 86' lang='lat' dir='ltr'>ipsius</span> <span class='ocrx_word' id='word_1_76' title='bbox 2344 1627 2608 1692; x_wconf 86' lang='lat' dir='ltr'>decadis</span> <span class='ocrx_word' id='word_1_77' title='bbox 2666 1628 2842 1692; x_wconf 89' lang='lat' dir='ltr'>codi-</span> 
     </span>
     <span class='ocr_line' id='line_1_11' title="bbox 536 1734 2838 1818; baseline -0 -18"><span class='ocrx_word' id='word_1_78' title='bbox 536 1737 722 1801; x_wconf 87' lang='lat' dir='ltr'>cibus</span> <span class='ocrx_word' id='word_1_79' title='bbox 793 1759 854 1818; x_wconf 92' lang='lat' dir='ltr'>p.</span> <span class='ocrx_word' id='word_1_80' title='bbox 916 1739 1036 1798; x_wconf 89' lang='grc'>401</span> <span class='ocrx_word' id='word_1_81' title='bbox 1112 1734 1271 1816; x_wconf 82' lang='lat' dir='ltr'>sq.),</span> <span class='ocrx_word' id='word_1_82' title='bbox 1343 1734 1603 1816; x_wconf 80' lang='lat' dir='ltr'>qualem</span> <span class='ocrx_word' id='word_1_83' title='bbox 1674 1737 1815 1817; x_wconf 90' lang='lat' dir='ltr'>ipse</span> <span class='ocrx_word' id='word_1_84' title='bbox 1884 1734 2303 1813; x_wconf 84' lang='lat' dir='ltr'>Moguntinus</span> <span class='ocrx_word' id='word_1_85' title='bbox 2374 1735 2664 1798; x_wconf 81' lang='lat' dir='ltr'>ostendit·</span> <span class='ocrx_word' id='word_1_86' title='bbox 2728 1735 2838 1799; x_wconf 91' lang='lat' dir='ltr'>lib.</span> 
     </span>
     <span class='ocr_line' id='line_1_12' title="bbox 532 1842 2839 1925; baseline -0 -18"><span class='ocrx_word' id='word_1_87' title='bbox 532 1843 806 1921; x_wconf 77' lang='lat' dir='ltr'>XXXV,</span> <span class='ocrx_word' id='word_1_88' title='bbox 866 1849 935 1919; x_wconf 84' lang='lat'>4,</span> <span class='ocrx_word' id='word_1_89' title='bbox 997 1847 1062 1920; x_wconf 89' lang='lat'>3,</span> <span class='ocrx_word' id='word_1_90' title='bbox 1118 1848 1271 1924; x_wconf 87' lang='lat' dir='ltr'>post</span> <span class='ocrx_word' id='word_1_91' title='bbox 1325 1842 1542 1905; x_wconf 90' lang='lat' dir='ltr'>inter</span> <span class='ocrx_word' id='word_1_92' title='bbox 1602 1848 1940 1924; x_wconf 87' lang='lat' dir='ltr'>pacatos</span> <span class='ocrx_word' id='word_1_93' title='bbox 1999 1842 2251 1906; x_wconf 88' lang='lat' dir='ltr'>addens</span> <span class='ocrx_word' id='word_1_94' title='bbox 2307 1863 2578 1925; x_wconf 81' lang='lat' dir='ltr'>agrOS‚</span> <span class='ocrx_word' id='word_1_95' title='bbox 2639 1844 2839 1906; x_wconf 90' lang='lat' dir='ltr'>inter-</span> 
     </span>
     <span class='ocr_line' id='line_1_13' title="bbox 529 1948 2836 2033; baseline 0 -20"><span class='ocrx_word' id='word_1_96' title='bbox 529 1957 1010 2033; x_wconf 87' lang='lat' dir='ltr'>pretamentum</span> <span class='ocrx_word' id='word_1_97' title='bbox 1055 1948 1588 2013; x_wconf 85' lang='lat' dir='ltr'>infelicissimum.</span> <span class='ocrx_word' id='word_1_98' title='bbox 1693 1948 1943 2022; x_wconf 80' lang='lat' dir='ltr'>Deinde</span> <span class='ocrx_word' id='word_1_99' title='bbox 2002 1949 2125 2012; x_wconf 90' lang='lat' dir='ltr'>hoc</span> <span class='ocrx_word' id='word_1_100' title='bbox 2173 1970 2444 2032; x_wconf 88' lang='lat' dir='ltr'>ponam,</span> <span class='ocrx_word' id='word_1_101' title='bbox 2514 1971 2836 2033; x_wconf 86' lang='lat' dir='ltr'>nusquam</span> 
     </span>
     <span class='ocr_line' id='line_1_14' title="bbox 530 2055 2837 2141; baseline -0 -20"><span class='ocrx_word' id='word_1_102' title='bbox 530 2058 887 2141; x_wconf 88' lang='lat' dir='ltr'>quidquam</span> <span class='ocrx_word' id='word_1_103' title='bbox 932 2055 1103 2120; x_wconf 88' lang='lat' dir='ltr'>labis</span> <span class='ocrx_word' id='word_1_104' title='bbox 1155 2065 1268 2120; x_wconf 88' lang='lat' dir='ltr'>aut</span> <span class='ocrx_word' id='word_1_105' title='bbox 1307 2057 1579 2121; x_wconf 52' lang='lat' dir='ltr'>macula*</span> <span class='ocrx_word' id='word_1_106' title='bbox 1618 2058 1681 2119; x_wconf 90' lang='lat' dir='ltr'>in</span> <span class='ocrx_word' id='word_1_107' title='bbox 1717 2056 1781 2119; x_wconf 85' lang='lat' dir='ltr'>M</span> <span class='ocrx_word' id='word_1_108' title='bbox 1817 2058 2108 2139; x_wconf 91' lang='lat' dir='ltr'>reperiri,</span> <span class='ocrx_word' id='word_1_109' title='bbox 2155 2056 2331 2137; x_wconf 89' lang='lat' dir='ltr'>quod</span> <span class='ocrx_word' id='word_1_110' title='bbox 2367 2078 2444 2120; x_wconf 85' lang='lat' dir='ltr'>ex</span> <span class='ocrx_word' id='word_1_111' title='bbox 2481 2059 2837 2121; x_wconf 89' lang='lat' dir='ltr'>communi-</span> 
     </span>
     <span class='ocr_line' id='line_1_15' title="bbox 531 2163 2833 2244; baseline -0.001 -13"><span class='ocrx_word' id='word_1_112' title='bbox 531 2167 651 2231; x_wconf 91' lang='lat' dir='ltr'>bus</span> <span class='ocrx_word' id='word_1_113' title='bbox 708 2166 760 2229; x_wconf 87' lang='lat' dir='ltr'>B</span> <span class='ocrx_word' id='word_1_114' title='bbox 819 2171 885 2228; x_wconf 85' lang='lat' dir='ltr'>et</span> <span class='ocrx_word' id='word_1_115' title='bbox 932 2171 1296 2227; x_wconf 87' lang='lat' dir='ltr'>ceterorum</span> <span class='ocrx_word' id='word_1_116' title='bbox 1357 2164 1694 2227; x_wconf 82' lang='lat' dir='ltr'>erroribus</span> <span class='ocrx_word' id='word_1_117' title='bbox 1753 2163 2132 2244; x_wconf 86' lang='lat' dir='ltr'>mendisque</span> <span class='ocrx_word' id='word_1_118' title='bbox 2181 2166 2245 2228; x_wconf 89' lang='lat' dir='ltr'>in</span> <span class='ocrx_word' id='word_1_119' title='bbox 2292 2163 2475 2229; x_wconf 89' lang='lat' dir='ltr'>illum</span> <span class='ocrx_word' id='word_1_120' title='bbox 2521 2167 2833 2229; x_wconf 86' lang='lat' dir='ltr'>transisse</span> 
     </span>
     <span class='ocr_line' id='line_1_16' title="bbox 525 2271 2831 2355; baseline 0 -20"><span class='ocrx_word' id='word_1_121' title='bbox 525 2273 734 2337; x_wconf 85' lang='lat' dir='ltr'>videri</span> <span class='ocrx_word' id='word_1_122' title='bbox 779 2272 1019 2354; x_wconf 81' lang='lat' dir='ltr'>possit3</span> <span class='ocrx_word' id='word_1_123' title='bbox 1090 2272 1316 2353; x_wconf 85' lang='lat' dir='ltr'>itaque</span> <span class='ocrx_word' id='word_1_124' title='bbox 1374 2271 1735 2335; x_wconf 83' lang='lat' dir='ltr'>absurdum</span> <span class='ocrx_word' id='word_1_125' title='bbox 1785 2292 1927 2334; x_wconf 90' lang='lat' dir='ltr'>esse</span> <span class='ocrx_word' id='word_1_126' title='bbox 1974 2271 2331 2354; x_wconf 85' lang='lat' dir='ltr'>quidquam</span> <span class='ocrx_word' id='word_1_127' title='bbox 2377 2273 2442 2335; x_wconf 91' lang='lat' dir='ltr'>in</span> <span class='ocrx_word' id='word_1_128' title='bbox 2491 2292 2567 2335; x_wconf 87' lang='lat' dir='ltr'>eo</span> <span class='ocrx_word' id='word_1_129' title='bbox 2616 2273 2831 2355; x_wconf 88' lang='lat' dir='ltr'>suspi-</span> 
     </span>
     <span class='ocr_line' id='line_1_17' title="bbox 526 2377 2830 2462; baseline -0 -18"><span class='ocrx_word' id='word_1_130' title='bbox 526 2381 662 2445; x_wconf 88' lang='lat' dir='ltr'>cari</span> <span class='ocrx_word' id='word_1_131' title='bbox 739 2378 825 2442; x_wconf 86' lang='lat' dir='ltr'>ad</span> <span class='ocrx_word' id='word_1_132' title='bbox 907 2385 1272 2443; x_wconf 91' lang='lat' dir='ltr'>ceterorum</span> <span class='ocrx_word' id='word_1_133' title='bbox 1345 2400 1600 2442; x_wconf 88' lang='lat' dir='ltr'>errores</span> <span class='ocrx_word' id='word_1_134' title='bbox 1676 2377 1991 2460; x_wconf 90' lang='lat' dir='ltr'>tegendos</span> <span class='ocrx_word' id='word_1_135' title='bbox 2060 2379 2409 2443; x_wconf 78' lang='lat' dir='ltr'>lacunasve</span> <span class='ocrx_word' id='word_1_136' title='bbox 2477 2378 2830 2462; x_wconf 82' lang='lat' dir='ltr'>explendas</span> 
     </span>
     <span class='ocr_line' id='line_1_18' title="bbox 523 2485 2827 2569; baseline -0.001 -17"><span class='ocrx_word' id='word_1_137' title='bbox 523 2485 976 2569; x_wconf 90' lang='lat' dir='ltr'>interpolando</span> <span class='ocrx_word' id='word_1_138' title='bbox 1023 2493 1269 2550; x_wconf 89' lang='lat' dir='ltr'>natum.</span> <span class='ocrx_word' id='word_1_139' title='bbox 1339 2486 1679 2550; x_wconf 86' lang='lat' dir='ltr'>Postremo</span> <span class='ocrx_word' id='word_1_140' title='bbox 1727 2486 1809 2550; x_wconf 85' lang='lat' dir='ltr'>ad</span> <span class='ocrx_word' id='word_1_141' title='bbox 1853 2508 1990 2550; x_wconf 91' lang='lat' dir='ltr'>rem</span> <span class='ocrx_word' id='word_1_142' title='bbox 2039 2486 2525 2566; x_wconf 88' lang='lat' dir='ltr'>conficiendam,</span> <span class='ocrx_word' id='word_1_143' title='bbox 2573 2486 2827 2550; x_wconf 87' lang='lat' dir='ltr'>duabus</span> 
     </span>
     <span class='ocr_line' id='line_1_19' title="bbox 522 2576 2828 2677; baseline 0 -18"><span class='ocrx_word' id='word_1_144' title='bbox 522 2594 931 2677; x_wconf 83' lang='lat' dir='ltr'>longioribus</span> <span class='ocrx_word' id='word_1_145' title='bbox 976 2594 1275 2676; x_wconf 77' lang='lat' dir='ltr'>partibus</span> <span class='ocrx_word' id='word_1_146' title='bbox 1320 2593 1472 2658; x_wconf 71' lang='lat' dir='ltr'>libri</span> <span class='ocrx_word' id='word_1_147' title='bbox 1519 2576 1791 2657; x_wconf 69' lang='lat' dir='ltr'><strong>&#39;XXXIV</strong></span> <span class='ocrx_word' id='word_1_148' title='bbox 1829 2600 1895 2658; x_wconf 73' lang='lat' dir='ltr'>et</span> <span class='ocrx_word' id='word_1_149' title='bbox 1939 2593 2182 2659; x_wconf 81' lang='lat' dir='ltr'><strong>xxxv</strong></span> <span class='ocrx_word' id='word_1_150' title='bbox 2220 2595 2357 2660; x_wconf 75' lang='lat' dir='ltr'>sine</span> <span class='ocrx_word' id='word_1_151' title='bbox 2402 2594 2535 2659; x_wconf 80' lang='lat' dir='ltr'>uno</span> <span class='ocrx_word' id='word_1_152' title='bbox 2584 2594 2828 2659; x_wconf 72' lang='lat' dir='ltr'>dilectu</span> 
     </span>
     <span class='ocr_line' id='line_1_20' title="bbox 520 2701 2826 2786; baseline -0.001 -19"><span class='ocrx_word' id='word_1_153' title='bbox 520 2703 822 2786; x_wconf 79' lang='lat' dir='ltr'>sumptiS,</span> <span class='ocrx_word' id='word_1_154' title='bbox 869 2710 1258 2786; x_wconf 85' lang='lat' dir='ltr'>perpetuam</span> <span class='ocrx_word' id='word_1_155' title='bbox 1306 2701 1753 2784; x_wconf 81' lang='lat' dir='ltr'>exemplorum</span> <span class='ocrx_word' id='word_1_156' title='bbox 1802 2703 2035 2766; x_wconf 91' lang='lat' dir='ltr'>seriem</span> <span class='ocrx_word' id='word_1_157' title='bbox 2084 2702 2202 2766; x_wconf 89' lang='lat' dir='ltr'>sub</span> <span class='ocrx_word' id='word_1_158' title='bbox 2250 2711 2667 2785; x_wconf 87' lang='lat' dir='ltr'>conspectum</span> <span class='ocrx_word' id='word_1_159' title='bbox 2715 2701 2826 2766; x_wconf 86' lang='lat' dir='ltr'>ad-</span> 
     </span>
     <span class='ocr_line' id='line_1_21' title="bbox 523 2809 2827 2892; baseline -0.001 -18"><span class='ocrx_word' id='word_1_160' title='bbox 523 2811 837 2874; x_wconf 88' lang='lat' dir='ltr'>ducemus</span> <span class='ocrx_word' id='word_1_161' title='bbox 886 2810 1474 2892; x_wconf 85' lang='lat' dir='ltr'>ostendemusque,</span> <span class='ocrx_word' id='word_1_162' title='bbox 1546 2817 1611 2873; x_wconf 81' lang='lat' dir='ltr'>et</span> <span class='ocrx_word' id='word_1_163' title='bbox 1670 2818 1828 2891; x_wconf 89' lang='lat' dir='ltr'>quot</span> <span class='ocrx_word' id='word_1_164' title='bbox 1885 2810 2164 2874; x_wconf 86' lang='lat' dir='ltr'>aliorum</span> <span class='ocrx_word' id='word_1_165' title='bbox 2221 2832 2530 2892; x_wconf 82' lang='lat' dir='ltr'>generum</span> <span class='ocrx_word' id='word_1_166' title='bbox 2590 2809 2827 2874; x_wconf 82' lang='lat' dir='ltr'>menda</span> 
     </span>
     <span class='ocr_line' id='line_1_22' title="bbox 518 2917 2823 3001; baseline -0 -20"><span class='ocrx_word' id='word_1_167' title='bbox 518 2917 763 2981; x_wconf 88' lang='lat' dir='ltr'>codicis</span> <span class='ocrx_word' id='word_1_168' title='bbox 832 2917 885 2980; x_wconf 94' lang='lat' dir='ltr'><strong>B</strong></span> <span class='ocrx_word' id='word_1_169' title='bbox 947 2925 1014 2982; x_wconf 86' lang='lat' dir='ltr'>et</span> <span class='ocrx_word' id='word_1_170' title='bbox 1080 2918 1446 3000; x_wconf 79' lang='lat' dir='ltr'>vulgarium</span> <span class='ocrx_word' id='word_1_171' title='bbox 1528 2919 1901 2982; x_wconf 88' lang='lat' dir='ltr'>communia</span> <span class='ocrx_word' id='word_1_172' title='bbox 1977 2919 2169 2982; x_wconf 89' lang='lat' dir='ltr'>unius</span> <span class='ocrx_word' id='word_1_173' title='bbox 2228 2918 2295 2981; x_wconf 94' lang='lat' dir='ltr'>M</span> <span class='ocrx_word' id='word_1_174' title='bbox 2365 2940 2487 3001; x_wconf 90' lang='lat' dir='ltr'>ope</span> <span class='ocrx_word' id='word_1_175' title='bbox 2563 2917 2823 2982; x_wconf 83' lang='lat' dir='ltr'>sublata</span> 
     </span>
     <span class='ocr_line' id='line_1_23' title="bbox 518 3024 2825 3108; baseline -0 -20"><span class='ocrx_word' id='word_1_176' title='bbox 518 3025 651 3088; x_wconf 83' lang='lat' dir='ltr'>sint</span> <span class='ocrx_word' id='word_1_177' title='bbox 706 3027 883 3105; x_wconf 90' lang='lat' dir='ltr'>(nam</span> <span class='ocrx_word' id='word_1_178' title='bbox 931 3027 1235 3108; x_wconf 86' lang='lat' dir='ltr'>proprios</span> <span class='ocrx_word' id='word_1_179' title='bbox 1281 3026 1334 3087; x_wconf 93' lang='lat' dir='ltr'>B</span> <span class='ocrx_word' id='word_1_180' title='bbox 1384 3025 1712 3089; x_wconf 89' lang='lat' dir='ltr'>scribendi</span> <span class='ocrx_word' id='word_1_181' title='bbox 1761 3047 2017 3090; x_wconf 89' lang='lat' dir='ltr'>errores</span> <span class='ocrx_word' id='word_1_182' title='bbox 2065 3032 2131 3089; x_wconf 91' lang='lat' dir='ltr'>et</span> <span class='ocrx_word' id='word_1_183' title='bbox 2177 3025 2541 3106; x_wconf 76' lang='lat' dir='ltr'>vulgarium</span> <span class='ocrx_word' id='word_1_184' title='bbox 2590 3024 2825 3088; x_wconf 86' lang='lat' dir='ltr'>menda</span> 
     </span>
     <span class='ocr_line' id='line_1_24' title="bbox 514 3132 2822 3217; baseline -0.001 -22"><span class='ocrx_word' id='word_1_185' title='bbox 514 3133 1222 3216; x_wconf 87' lang='lat' dir='ltr'>interpolationemque</span> <span class='ocrx_word' id='word_1_186' title='bbox 1292 3134 1579 3212; x_wconf 80' lang='lat' dir='ltr'>omitto).</span> <span class='ocrx_word' id='word_1_187' title='bbox 1654 3140 1720 3197; x_wconf 89' lang='lat' dir='ltr'>et</span> <span class='ocrx_word' id='word_1_188' title='bbox 1787 3140 1947 3217; x_wconf 88' lang='lat' dir='ltr'>quot</span> <span class='ocrx_word' id='word_1_189' title='bbox 2014 3133 2177 3197; x_wconf 88' lang='lat' dir='ltr'>locis</span> <span class='ocrx_word' id='word_1_190' title='bbox 2246 3133 2444 3197; x_wconf 86' lang='lat' dir='ltr'>verba</span> <span class='ocrx_word' id='word_1_191' title='bbox 2501 3153 2701 3212; x_wconf 90' lang='lat' dir='ltr'>quum</span> <span class='ocrx_word' id='word_1_192' title='bbox 2757 3132 2822 3193; x_wconf 91' lang='lat' dir='ltr'>in</span> 
     </span>
     <span class='ocr_line' id='line_1_25' title="bbox 513 3239 2824 3322; baseline -0.001 -19"><span class='ocrx_word' id='word_1_193' title='bbox 513 3240 644 3303; x_wconf 90' lang='lat' dir='ltr'>illis</span> <span class='ocrx_word' id='word_1_194' title='bbox 705 3241 1031 3321; x_wconf 88' lang='lat' dir='ltr'>utrisque,</span> <span class='ocrx_word' id='word_1_195' title='bbox 1101 3246 1241 3302; x_wconf 89' lang='lat' dir='ltr'>tum</span> <span class='ocrx_word' id='word_1_196' title='bbox 1299 3256 1450 3304; x_wconf 83' lang='lat' dir='ltr'>vero</span> <span class='ocrx_word' id='word_1_197' title='bbox 1510 3240 1826 3322; x_wconf 88' lang='lat' dir='ltr'>singulari</span> <span class='ocrx_word' id='word_1_198' title='bbox 1885 3241 2296 3322; x_wconf 87' lang='lat' dir='ltr'>neglegentia</span> <span class='ocrx_word' id='word_1_199' title='bbox 2352 3243 2419 3303; x_wconf 90' lang='lat' dir='ltr'>in</span> <span class='ocrx_word' id='word_1_200' title='bbox 2480 3239 2532 3302; x_wconf 90' lang='lat' dir='ltr'><strong>B</strong></span> <span class='ocrx_word' id='word_1_201' title='bbox 2581 3239 2824 3301; x_wconf 85' lang='lat' dir='ltr'>omissa</span> 
     </span>
     <span class='ocr_line' id='line_1_26' title="bbox 512 3345 2822 3428; baseline -0.001 -18"><span class='ocrx_word' id='word_1_202' title='bbox 512 3347 937 3427; x_wconf 86' lang='lat' dir='ltr'>Moguntinus</span> <span class='ocrx_word' id='word_1_203' title='bbox 1001 3348 1281 3410; x_wconf 83' lang='lat' dir='ltr'>servarit</span> <span class='ocrx_word' id='word_1_204' title='bbox 1337 3356 1402 3411; x_wconf 86' lang='lat' dir='ltr'>et</span> <span class='ocrx_word' id='word_1_205' title='bbox 1461 3369 1657 3428; x_wconf 85' lang='lat' dir='ltr'>quam</span> <span class='ocrx_word' id='word_1_206' title='bbox 1714 3347 1877 3411; x_wconf 89' lang='lat' dir='ltr'>nihil</span> <span class='ocrx_word' id='word_1_207' title='bbox 1934 3349 2049 3411; x_wconf 88' lang='lat' dir='ltr'>illa</span> <span class='ocrx_word' id='word_1_208' title='bbox 2109 3350 2177 3411; x_wconf 92' lang='lat' dir='ltr'>in</span> <span class='ocrx_word' id='word_1_209' title='bbox 2230 3348 2283 3411; x_wconf 93' lang='lat' dir='ltr'>B</span> <span class='ocrx_word' id='word_1_210' title='bbox 2340 3368 2547 3411; x_wconf 86' lang='lat' dir='ltr'>vacua</span> <span class='ocrx_word' id='word_1_211' title='bbox 2605 3345 2822 3428; x_wconf 85' lang='lat' dir='ltr'>spatia</span> 
     </span>
     <span class='ocr_line' id='line_1_27' title="bbox 510 3453 2818 3539; baseline -0.001 -21"><span class='ocrx_word' id='word_1_212' title='bbox 510 3453 835 3518; x_wconf 89' lang='lat' dir='ltr'>reconditi</span> <span class='ocrx_word' id='word_1_213' title='bbox 903 3453 1263 3533; x_wconf 83' lang='lat' dir='ltr'>occultent3</span> <span class='ocrx_word' id='word_1_214' title='bbox 1343 3454 1466 3518; x_wconf 91' lang='lat' dir='ltr'>hoc</span> <span class='ocrx_word' id='word_1_215' title='bbox 1546 3457 1719 3518; x_wconf 89' lang='lat' dir='ltr'>enim</span> <span class='ocrx_word' id='word_1_216' title='bbox 1786 3454 2085 3520; x_wconf 86' lang='lat' dir='ltr'>declarat</span> <span class='ocrx_word' id='word_1_217' title='bbox 2151 3457 2289 3539; x_wconf 92' lang='lat' dir='ltr'>ipse</span> <span class='ocrx_word' id='word_1_218' title='bbox 2356 3457 2423 3518; x_wconf 91' lang='lat' dir='ltr'>in</span> <span class='ocrx_word' id='word_1_219' title='bbox 2489 3454 2590 3517; x_wconf 91' lang='lat' dir='ltr'>his</span> <span class='ocrx_word' id='word_1_220' title='bbox 2656 3453 2818 3517; x_wconf 90' lang='lat' dir='ltr'>locis</span> 
     </span>
     <span class='ocr_line' id='line_1_28' title="bbox 510 3561 2817 3643; baseline -0.001 -20"><span class='ocrx_word' id='word_1_221' title='bbox 510 3561 911 3624; x_wconf 90' lang='lat' dir='ltr'>deteriorum</span> <span class='ocrx_word' id='word_1_222' title='bbox 968 3561 1295 3642; x_wconf 80' lang='lat' dir='ltr'>codicum,</span> <span class='ocrx_word' id='word_1_223' title='bbox 1353 3564 1477 3643; x_wconf 67' lang='lat' dir='ltr'>*qui</span> <span class='ocrx_word' id='word_1_224' title='bbox 1549 3564 1613 3626; x_wconf 90' lang='lat' dir='ltr'>in</span> <span class='ocrx_word' id='word_1_225' title='bbox 1686 3564 1919 3627; x_wconf 88' lang='lat' dir='ltr'>ceteris</span> <span class='ocrx_word' id='word_1_226' title='bbox 1975 3585 2016 3626; x_wconf 87' lang='lat' dir='ltr'>a</span> <span class='ocrx_word' id='word_1_227' title='bbox 2073 3563 2295 3627; x_wconf 90' lang='lat' dir='ltr'>codice</span> <span class='ocrx_word' id='word_1_228' title='bbox 2351 3561 2817 3642; x_wconf 89' lang='lat' dir='ltr'>Bambergensi</span> 
     </span>
     <span class='ocr_line' id='line_1_29' title="bbox 433 3666 2813 3753; baseline -0.001 -21"><span class='ocrx_word' id='word_1_229' title='bbox 433 3666 436 3669; x_wconf 71' lang='grc'><strong>’</strong></span> <span class='ocrx_word' id='word_1_230' title='bbox 512 3667 707 3732; x_wconf 91' lang='lat' dir='ltr'>simili</span> <span class='ocrx_word' id='word_1_231' title='bbox 755 3667 1070 3750; x_wconf 89' lang='lat' dir='ltr'>pendent,</span> <span class='ocrx_word' id='word_1_232' title='bbox 1138 3691 1285 3734; x_wconf 89' lang='lat' dir='ltr'>cum</span> <span class='ocrx_word' id='word_1_233' title='bbox 1331 3670 1398 3733; x_wconf 89' lang='lat' dir='ltr'><strong>M</strong></span> <span class='ocrx_word' id='word_1_234' title='bbox 1446 3691 1798 3735; x_wconf 90' lang='lat' dir='ltr'>consensus</span> <span class='ocrx_word' id='word_1_235' title='bbox 1845 3678 1963 3734; x_wconf 87' lang='lat' dir='ltr'>aut</span> <span class='ocrx_word' id='word_1_236' title='bbox 2009 3692 2191 3735; x_wconf 90' lang='lat' dir='ltr'>error</span> <span class='ocrx_word' id='word_1_237' title='bbox 2238 3671 2504 3753; x_wconf 89' lang='lat' dir='ltr'>originis</span> <span class='ocrx_word' id='word_1_238' title='bbox 2550 3674 2813 3751; x_wconf 67' lang='lat' dir='ltr'>apertae.</span> 
     </span>
     <span class='ocr_line' id='line_1_30' title="bbox 509 3775 2812 3861; baseline -0 -24"><span class='ocrx_word' id='word_1_239' title='bbox 509 3776 722 3852; x_wconf 88' lang='lat' dir='ltr'>Quum</span> <span class='ocrx_word' id='word_1_240' title='bbox 799 3783 1019 3840; x_wconf 86' lang='lat' dir='ltr'>autem</span> <span class='ocrx_word' id='word_1_241' title='bbox 1099 3778 1291 3841; x_wconf 89' lang='lat' dir='ltr'>simul</span> <span class='ocrx_word' id='word_1_242' title='bbox 1370 3778 2061 3857; x_wconf 84' lang='lat' dir='ltr'>animadverterimus,</span> <span class='ocrx_word' id='word_1_243' title='bbox 2138 3800 2255 3861; x_wconf 91' lang='lat' dir='ltr'>per</span> <span class='ocrx_word' id='word_1_244' title='bbox 2321 3778 2460 3842; x_wconf 79' lang='lat' dir='ltr'>haec</span> <span class='ocrx_word' id='word_1_245' title='bbox 2525 3775 2812 3858; x_wconf 88' lang='lat' dir='ltr'>plurium</span> 
     </span>
     <span class='ocr_line' id='line_1_31' title="bbox 453 3882 2814 3969; baseline -0.001 -23"><span class='ocrx_word' id='word_1_246' title='bbox 453 3933 462 3939; x_wconf 90' lang='lat'>.</span> <span class='ocrx_word' id='word_1_247' title='bbox 506 3884 796 3965; x_wconf 88' lang='lat' dir='ltr'>capitum</span> <span class='ocrx_word' id='word_1_248' title='bbox 844 3884 1061 3965; x_wconf 87' lang='lat' dir='ltr'>spatia</span> <span class='ocrx_word' id='word_1_249' title='bbox 1106 3905 1300 3966; x_wconf 88' lang='lat' dir='ltr'>quam</span> <span class='ocrx_word' id='word_1_250' title='bbox 1344 3883 1481 3949; x_wconf 88' lang='lat' dir='ltr'>fere</span> <span class='ocrx_word' id='word_1_251' title='bbox 1526 3886 1691 3950; x_wconf 91' lang='lat' dir='ltr'>nihil</span> <span class='ocrx_word' id='word_1_252' title='bbox 1734 3887 1917 3965; x_wconf 92' lang='lat' dir='ltr'>boni,</span> <span class='ocrx_word' id='word_1_253' title='bbox 1977 3886 2155 3969; x_wconf 89' lang='lat' dir='ltr'>quod</span> <span class='ocrx_word' id='word_1_254' title='bbox 2201 3907 2329 3949; x_wconf 90' lang='lat' dir='ltr'>non</span> <span class='ocrx_word' id='word_1_255' title='bbox 2374 3887 2443 3949; x_wconf 91' lang='lat' dir='ltr'>in</span> <span class='ocrx_word' id='word_1_256' title='bbox 2485 3883 2553 3948; x_wconf 89' lang='lat' dir='ltr'>M</span> <span class='ocrx_word' id='word_1_257' title='bbox 2598 3882 2814 3955; x_wconf 80' lang='lat' dir='ltr'>fuerit,</span> 
     </span>
     <span class='ocr_line' id='line_1_32' title="bbox 505 3989 2812 4073; baseline 0 -20"><span class='ocrx_word' id='word_1_258' title='bbox 505 4011 584 4053; x_wconf 78' lang='lat' dir='ltr'>ex</span> <span class='ocrx_word' id='word_1_259' title='bbox 628 3989 682 4052; x_wconf 93' lang='lat' dir='ltr'>B</span> <span class='ocrx_word' id='word_1_260' title='bbox 727 3989 1059 4072; x_wconf 86' lang='lat' dir='ltr'>prolatum</span> <span class='ocrx_word' id='word_1_261' title='bbox 1104 3993 1210 4072; x_wconf 85' lang='lat' dir='ltr'>sit,</span> <span class='ocrx_word' id='word_1_262' title='bbox 1269 4013 1590 4057; x_wconf 88' lang='lat' dir='ltr'>summam</span> <span class='ocrx_word' id='word_1_263' title='bbox 1636 3993 1805 4057; x_wconf 90' lang='lat' dir='ltr'>hanc</span> <span class='ocrx_word' id='word_1_264' title='bbox 1851 3993 2183 4071; x_wconf 89' lang='lat' dir='ltr'>faciemus,</span> <span class='ocrx_word' id='word_1_265' title='bbox 2230 3994 2328 4056; x_wconf 88' lang='lat' dir='ltr'>ita</span> <span class='ocrx_word' id='word_1_266' title='bbox 2371 3992 2812 4073; x_wconf 88' lang='lat' dir='ltr'>Bambergen-</span> 
     </span>
     <span class='ocr_line' id='line_1_33' title="bbox 504 4097 2810 4182; baseline -0 -21"><span class='ocrx_word' id='word_1_267' title='bbox 504 4118 641 4161; x_wconf 88' lang='lat' dir='ltr'>sem</span> <span class='ocrx_word' id='word_1_268' title='bbox 685 4097 1007 4181; x_wconf 83' lang='lat' dir='ltr'>vulgares,</span> <span class='ocrx_word' id='word_1_269' title='bbox 1065 4099 1454 4180; x_wconf 87' lang='lat' dir='ltr'>quibuscum</span> <span class='ocrx_word' id='word_1_270' title='bbox 1504 4102 1890 4181; x_wconf 86' lang='lat' dir='ltr'>cognatione</span> <span class='ocrx_word' id='word_1_271' title='bbox 1940 4102 2379 4182; x_wconf 89' lang='lat' dir='ltr'>coniungitur,</span> <span class='ocrx_word' id='word_1_272' title='bbox 2437 4101 2630 4181; x_wconf 88' lang='lat' dir='ltr'>longe</span> <span class='ocrx_word' id='word_1_273' title='bbox 2676 4098 2810 4161; x_wconf 86' lang='lat' dir='ltr'>vin-</span> 
     </span>
     <span class='ocr_line' id='line_1_34' title="bbox 504 4199 2841 4291; baseline 0 -23"><span class='ocrx_word' id='word_1_274' title='bbox 504 4226 672 4282; x_wconf 90' lang='lat' dir='ltr'>cere,</span> <span class='ocrx_word' id='word_1_275' title='bbox 741 4212 814 4269; x_wconf 91' lang='lat' dir='ltr'>ut</span> <span class='ocrx_word' id='word_1_276' title='bbox 871 4206 1255 4287; x_wconf 88' lang='lat' dir='ltr'>Moguntino</span> <span class='ocrx_word' id='word_1_277' title='bbox 1324 4227 1454 4272; x_wconf 92' lang='lat' dir='ltr'>non</span> <span class='ocrx_word' id='word_1_278' title='bbox 1528 4208 1727 4291; x_wconf 85' lang='lat' dir='ltr'>paulo</span> <span class='ocrx_word' id='word_1_279' title='bbox 1801 4208 2070 4272; x_wconf 86' lang='lat' dir='ltr'>inferior</span> <span class='ocrx_word' id='word_1_280' title='bbox 2127 4210 2242 4288; x_wconf 82' lang='lat' dir='ltr'>sit3</span> <span class='ocrx_word' id='word_1_281' title='bbox 2311 4211 2535 4290; x_wconf 87' lang='lat' dir='ltr'>itaque</span> <span class='ocrx_word' id='word_1_282' title='bbox 2594 4199 2841 4289; x_wconf 65' lang='lat' dir='ltr'>neque&#39;</span> 
     </span>
     <span class='ocr_line' id='line_1_35' title="bbox 500 4313 2806 4397; baseline -0 -22"><span class='ocrx_word' id='word_1_283' title='bbox 500 4320 772 4395; x_wconf 87' lang='lat' dir='ltr'>propter</span> <span class='ocrx_word' id='word_1_284' title='bbox 862 4313 1371 4397; x_wconf 87' lang='lat' dir='ltr'>Bambergensis</span> <span class='ocrx_word' id='word_1_285' title='bbox 1454 4321 1519 4378; x_wconf 89' lang='lat' dir='ltr'>et</span> <span class='ocrx_word' id='word_1_286' title='bbox 1599 4320 1965 4379; x_wconf 89' lang='lat' dir='ltr'>ceterorum</span> <span class='ocrx_word' id='word_1_287' title='bbox 2043 4316 2125 4397; x_wconf 45' lang='lat' dir='ltr'>in„</span> <span class='ocrx_word' id='word_1_288' title='bbox 2189 4336 2413 4380; x_wconf 91' lang='lat' dir='ltr'>errore</span> <span class='ocrx_word' id='word_1_289' title='bbox 2488 4315 2806 4379; x_wconf 66' lang='lat' dir='ltr'>lacunave</span> 
     </span>
     <span class='ocr_line' id='line_1_36' title="bbox 498 4420 2805 4505; baseline 0.003 -22"><span class='ocrx_word' id='word_1_290' title='bbox 498 4420 1051 4503; x_wconf 87' lang='lat' dir='ltr'>conspirationem</span> <span class='ocrx_word' id='word_1_291' title='bbox 1108 4424 1308 4486; x_wconf 88' lang='lat' dir='ltr'>rectis</span> <span class='ocrx_word' id='word_1_292' title='bbox 1354 4421 1723 4504; x_wconf 88' lang='lat' dir='ltr'>Moguntini</span> <span class='ocrx_word' id='word_1_293' title='bbox 1780 4424 2127 4505; x_wconf 89' lang='lat' dir='ltr'>scripturis</span> <span class='ocrx_word' id='word_1_294' title='bbox 2185 4422 2610 4488; x_wconf 81' lang='lat' dir='ltr'>diffidendum</span> <span class='ocrx_word' id='word_1_295' title='bbox 2668 4446 2805 4491; x_wconf 91' lang='lat' dir='ltr'>esse</span> 
     </span>
    </p>
   </div>
  </div>
 </body>
</html>
