3230 5282
616 578 740 633 Lib.
777 577 896 633 VII.
1716 562 1837 622 184

617 749 714 813 ad
762 747 1206 829 colloquia3
1254 745 1711 824 Quinctiu8‚
1758 767 1989 829 quem
2037 766 2443 812 armorum
2488 748 2737 812 etiam
2782 770 2933 832 pro

619 856 897 940 patria
956 855 1314 919 satietas
1359 860 1720 931 teneret,
1781 853 2069 919 nedum
2116 855 2511 920 adversus
2558 856 2931 939 patriam,

621 964 1017 1029 Corvinus
1076 984 1345 1027 omnes
1403 962 1767 1026 caritate
1826 962 2075 1041 cives,
2134 965 2554 1047 praecipue
2613 964 2938 1029 milites

619 1078 696 1136 et
741 1077 923 1136 ante
971 1069 1184 1135 alios
1231 1091 1452 1134 suum
1499 1069 1951 1134 exercitum
2001 1070 2487 1154 complexus
2544 1069 2640 1135 ad
2686 1070 2937 1137 collo-

619 1180 891 1261 quium
935 1178 1370 1262 processit.
1441 1176 1793 1259 Cognito
1842 1178 1912 1242 ei
1960 1177 2938 1262 extemplo—silentium

620 1286 908 1351 datum.
1007 1285 1166 1349 Haec
1226 1307 1356 1350 non
1413 1294 1591 1350 recte
1652 1285 1900 1351 habere
1948 1292 2015 1351 et
2060 1293 2342 1370 apparet
2387 1293 2455 1352 et
2498 1286 2764 1351 fuerunt
2821 1286 2937 1369 qui

620 1393 1235 1459 animadverterent.
1351 1393 1456 1458 Ita
1512 1394 1686 1457 enim
1744 1415 1786 1457 a
1840 1394 2024 1458 Livio
2083 1394 2430 1472 Quinctius
2490 1401 2557 1459 et
2613 1393 2938 1459 Corvinus

619 1507 1132 1584 componuntur,
1202 1500 1549 1582 diligenter
1619 1508 1966 1585 exaequata
2023 1503 2344 1568 orationis
2404 1502 2647 1579 forma,
2712 1503 2809 1566 ita
2866 1502 2936 1566 in

618 1616 899 1692 utroque
946 1631 1027 1673 ea
1071 1616 1684 1689 commemorantur,
1744 1617 2016 1694 propter
2061 1632 2206 1694 quae
2253 1610 2621 1675 concordiae
2668 1609 2937 1674 concili·

620 1718 806 1781 andae
864 1723 1138 1781 conatus
1195 1718 1277 1782 ab
1324 1718 1405 1782 iis
1452 1719 1823 1801 exspectari
1868 1720 2190 1802 potuerit,
2251 1719 2573 1783 eminente
2622 1718 2822 1781 etiam
2865 1718 2935 1782 in

620 1827 839 1910 priore
908 1830 1096 1908 parte
1166 1823 1274 1904 (de
1332 1825 1667 1906 Quinctio)
1738 1827 1806 1889 in
1865 1827 2008 1909 ipso
2065 1826 2251 1890 verbi
2302 1826 2496 1891 modo
2557 1824 2936 1907 (teneret)

449 1948 589 2016 (156)
627 1956 842 1999 causae
899 1932 1405 2015 significatione,
1471 1941 1546 1998 ut
1611 1935 1986 1999 necessario
2060 1935 2490 1999 communiter
2545 1933 2797 2015 aliquid
2854 1933 2935 1998 de

618 2049 900 2125 utroque
939 2041 1068 2106 dici
1103 2041 1345 2106 debeat
1381 2063 1504 2105 nec
1538 2042 1747 2125 possit
1783 2041 1917 2106 ullo
1957 2042 2150 2106 modo
2186 2043 2517 2107 sententia
2550 2041 2769 2106 claudi
2804 2042 2937 2106 sin-

619 2151 863 2235 gularis
918 2149 1170 2214 numeri
1229 2148 1428 2213 verbo
1476 2149 1561 2213 ad
1603 2172 1805 2213 unum
1853 2149 2202 2215 Corvinum
2246 2148 2777 2214 accommodato:
2841 2148 2937 2212 ad

622 2257 1119 2341 colloquium
1185 2257 1615 2339 processit.
1730 2256 1901 2321 Nam
1966 2258 2053 2322 ad
2106 2259 2281 2322 hunc
2335 2279 2537 2321 unum
2594 2257 2720 2321 hoc
2787 2278 2938 2341 per-

617 2368 832 2431 tinere
879 2362 1252 2442 ostendunt,
1298 2384 1440 2444 quae
1489 2363 1957 2429 subiiciuntur:
2029 2364 2367 2447 Cognito
2416 2367 2485 2430 ei
2533 2364 2938 2448 extemplo

624 2480 748 2538 cet.
862 2470 991 2537 Sed
1051 2470 1349 2535 faciliore
1405 2470 1728 2549 remedio,
1801 2492 1996 2554 quam
2054 2472 2318 2551 credas,
2385 2493 2492 2538 res
2556 2471 2937 2556 expeditur3

620 2603 774 2646 nam
820 2579 1106 2658 Quinctii
1163 2583 1230 2641 et
1275 2575 1539 2643 Corvini
1585 2580 1853 2645 nomina
1899 2581 2311 2664 appositione
2358 2580 2803 2663 adiunguntur
2851 2579 2940 2646 ad

622 2689 720 2768 id,
791 2688 967 2773 quod
1020 2688 1385 2770 praecessit,
1454 2686 1726 2766 duceS,
1797 2691 1922 2753 etsi
1980 2688 2131 2753 huic
2193 2688 2412 2753 Livius
2471 2688 2728 2754 addidit
2783 2690 2944 2753 iam

625 2797 974 2876 milites3
1040 2795 1165 2859 hoc
1233 2793 1406 2858 enim
1462 2794 1817 2861 obscurato
1875 2796 1963 2859 ad
2008 2796 2326 2879 dignitate
2374 2798 2793 2880 praestantius
2837 2818 2944 2862 re·

625 2905 807 2989 liqua
875 2902 1413 2968 accommodatur
1482 2905 1696 2968 oratio
1766 2903 1999 2984 (multo
2067 2903 2324 2968 facilius
2392 2925 2616 2985 quam,
2686 2910 2760 2968 ut
2812 2903 2944 2968 hoc

622 3020 803 3092 utar,
869 3013 937 3076 in
991 3011 1361 3075 Horatiano
1420 3011 1565 3075 illo:
1637 3031 1779 3092 ego
1846 3012 2165 3095 meique
2234 3011 2575 3092 vescor):
2644 3011 2942 3096 Itaque

623 3122 776 3185 iam
834 3120 1108 3199 duceS,
1165 3121 1316 3183 iam
1371 3120 1682 3184 milites
1736 3120 2119 3203 utrinque
2180 3140 2673 3201 congressus
2734 3141 2936 3203 quae-

622 3250 802 3293 rere
873 3228 970 3292 ad
1026 3227 1469 3310 colloquia,
1541 3227 2008 3306 QuinctiuS,
2078 3248 2303 3308 quem
2358 3263 2471 3306 ——‚
2541 3225 2946 3291 Corvinus

625 3357 894 3400 omnes
937 3371 1025 3381 —
1081 3334 1566 3417 complexus
1669 3334 1924 3398 Deinde
1982 3334 2067 3399 ad
2114 3336 2479 3399 orationem
2526 3334 2947 3398 vinciendam

626 3450 693 3508 et
740 3443 823 3507 ab
868 3449 1148 3523 utroque
1195 3441 1281 3505 ad
1328 3441 1612 3505 alterum
1656 3442 2136 3506 traducendam
2181 3441 2552 3507 addendum
2599 3448 2715 3521 est,
2763 3441 2948 3525 quod

623 3557 776 3633 post
854 3549 1317 3633 complexus
1397 3549 1669 3627 excidit,
1748 3551 1814 3614 is
1882 3571 2271 3633 pronomen:
2366 3553 2432 3611 ls
2515 3550 2613 3613 ad
2682 3550 2946 3614 collo-

626 3660 900 3742 quium
957 3657 1383 3740 processit.
1498 3655 1844 3738 Cognito
1903 3660 1979 3723 ei
2039 3665 2162 3723 cet.
2276 3657 2381 3738 (X,
2444 3661 2498 3735 1,
2559 3661 2595 3720 9
2641 3665 2824 3721 recte
2875 3659 2950 3722 is

626 3766 947 3830 excidisse
1017 3765 1308 3828 creditur
1374 3772 1525 3847 post
1571 3765 2036 3848 Bubulcus)
2148 3766 2365 3831 Unum
2419 3771 2637 3829 tamen
2694 3770 2949 3844 restat;

624 3894 836 3955 neque
884 3874 1054 3936 enim
1100 3873 1318 3937 Livius
1366 3873 1531 3936 dixit
1578 3894 2066 3955 congressus
2116 3894 2478 3958 quaerere
2526 3871 2624 3936 ad
2670 3872 2952 3937 collo-

626 3984 815 4066 quia
882 3981 994 4062 (—
1071 3981 1344 4045 dixisset
1420 3981 1685 4060 saltem,
1765 3983 1820 4045 si
1899 3982 2058 4066 quid
2136 3981 2509 4045 addendum
2586 3980 2671 4044 ad
2753 4001 2954 4044 con-

626 4111 952 4170 gressus
1001 4088 1404 4154 deliniendos
1451 4095 1747 4172 putaret,
1804 4089 1903 4153 ad
1949 4087 2575 4170 colloquendum
2617 4086 2762 4167 —),
2823 4088 2954 4153 sed

626 4220 714 4261 ac
762 4198 1201 4281 colloquia,
1257 4204 1331 4262 ut
1375 4204 1476 4262 est
1520 4198 1587 4260 in
1634 4196 1748 4276 LI,
1808 4198 1931 4261 etsi
1976 4198 2043 4261 in
2090 4196 2315 4261 codice
2364 4195 2720 4278 archetypo
2770 4195 2950 4260 alte-

626 4328 770 4370 rum
826 4306 953 4368 iam
1010 4304 1211 4370 fuisse
1258 4305 1485 4381 credo,
1542 4304 1773 4368 eodem
1819 4304 2011 4368 modo
2059 4312 2314 4382 natum,
2372 4326 2502 4387 quo
2548 4301 2664 4380 IV,
2729 4307 2843 4376 34,
2910 4309 2956 4368 4

628 4414 721 4478 ab
789 4413 1073 4497 equite
1142 4412 1236 4476 ad
1308 4413 1900 4489 centurionem,
1983 4434 2181 4494 quum
2252 4432 2282 4473 c
2350 4410 2550 4476 semel
2621 4412 2957 4494 scriptum
