3230 5282
552 621 675 674 Lib.
711 620 959 673 XXXIV.
1640 609 1762 669 500

554 796 653 870 23,
696 795 771 853 13
820 793 1035 873 ipsum
1081 792 1428 874 imperium
1475 792 1772 873 ponitur:
1836 789 2044 854 ferte
2091 790 2319 872 signa
2367 793 2442 855 in
2489 791 2852 870 hostem).

551 900 787 982 Itaque
835 898 1106 962 dubium
1153 920 1282 962 non
1329 905 1458 975 est,
1526 898 1683 979 quin
1741 897 1862 962 hoc
1918 898 2064 962 loco
2125 904 2506 980 corruptum
2566 901 2649 962 sit
2696 922 2853 981 pra‘

552 1029 653 1070 se.
769 1005 1135 1089 Scripserat
1208 1006 1457 1069 Livius:
1541 1006 1774 1086 signa
1851 1024 2165 1085 propere
2233 1005 2463 1084 ferri,
2545 1008 2853 1088 quemad-

551 1114 818 1179 modum
862 1112 970 1190 IV,
1029 1118 1128 1193 47,
1192 1117 1229 1175 2
1279 1119 1402 1177 est:
1474 1114 1705 1193 signa
1765 1111 2055 1177 inferri
2100 1133 2448 1195 propere
2494 1115 2744 1178 iussit
2791 1123 2857 1178 et

552 1221 717 1298 XLI,
745 1226 895 1299 3‚8:
957 1220 1232 1285 ferunt
1277 1221 1513 1284 citati
1560 1222 1811 1302 signa.
1893 1219 2167 1302 [Signa
2212 1221 2569 1302 proferri
2615 1222 2855 1286 iussit

551 1327 928 1411 Seyffertus‚
977 1328 1123 1392 coll.
1175 1327 1280 1404 lv,
1331 1332 1429 1407 32,
1483 1334 1577 1407 10,
1624 1328 1829 1406 XXII,
1877 1333 1977 1404 42,
2026 1326 2187 1408 3.]1)

724 1433 880 1518 Cap.
931 1441 1043 1514 23,
1105 1441 1142 1498 2
1202 1435 1344 1515 (ubi
1406 1442 1714 1499 narratur
1759 1435 1838 1498 de
1887 1442 2211 1498 conventu
2255 1435 2658 1518 legationum
2705 1437 2856 1499 civi-

549 1550 763 1606 tatum
803 1545 1177 1608 Graecarum
1216 1563 1256 1607 a
1289 1543 1704 1619 T.-Quinctio
1743 1540 2041 1607 Corinthi
2085 1541 2315 1607 habito
2364 1543 2448 1607 ad
2493 1543 2857 1607 deliberan-

551 1650 706 1713 dum
783 1651 862 1714 de
942 1650 1115 1715 bello
1197 1657 1425 1715 contra
1505 1650 1828 1714 Nabidem
1907 1649 2529 1729 Lacedaemonium):
2613 1649 2855 1725 Quum

549 1757 862 1840 legatus
930 1758 1575 1835 Atheniensium,
1661 1765 2044 1839 quantum
2115 1764 2472 1839 poterat,
2553 1758 2856 1840 gratiis

380 1875 520 1952 (401)
559 1864 902 1946 agendis
997 1866 1525 1930 Romanorum
1618 1867 1693 1928 in
1774 1865 2163 1928 Graeciam
2252 1866 2541 1929 merita
2635 1872 2856 1929 extu·

550 1971 828 2049 iisset,
914 1973 1404 2056 imploratos
1485 1973 1875 2036 auxilium
1945 1972 2329 2035 adversus
2400 1972 2858 2055 Philippum

552 2079 848 2144 tulisse
888 2102 1138 2162 opem,
1178 2101 1335 2145 non
1373 2088 1709 2162 rogatos
1749 2079 1969 2143 ultro
2009 2080 2400 2143 adversus
2437 2089 2859 2161 tyrannum

552 2186 835 2250 Nabim
885 2186 1186 2251 offerre
1234 2188 1646 2266 auxilium,
1706 2186 2344 2269 indignatusque
2404 2194 2640 2264 esset,
2700 2186 2858 2249 haec

551 2301 781 2357 tanta
838 2295 1132 2357 merita
1194 2294 1701 2359 sermonibus
1762 2302 2026 2358 tamen
2091 2294 2554 2375 aliquorum
2611 2293 2859 2375 carpi,

550 2402 829 2464 futura
879 2400 1572 2480 calumniantium,
1634 2437 1736 2479 —-,
1796 2401 2259 2483 apparebat
2306 2400 2613 2464 incessi
2660 2400 2860 2463 AEto-

551 2507 691 2572 los.
774 2507 994 2572 Habet
1038 2509 1290 2590 aliquid
1338 2509 1714 2574 offensionis
1759 2509 1874 2573 illa
1919 2510 1986 2572 in
2033 2509 2259 2572 eadem
2310 2509 2630 2572 sententia
2684 2529 2859 2571 aux-

552 2614 679 2678 ilii
729 2621 797 2679 et
841 2617 1012 2699 opis
1060 2615 1422 2683 distinctio:
1485 2616 1968 2701 imploratos
2015 2615 2407 2680 auxilium
2447 2652 2529 2660 —
2565 2615 2857 2680 tulisse

552 2744 803 2805 opem,
852 2723 965 2787 sed
1012 2745 1157 2805 quae
1206 2725 1427 2807 aliquo
1466 2725 1661 2790 modo
1698 2725 1996 2789 excusari
2030 2724 2241 2806 possit
2276 2723 2697 2806 defendique3
2743 2722 2860 2787 sed

552 2830 680 2895 duo
716 2838 870 2896 sunt
906 2833 972 2895 in
1008 2831 1132 2895 hoc
1166 2832 1312 2897 loco
1346 2834 1524 2911 vitia,
1563 2855 1707 2916 quae
1744 2833 2224 2896 excusationem
2251 2839 2597 2913 respuant3
2634 2852 2859 2895 eorum

550 2938 831 3002 alterum
888 2939 1286 3004 rhetoricum
1336 2948 1454 3019 est,
1510 2941 1705 3021 quod,
1766 2961 1964 3023 quum
2011 2940 2141 3003 duo
2190 2939 2505 3003 orationis
2553 2938 2861 3016 membra,

552 3046 786 3129 quibus
825 3046 1065 3129 duplex
1090 3048 1530 3112 Romanorum
1565 3048 1869 3111 meritum
1896 3047 2329 3125 contineatur,
2367 3047 2743 3127 ceteroquin
2767 3045 2863 3109 di-

549 3153 829 3233 ligenter
852 3163 1193 3236 exaequata
1216 3157 1345 3218 sint
1371 3154 1883 3238 (imploratos
1920 3154 2087 3218 adv,
2115 3153 2240 3217 Ph.
2280 3153 2570 3217 tulisse
2610 3175 2861 3235 opem,

608 3424 659 3488 ¹)
700 3421 851 3491 [Cap.
914 3427 993 3490 1¹7,
1051 3427 1085 3477 4
1138 3424 1388 3491 (decem
1446 3427 1667 3478 millia
1724 3425 2150 3478 Celtiberum
2207 3423 2515 3476 mercede
2570 3422 2866 3475 Turduli

688 3508 1092 3562 conducunt
1142 3509 1532 3579 alienisque
1582 3511 1786 3562 armis
1836 3510 2183 3575 parabant
2230 3508 2515 3571 bellum)
2563 3507 2715 3560 nulla
2765 3525 2862 3575 ap·

687 3598 847 3660 paret
876 3594 1077 3646 variati
1116 3596 1386 3664 temporis
1417 3611 1612 3659 causa;
1652 3595 1840 3662 itaque
1870 3594 2168 3662 Ussingius
2197 3598 2448 3661 parant
2476 3593 2643 3645 scribi
2673 3592 2866 3656 iussit;

688 3683 745 3731 et
791 3684 978 3731 tamen
1025 3678 1266 3734 fortasse
1311 3685 1490 3735 status
1535 3697 1717 3734 rerum
1765 3686 1898 3749 post
1943 3679 2252 3733 conductos
2289 3678 2661 3731 mercenarios
2699 3677 2868 3745 signi·

686 3761 901 3816 ficatur.
979 3763 1109 3833 Cap.
1154 3768 1232 3831 18,
1269 3768 1302 3819 3
1338 3766 1642 3820 videndum
1682 3770 1821 3832 puto
1854 3783 1923 3818 ne
1950 3764 2146 3818 Livius
2176 3763 2490 3831 scripserit:
2536 3769 2607 3816 ut
2645 3763 2869 3815 omnia

686 3849 983 3902 maxima
1055 3850 1472 3919 minimaque
1537 3868 1653 3920 per
1718 3868 1785 3904 se
1853 3850 2086 3902 obiret
2152 3848 2281 3916 (pro
2346 3846 2593 3910 adiret)
2661 3852 2867 3914 atque

685 3940 938 4000 ageret.
1024 3934 1167 3988 Nam
1212 3952 1392 4004 neque
1441 3935 1637 3989 adire
1674 3935 1901 3988 omnia
1947 3952 2129 4002 neque
2179 3934 2369 3986 adire
2415 3937 2620 4000 atque
2667 3947 2869 4001 agere

687 4018 890 4072 usitate
928 4019 1147 4075 dicitur.
1219 4018 1390 4087 1863]
1454 4020 1583 4089 Cap.
1624 4023 1710 4087 20,
1752 4022 1784 4073 2
1819 4018 2179 4074 scribendum
2217 4024 2382 4086 puto:
2420 4018 2869 4079 conscientia,

687 4103 834 4156 dum
876 4106 1112 4158 consul
1148 4133 1218 4143 -
1254 4111 1444 4160 esset
1480 4105 1610 4175 (pro
1651 4104 1774 4171 est)
1822 4107 2232 4172 occupatus,
2281 4102 2869 4170 depopulatorum

686 4216 753 4226 —
784 4191 1146 4244 sociorum.
1215 4189 1410 4258 Neque
1441 4191 1588 4245 enim
1618 4189 1688 4243 ad
1721 4189 1867 4243 hanc
1896 4188 2169 4242 orationis
2199 4192 2256 4240 et
2290 4187 2583 4240 sententiae
2615 4185 2870 4253 formam,

686 4290 811 4341 quae
863 4275 932 4329 de
981 4277 1134 4330 dum
1184 4275 1415 4344 proprie
1460 4275 1895 4343 praecipiuntur,
1950 4273 2235 4342 pertinere
2286 4272 2562 4325 videntur.
2655 4271 2871 4324 Praeter

687 4359 1054 4413 indicativum
1118 4359 1425 4429 perfeetum
1487 4375 1708 4428 quoque
1768 4375 1943 4427 prave
2008 4358 2216 4412 dicitur
2276 4360 2561 4423 tamquam
2627 4356 2694 4408 de
2757 4373 2871 4409 uno

689 4450 948 4513 tempore
991 4445 1379 4514 occupationis
1416 4448 1651 4513 coeptae.
