3230 5282
1503 606 1622 667 361
2389 619 2512 673 Lib.
2550 618 2719 673 XXV.

410 792 647 873 Sunt,
728 792 862 876 qui
942 792 1021 856 in
1100 811 1294 874 agro
1372 791 1949 857 Beneventano
2029 812 2282 877 prope
2360 790 2721 858 Calorem

408 902 748 966 fluvium
806 900 1251 966 ostendant
1305 899 1459 982 (scr.
1508 902 2016 968 contendant
2060 923 2209 966 cum
2254 904 2431 986 aliis)
2484 940 2563 949 —
2605 904 2723 969 in-

409 1009 888 1089 terfectum3
956 1016 1177 1088 sunt,
1249 1011 1387 1091 qui
1441 1045 1528 1055 —-
1571 1009 1666 1075 ab
1709 1045 1799 1056 —
1844 1012 2136 1078 turmis
2204 1013 2724 1080 Numidarum

409 1121 1055 1184 circumventum
1100 1117 1493 1184 scribant.
1596 1118 1812 1185 Adeo
1857 1142 2003 1187 nec
2045 1122 2275 1188 locus
2321 1145 2463 1189 nec
2505 1125 2724 1190 ratio

406 1227 700 1292 mortis
758 1228 835 1291 in
894 1226 1070 1291 viro
1115 1232 1273 1291 tam
1318 1227 1542 1291 claro
1590 1235 1671 1293 et
1715 1230 2025 1313 insigni
2071 1236 2414 1297 constat.
2515 1233 2724 1297 Mani-

406 1337 648 1401 festum
706 1340 839 1415 est,
912 1334 1164 1399 Livium
1219 1355 1432 1417 neque
1488 1337 1555 1402 in
1613 1343 1807 1403 tanta
1857 1340 2180 1404 varietate
2227 1342 2725 1422 sententiarum,

408 1464 609 1528 quum
674 1443 815 1527 ipse
872 1449 1068 1527 neget
1125 1443 1488 1527 quidquam
1560 1452 1897 1527 constare,
1964 1449 2178 1531 ipsam
2235 1448 2572 1514 varietatis
2617 1471 2726 1514 ex-

407 1542 805 1638 positionem
860 1558 997 1616 tam
1055 1549 1460 1617 confidenter
1519 1576 1746 1619 orsum
1803 1577 1978 1621 esse:
2048 1555 2227 1621 Haec
2283 1577 2471 1621 vera
2515 1554 2726 1622 fama

408 1673 559 1741 est,
625 1681 867 1744 neque,
936 1660 993 1725 si
1051 1658 1435 1725 dubitanter
1488 1662 1759 1746 scripsit
1813 1663 2019 1745 (Haec
2073 1663 2240 1729 fere
2300 1663 2508 1729 fama
2553 1664 2722 1745 est),

410 1769 750 1835 addidisse
819 1767 1122 1833 absolute
1192 1774 1529 1850 tamquam
1588 1768 1669 1833 de
1716 1792 1786 1835 re
1835 1773 2232 1837 certissima:
2313 1771 2723 1838 Gracchus

404 1914 491 1924 —
535 1878 821 1962 periit3
890 1876 1238 1941 dicendum
1294 1882 1468 1941 erat:
1537 1877 1716 1943 Haec
1774 1877 1944 1945 fere
2003 1879 2210 1945 fama
2268 1886 2419 1958 est,
2480 1879 2724 1945 Grac-

408 1990 646 2055 chum
689 2022 776 2031 —
821 1986 1166 2069 perisse3
1212 2004 1614 2073 quamquam
1662 2008 1743 2051 ne
1788 1987 1929 2052 haec
1975 1986 2239 2069 quidem
2286 1988 2497 2052 oratio
2543 1993 2723 2053 recte

418 2096 810 2173 cohaereret3
864 2114 1019 2157 nam
1074 2091 1237 2157 haec
1291 2091 1503 2158 fama
1558 2096 1890 2178 pertinere
1938 2094 2136 2160 debet
2182 2094 2266 2159 ad
2315 2096 2724 2179 superiorem

406 2208 502 2271 rei
560 2210 726 2270 actae
786 2202 1263 2280 narrationem3
1319 2201 1468 2266 illa:
1540 2201 1955 2268 Gracchus
1996 2239 2085 2247 —
2129 2202 2378 2286 periit
2437 2201 2518 2266 de
2573 2202 2720 2268 loco

408 2313 604 2379 caedis
651 2311 1013 2388 adduntur,
1070 2309 1151 2374 de
1197 2330 1327 2394 quo
1372 2309 1534 2374 nihil
1580 2311 1831 2375 dictum
1876 2318 1998 2390 est,
2045 2316 2305 2375 tantum
2350 2311 2444 2375 sic
2489 2331 2717 2375 narra-
2754 2314 2894 2384 (296)

336 2483 343 2490 .
408 2428 578 2502 tum,
647 2425 725 2484 ut
789 2419 855 2483 in
914 2418 1199 2484 Lucanis
1269 2438 1509 2483 caesum
1568 2417 1936 2484 Gracchum
2005 2423 2375 2503 appareret.
2488 2417 2724 2483 Omnia

407 2540 567 2613 apta
625 2534 695 2593 et
748 2535 933 2592 recta
992 2532 1213 2606 erunt,
1280 2547 1359 2591 ex
1415 2546 1615 2610 pravo
1675 2547 1711 2602 ¹1
1760 2525 2119 2611 (quaera)
2167 2525 2425 2592 duabus
2475 2512 2722 2592 'litteris

411 2637 690 2704 effectis:
749 2635 929 2701 Haec
973 2633 1039 2696 si
1084 2656 1274 2700 vera
1317 2632 1526 2699 fama
1570 2641 1722 2715 est,
1781 2634 2197 2702 Gracchus
2242 2636 2321 2699 in
2371 2634 2720 2702 Lucanis

410 2747 507 2812 ad
576 2765 930 2828 campos,
998 2744 1137 2827 qui
1199 2743 1532 2808 Veteres
1598 2751 2026 2824 vocantur,
2098 2744 2371 2827 periit.
2499 2743 2720 2822 Sunt,

411 2855 550 2939 qui
604 2855 682 2918 in
741 2874 930 2936 agro
976 2851 1724 2917 Beneventano-cet.
1826 2852 2149 2930 Quoniam
2195 2858 2261 2916 et
2303 2852 2369 2915 in
2415 2852 2608 2916 modo
2656 2860 2723 2916 et

411 2963 762 3028 occasione
829 2959 1026 3024 caedis
1095 2965 1162 3023 et
1228 2960 1294 3024 in
1359 2940 1507 3023 loco
1573 2959 1987 3039 variabatur,
2057 2960 2278 3024 Livius
2344 2980 2454 3038 ea,
2526 2981 2722 3041 quam

409 3071 548 3154 ipse
595 3074 863 3135 secutus
909 3068 1028 3145 sit,
1085 3067 1462 3131 narratione
1517 3066 1739 3131 locum
1793 3068 1888 3131 rei
1935 3072 2135 3149 gestae
2182 3066 2515 3149 adsignari
2562 3067 2724 3132 dicit

412 3180 477 3243 in
525 3177 816 3242 Lucania
860 3196 1129 3257 campos
1175 3175 1479 3254 Veteres;
1545 3175 1711 3240 alios
1767 3181 1832 3240 et
1888 3173 2104 3239 locum
2163 3173 2366 3239 alium
2412 3179 2480 3238 et
2523 3175 2723 3239 aliam

412 3285 612 3351 caedis
677 3284 1004 3350 rationem
1058 3282 1337 3347 tradere.
1442 3280 1611 3364 [Iam
1670 3282 1954 3347 Cobetus
2011 3282 2172 3346 Nov.
2223 3283 2406 3347 Lect.
2455 3305 2516 3366 p.
2570 3286 2719 3348 186:

412 3394 491 3461 Si
558 3392 719 3458 haec
786 3410 974 3457 vera
1039 3390 1251 3454 fama
1317 3398 1437 3456 est
1498 3427 1601 3454 —-.
1673 3389 1706 3473 ξ
1764 3394 1846 3453 22
1903 3391 2126 3455 notavi
2194 3391 2588 3473 particulam
2644 3398 2724 3457 et

413 3523 687 3586 prorsus
747 3520 948 3584 prave
1003 3499 1422 3582 praepositam
1477 3519 1726 3580 causae,
1785 3520 1902 3563 cur
1957 3497 2197 3563 iaculis
2255 3481 2554 3564 maxime·
2591 3499 2720 3564 Ro-

414 3610 594 3675 mani
642 3607 944 3673 transfixi
990 3608 1140 3686 sint,
1189 3606 1641 3673 declarationi.
1746 3604 1958 3688 1862]

593 3715 750 3800 Cap.
807 3721 913 3796 19,
979 3719 1054 3780 13
1103 3715 1213 3797 (de
1257 3714 1343 3779 M.
1393 3713 1775 3797 Centenio):
1834 3715 2044 3778 Data
2085 3750 2173 3759 --
2219 3721 2402 3779 octo
2459 3714 2725 3779 millia

413 3826 801 3902 militum,
868 3844 984 3908 —3
1055 3831 1129 3889 et
1218 3823 1390 3907 ipse
1480 3823 1993 3907 aliquantum
2071 3822 2722 3887 voluntariorum

411 3935 717 3999 itinere
772 3933 851 3996 in
907 3932 1129 4015 agris
1187 3931 1560 3996 concivit.
1664 3929 2098 3995 Scribendum
2143 3950 2286 3993 esse
2333 3928 2434 4011 (ut
2479 3931 2545 3994 in
2591 3953 2722 3996 uno

414 4048 480 4107 et
528 4042 742 4107 altero
791 4041 1152 4106 recentiore
1198 4039 1423 4104 codice
1458 4039 1639 4122 apud
1671 4037 1872 4103 Drak.
1912 4037 2251 4117 scribitur)
2290 4037 2371 4101 in
2405 4037 2723 4118 itinere,

412 4157 591 4216 recte
669 4148 1245 4215 Weissenbornius
1325 4147 1686 4227 intellexit3
1782 4168 2006 4211 verum
2098 4147 2177 4209 in
2257 4146 2563 4210 itinere
2641 4146 2722 4209 in

414 4260 635 4341 agris
716 4258 1071 4322 concivit
1146 4254 1700 4336 inelegantissime
1779 4253 2021 4318 dicitur
2097 4274 2218 4318 nec
2300 4253 2560 4317 omnino
2640 4253 2721 4316 in

412 4367 630 4448 agris
687 4365 928 4430 milites
975 4385 1015 4428 a
1061 4363 1224 4428 duce
1281 4363 1585 4427 celeriter
1638 4367 2024 4426 transeunte
2070 4361 2470 4425 concientur.
2561 4359 2721 4423 Rec-

412 4481 554 4539 tum
627 4474 778 4539 erit:
850 4474 930 4537 in
999 4473 1300 4537 itinere
1369 4491 1457 4535 ex
1525 4471 1747 4552 agris
1818 4468 2198 4534 concivit.
2310 4468 2572 4532 Excidit
2631 4488 2723 4531 ex
