3230 5282
1451 603 1572 662 315
2302 608 2423 668 Lib.
2462 615 2663 670 XXIII.
2709 650 2716 656 ·

356 785 499 851 Hoc
555 786 867 851 iudicium
929 783 1574 869 plusquamperfecto
1634 786 2403 870 (praetermiserant)
2463 786 2664 868 signi·

350 893 537 960 ficari
607 896 840 976 nequit
895 892 996 973 (ut
1052 895 1138 959 sit
1192 895 1821 978 praetermisisse
1877 894 2072 959 mihi
2117 895 2662 977 videbantur).

354 1000 786 1066 Scribendum
854 1003 1496 1085 praetermissuri
1555 1010 1821 1082 erant,
1890 1003 2068 1084 quod
2121 1000 2316 1067 facile
2372 1003 2442 1066 in
2498 1002 2661 1069 illud

354 1111 639 1174 transire
685 1116 964 1193 poterat.
1057 1107 1304 1190 (1862.)

525 1216 682 1301 Cap.
732 1222 790 1296 7,
842 1223 870 1280 1
922 1217 1032 1297 (de
1078 1218 1317 1300 legatis
1365 1216 1718 1302 Campanis
1763 1219 1848 1283 ad
1893 1217 2334 1284 Hannibalem
2379 1219 2659 1300 missis):

352 1346 784 1409 pacemque
852 1346 1023 1395 aum
1088 1346 1175 1390 eo
1235 1326 1866 1391 condicionibus
1938 1326 2314 1392 fecerunt
2383 1333 2504 1391 cet.
2566 1326 2660 1406 (in

354 1433 591 1515 quibus
638 1440 1109 1517 enumerantur
1154 1434 1624 1515 condiciones).
1727 1434 2188 1500 Scribendum:
2250 1434 2660 1499 condicio-

350 1541 590 1605 nibus
658 1540 760 1602 iis
827 1540 1221 1606 fecerunt.
1335 1541 1732 1622 Pronomen,
1800 1542 1979 1625 quod
2045 1549 2197 1626 post
2254 1563 2343 1606 us
2400 1540 2660 1619 excidit,

350 1656 599 1713 veteres
668 1648 955 1713 editores
1010 1656 1189 1714 recte
1251 1649 1709 1714 desiderarant
1766 1650 1918 1731 (his
1978 1649 2332 1732 condic.)
2435 1649 2659 1714 Omnis

349 1776 479 1839 pax
525 1755 1021 1821 condicionibus
1066 1756 1176 1834 fit,
1243 1757 1384 1822 haec
1449 1757 1552 1822 vel
1619 1757 1735 1821 illa
1802 1780 1932 1841 pax
1997 1758 2099 1824 his
2156 1758 2258 1822 vel
2315 1758 2446 1822 illis
2505 1779 2660 1825 con-

349 1863 736 1929 dicionibus,
836 1864 1043 1929 Prave
1100 1866 1185 1930 ad
1244 1864 1723 1930 defendendam
1780 1868 2183 1950 pronominis
2241 1868 2659 1932 omissionem

347 1971 672 2036 eiusmodi
717 1972 1188 2037 adscribuntur
1230 1972 1377 2052 loci,
1422 1975 1490 2037 in
1535 1974 1776 2055 quibus
1822 1975 1979 2038 addi
2023 1997 2153 2040 non
2198 1977 2435 2058 potuit,
2467 1977 2658 2058 'quod

344 2100 476 2143 non
544 2086 739 2145 certae
807 2080 1227 2145 condiciones
1294 2081 1785 2163 significantur,
1854 2083 1973 2147 sed
2037 2084 2337 2148 universe
2405 2083 2658 2166 aliquid

347 2195 565 2252 actum
612 2186 697 2267 (v.
745 2207 799 2252 c.
845 2187 1005 2253 urbs
1052 2188 1303 2271 dedita)
1352 2188 1849 2255 condicionibus
1897 2198 2171 2273 pactove
2220 2189 2477 2270 dicitur,
2526 2212 2652 2255 non

348 2296 408 2358 vi
453 2293 823 2360 confectum
869 2297 1220 2361 victorisvc
1265 2297 1539 2362 arbitrio
1584 2299 1995 2381 permissum.

519 2402 676 2486 Cap.
736 2407 805 2482 8,
877 2409 913 2467 7
973 2405 1068 2484 (in
1138 2405 1575 2488 descriptione
1637 2408 1912 2470 convivii
1969 2407 2145 2490 apud
2201 2407 2475 2471 Ninnios
2536 2406 2654 2472 Ce-

345 2511 543 2599 lereS,
623 2510 800 2594 apud
869 2532 1032 2593 quos
1097 2512 1432 2577 Hannibal
1502 2512 1747 2596 Capuae
1815 2513 2349 2597 deversabatur):
2430 2515 2654 2581 Unus

348 2640 487 2683 nec
568 2619 1072 2685 dominorum
1137 2621 1643 2688 invitatione
1710 2643 1852 2687 nec
1919 2622 2177 2708 ipsius
2245 2624 2655 2690 interdum

348 2727 845 2792 Hannibalis
913 2728 990 2810 (P
1052 2728 1591 2808 HannibicuS,
1663 2752 1698 2795 a
1771 2752 1971 2796 manu
2040 2737 2077 2795 2
2151 2733 2390 2798 litterae
2471 2735 2653 2800 bicu

348 2837 632 2901 inductae
700 2843 768 2900 et
823 2836 844 2898 Ι
903 2858 1104 2919 supra
1171 2837 1519 2920 scriptum)
1583 2837 1971 2904 Calavius
2028 2839 2107 2920 (P
2163 2862 2333 2905 man.
2385 2847 2422 2906 2
2483 2850 2550 2907 et
2606 2843 2654 2907 C

346 2942 655 3025 Calavi)
712 2942 949 3008 filius
996 2945 1344 3026 perhola
1391 2944 1469 3025 (P.
1514 2967 1596 3010 m.
1648 2952 1685 3010 2
1732 2954 1799 3011 et
1845 2945 1893 3010 C
1941 2949 2347 3031 perholla)
2395 2952 2656 3015 vinum

345 3053 575 3134 potui
634 3053 809 3134 ipse
872 3050 949 3133 (C
1009 3054 1173 3117 vini
1227 3054 1569 3136 impotui
1626 3054 1832 3136 ipse,
1902 3077 1984 3118 m.
2033 3061 2069 3119 2
2119 3056 2285 3121 vini
2333 3059 2649 3140 impotu

340 3159 542 3242 ipse)
582 3159 1141 3226 valetudinem
1177 3180 1596 3240 excusans,
1643 3168 1882 3245 patre
1919 3162 1996 3244 (P
2033 3166 2375 3246 patrem)
2411 3167 2652 3230 animi

341 3287 655 3349 quoque
734 3267 944 3332 haud
1023 3267 1477 3333 mirabilem
1545 3270 2257 3351 perturbationem
2313 3272 2390 3353 (P
2447 3275 2655 3338 iter·

345 3374 938 3456 turbationem)
1007 3382 1413 3440 causante.
1526 3378 1727 3443 Posui
1784 3378 2033 3457 locum,
2103 3381 2652 3461 quemadmodum

342 3483 412 3546 in
456 3483 507 3546 P
554 3483 893 3560 scribitur,
963 3482 1282 3548 adnotata
1336 3486 1656 3550 varietate
1715 3486 1959 3553 codicis
2007 3486 2085 3567 C,
2154 3495 2229 3553 ut
2284 3498 2652 3573 appareret,

345 3590 450 3655 hic
512 3612 772 3673 quoque
831 3611 979 3654 eum
1025 3612 1066 3655 a
1110 3612 1307 3656 manu
1354 3596 1391 3655 2
1438 3592 1756 3659 Puteanei
1811 3596 2128 3677 pendere,
2197 3618 2349 3662 suos
2395 3620 2684 3682 errores„

344 3704 413 3762 et
459 3705 737 3763 conatus
784 3698 1061 3778 addere3
1120 3706 1489 3765 ceterorum
1547 3704 1893 3785 scripturae
1948 3712 2247 3770 monstra
2290 3705 2444 3771 hinc
2490 3715 2654 3786 orta,

346 3806 606 3870 etiamsi
651 3805 1232 3872 Drakenborchius
1277 3830 1410 3872 non
1458 3809 1818 3887 omisisset,
1885 3812 2049 3876 nihil
2108 3819 2329 3878 tamen
2390 3815 2475 3880 ad
2519 3837 2655 3881 rem

345 3914 773 3996 pertinerent.
885 3915 1224 3981 Edebatur
1292 3917 1378 3981 ad
1446 3924 1741 3982 nostrum
1811 3925 2100 4003 tempus:
2186 3918 2501 3988 Calavii
2557 3923 2656 3987 fi-

347 4020 503 4086 lius
572 4021 912 4087 Perolla
992 4025 1202 4088 vinci
1282 4027 1575 4108 potuit.
1698 4027 1983 4106 Nomen,
2051 4029 2228 4108 quod
2308 4029 2658 4097 infeliciter

348 4127 572 4193 fictum
632 4127 881 4196 Calavii
947 4131 1083 4196 filio
1152 4133 1529 4216 impositum
1598 4141 1770 4214 erat,
1836 4141 2015 4200 recte
2085 4136 2654 4205 Weissenbornius

350 4236 648 4319 sustulit3
706 4241 866 4304 satis
910 4241 965 4304 is
1013 4240 1239 4322 gentili
1283 4242 1545 4307 nomine
1591 4242 1995 4324 significatur
2039 4251 2124 4324 et,
2172 4247 2227 4310 si
2272 4267 2646 4330 praenomen
2682 4257 2829 4326 (259)

348 4344 567 4408 Livius
615 4368 856 4429 ponere
902 4349 1241 4428 voluisset,
1310 4349 1435 4413 iam
1496 4351 1563 4414 in
1620 4351 1954 4433 superiore
2000 4352 2069 4422 id
2114 4356 2496 4421 narratione
2540 4376 2656 4439 po-

346 4454 603 4518 suisset.
719 4455 905 4532 Quod
964 4464 1185 4522 autem
1241 4457 1412 4521 idem
1471 4458 1675 4522 dubia
1730 4460 2103 4543 suspicione
2161 4462 2398 4528 edidit:
2468 4484 2655 4547 per-
