3230 5282
672 628 796 684 Lib.
832 625 1007 710 xm.
1763 615 1886 678 648

668 809 780 868 tur
858 800 1112 866 Livius.
1158 800 1532 886 scripsisse:
1623 799 2125 885 perduxerat
2210 800 2593 882 Rhodios,
2683 808 2769 867 ut
2841 809 2948 868 cet.

669 908 892 975 Etiam
926 909 1116 990 XLV,
1161 912 1253 990 13,
1288 913 1362 974 12
1407 930 1528 994 pro
1563 908 2053 993 perduceret
2096 911 2165 975 in
2190 909 2417 976 codice
2452 911 2767 978 scribitur
2798 933 2949 997 per-

668 1019 1001 1084 viceret.
1094 1016 1438 1102 [Potiusne
1497 1018 1964 1102 pervicerat
2023 1018 2236 1103 apud
2281 1019 2683 1086 Rhodios?
2754 1017 2952 1103 1864]

840 1125 996 1212 Cap.
1044 1130 1147 1206 46,
1196 1130 1232 1190 6
1280 1125 1376 1208 (in
1419 1146 1740 1211 responso
1775 1125 2001 1192 Persei
2044 1128 2281 1212 legatis
2317 1129 2401 1195 ab
2437 1127 2713 1195 Rhodiis
2752 1127 2953 1210 dato):

668 1257 761 1303 ne
808 1235 1002 1321 quid
1059 1235 1155 1302 ab
1216 1234 1568 1301 Rhodiis
1638 1240 2019 1318 speraret
2084 1235 2257 1320 (cod.
2315 1236 2769 1322 separaret)
2835 1243 2956 1303 aut

669 1351 994 1431 peteret
1079 1365 1249 1424 rsit,
1341 1343 1549 1427 quod
1648 1350 2006 1410 veterem
2103 1345 2586 1426 amicitiam,
2690 1345 2956 1411 multis

667 1455 1145 1537 magnisque
1210 1453 1533 1519 meritis
1591 1473 1797 1537 pace
1855 1452 2248 1537 belloque
2293 1459 2643 1539 partam,
2704 1453 2957 1519 diiun-

666 1569 896 1646 geret
964 1562 1124 1628 sibi
1191 1562 1286 1628 ab
1353 1560 1754 1628 Romanis.
1845 1560 2173 1644 Perquam
2228 1562 2464 1628 mirum
2507 1563 2820 1647 loquendi
2862 1583 2959 1646 ge·

667 1693 811 1751 nus,
883 1671 1317 1754 diiungere‘
1374 1669 1631 1736 alicui
1676 1669 2129 1735 amicitiam
2183 1670 2278 1736 ab
2326 1670 2642 1756 aliquo:
2689 1671 2962 1738 debebat

668 1780 798 1845 dici
846 1801 1015 1845 cum
1070 1779 1482 1858 Romanis:
1553 1779 1678 1844 etsi
1733 1778 1804 1843 id
1849 1798 2110 1862 quoque
2156 1781 2370 1845 minus
2417 1781 2738 1845 usitatum
2784 1780 2959 1846 foret.

669 1887 799 1956 Sed
865 1888 1086 1953 Livius
1154 1889 1536 1972 scripserat:
1629 1885 2105 1970 diiungeret
2185 1887 2347 1953 sibi
2429 1908 2510 1952 ae·
2574 1889 2961 1954 Romanis.

664 1999 832 2064 Tum
876 1995 938 2081 (ξ
979 1996 1044 2079 ’7)
1084 1996 1531 2062 scribendum:
1577 1994 1943 2060 Boeotiae
1989 2015 2304 2080 quoque
2352 1997 2739 2063 civitates
2787 1996 2965 2061 The·

665 2106 807 2174 bas
876 2112 957 2172 et
1025 2103 1467 2172 Coroneam
1525 2110 1603 2169 et
1659 2103 2160 2182 Haliartum,
2229 2104 2649 2185 adierunt3
2717 2105 2861 2171 cod.
2905 2110 2968 2169 et

667 2214 812 2280 edd.
862 2220 940 2280 et
983 2212 1320 2292 Thebas,
1368 2215 1561 2297 quasi
1608 2232 1835 2279 omnes
1871 2213 2240 2278 enumerari
2276 2213 2712 2296 significetur:
2760 2221 2966 2279 ortum

667 2328 748 2388 et
794 2342 873 2388 ex
919 2323 1220 2407 sequenti
1275 2321 1388 2400 th,
1447 2327 1522 2386 ut
1577 2342 1630 2386 c.
1682 2325 1781 2401 3¹7,
1827 2325 1886 2386 4.
1979 2319 2042 2405 [ἓ
2097 2325 2149 2400 1,
2195 2320 2308 2386 ubi
2354 2320 2664 2405 Grynaeus
2735 2321 2965 2387 edidit:

667 2436 745 2495 et
787 2428 1263 2513 Byzantium
1311 2437 1387 2496 et
1433 2430 1800 2496 Rhodum
1845 2429 2182 2497 litteras
2227 2429 2537 2511 legatis
2582 2429 2968 2496 ferendas

531 2565 536 2568 ·
667 2536 925 2617 dedit,
973 2531 1058 2603 in‘
1100 2537 1241 2604 cod.
1312 2546 1440 2605 est:
1502 2546 1567 2604 et
1635 2537 1707 2603 B.
1779 2544 1856 2605 et
1921 2538 2056 2604 Rh.
2125 2545 2200 2604 et
2265 2539 2526 2623 legati
2590 2538 2969 2605 ferendas

669 2647 909 2713 dedit.
977 2648 1320 2714 Excidisse
1367 2648 1671 2733 quaedam
1716 2645 2055 2714 Creverius
2099 2646 2283 2728 vidit,
2333 2669 2606 2733 quorum
2652 2648 2796 2715 haec
2843 2648 2971 2715 fere

668 2757 996 2823 sententia
1040 2756 1195 2822 fuit:
1264 2765 1342 2823 et
1385 2756 1865 2842 Byzantium
1931 2764 2009 2822 et
2066 2756 2427 2823 Rhodum
2490 2763 2568 2822 et
2622 2758 2700 2822 in
2760 2758 2971 2822 alias

667 2865 1048 2930 civitates
1093 2864 1429 2932 litteras
1478 2865 1569 2931 de
1619 2865 1893 2931 eadem
1937 2886 2020 2931 re
2069 2865 2417 2945 dimisit3
2484 2871 2625 2931 tum
2670 2864 2973 2929 subiicie-

665 2972 894 3038 batur:
965 2973 1333 3040 Rhodum
1400 2975 1645 3040 etiam
1700 2974 2004 3057 legatis
2063 2973 2447 3040 ferendas
2506 2972 2750 3038 dedit.
2848 2970 2970 3038 cfr.

666 3077 700 3163 ἓ
748 3084 943 3146 2—3:
1011 3081 1098 3147 In
1156 3082 1474 3148 litteris
1536 3081 1810 3148 eadem
1868 3083 2301 3148 sententia
2344 3081 2441 3147 ad
2487 3101 2752 3146 omnes
2803 3085 2975 3147 erat

663 3224 768 3255 -.
815 3190 1039 3273 Apud
1085 3190 1440 3256 Rhodios
1480 3190 1737 3273 legati
1773 3190 2270 3257 addiderunt
2304 3196 2426 3255 cet.
2500 3187 2713 3272 1864]

841 3297 998 3382 Cap.
1047 3304 1148 3378 47,
1199 3302 1235 3363 3
1296 3298 1438 3381 (ubi
1487 3297 1559 3376 Q.
1607 3299 1892 3364 Marcius
1950 3305 2017 3364 et
2071 3300 2145 3363 A.
2193 3299 2435 3365 Atilius
2480 3297 2853 3382 gloriantur
2894 3296 2969 3361 de

666 3405 942 3492 decepto
988 3404 1107 3492 pei·
1144 3406 1432 3473 indutias
1478 3414 1544 3473 et
1580 3428 1765 3492 spem
1798 3408 1981 3492 pacis
2016 3407 2280 3485 Perseo,
2326 3406 2504 3489 quod
2542 3407 2599 3471 is
2634 3408 2858 3472 omnia
2891 3403 2970 3470 ad

666 3515 911 3581 bellum
953 3522 1328 3601 praeparata
1371 3515 1698 3596 habuerit,
1745 3517 2022 3582 Romani
2068 3514 2293 3597 nihil):
2364 3513 2463 3599 Sp
2480 3515 2647 3580 atio
2707 3522 2970 3579 autem

666 3624 1169 3689 indutiarum
1215 3630 1562 3708 sumpto,
1607 3631 2038 3690 venturum
2083 3623 2311 3689 illum
2355 3623 2619 3688 nihilo
2665 3624 2968 3707 parati·

668 3752 905 3813 orem,
955 3732 1346 3798 Romanos
1394 3732 1761 3798 omnibus
1807 3733 2404 3799 instructiores
2449 3731 2705 3797 rebus·
2740 3751 2967 3814 coep-

667 3845 895 3906 turos
940 3840 1255 3907 bellum.
1323 3840 1467 3906 Non
1513 3848 1697 3907 recto
1741 3841 1885 3906 loco
1921 3842 2187 3924 ponitur
2231 3846 2673 3918 venturum:
2717 3838 2968 3904 namin

670 3950 998 4015 contrarie
1042 3948 1271 4014 relatis
1316 3949 1548 4014 illum
1594 3950 1782 4015 initio
1828 3951 1985 4034 poni
2025 3948 2324 4016 debebat.
2397 3948 2526 4013 Sed
2561 3946 2968 4013 manifestius

665 4057 886 4122 mendi
929 4057 1243 4123 indicium
1290 4057 1494 4123 codex
1539 4058 1807 4141 praebet,
1852 4059 1920 4123 in
1966 4078 2097 4142 quo
2137 4058 2478 4124 scribitur:
2523 4091 2610 4102 —
2654 4062 2965 4140 sumpto

667 4165 779 4231 hae
826 4186 994 4232 cum
1037 4174 1460 4232 venturum
1504 4165 1733 4231 illum
1781 4172 1904 4233 cet.
1993 4167 2424 4251 Perspicuum
2471 4170 2602 4244 est,
2648 4166 2965 4229 universae

665 4274 763 4340 rei
830 4273 1286 4356 declarationi,
1365 4294 1510 4359 quse
1578 4276 1953 4341 continetur
2019 4274 2268 4341 verbis:
2361 4272 2642 4358 Spatio
2707 4308 2793 4318 -
2858 4271 2966 4336 hae

665 4402 833 4448 cum
879 4390 1316 4463 venturum,
1363 4382 1631 4466 adiungi
1677 4382 2176 4468 explicationem
2213 4382 2411 4447 hanc:
2454 4381 2688 4446 illum
2735 4379 2962 4461 (enim)

493 4501 634 4573 (53⁷)
672 4489 934 4556 nihilo
980 4492 1506 4576 paratiorem,
1544 4491 1937 4556 Romanos
1975 4490 2343 4557 omnibus
2378 4490 2963 4555 instructiores

663 4598 903 4665 rebus
940 4606 1373 4684 coepturos
1418 4598 1737 4665 bellum.
1804 4598 1944 4665 Nec
1979 4598 2268 4665 dubitari
2306 4598 2498 4664 facile
2534 4604 2768 4682 potest,
2803 4596 2961 4680 quin

2826 5074 3069 5169 Ah
