3230 5282
626 593 750 649 Lib.
787 593 986 648 XLIV.
1719 585 1841 646 682

632 765 717 850 [P]
762 768 1101 849 primam
1148 769 1505 852 speciem
1549 769 2313 854 appropinquantis
2347 769 2714 835 terroris
2761 789 2931 834 sus·

630 875 1065 956 tinuisset‚
1144 896 1402 959 neque
1486 885 1878 962 receptus
1961 878 2341 944 Romanis
2420 898 2570 962 per
2636 878 2930 960 Tempe

634 982 801 1066 (cod.
853 985 1265 1050 Romanus
1333 993 1691 1070 partem3
1760 986 1955 1070 paulo
2025 993 2177 1051 ante
2245 984 2279 1069 5
2327 991 2363 1050 5
2422 992 2489 1052 et
2546 984 2718 1051 insta
2764 983 2797 1067 ἓ
2850 987 2926 1047 12

634 1099 1009 1177 pertemp
1058 1092 1398 1173 scribitur,
1460 1095 1672 1160 altero
1737 1095 1885 1162 loco
1932 1092 2160 1160 addito
2220 1102 2467 1178 puncto
2513 1101 2667 1176 post
2725 1093 2789 1175 p)
2847 1092 2929 1156 in

635 1200 1145 1267 Thessaliam
1211 1223 1464 1285 neque
1555 1202 2151 1271 commeatibus
2233 1200 2771 1287 pervehendis
2837 1220 2927 1265 eo

634 1309 1055 1390 patuisset
1119 1310 1298 1374 iter.
1390 1308 1591 1377 Sunt
1658 1314 1861 1377 enim
1905 1314 2196 1396 Tempe
2242 1310 2543 1389 saltus,
2602 1308 2925 1375 etiamsi

630 1437 781 1481 non
826 1417 1046 1482 bello
1112 1415 1268 1483 fiat
1327 1416 1716 1500 infestus,
1774 1421 2143 1487 transitu
2199 1418 2604 1485 difficilis.
2695 1416 2925 1499 Neque

632 1525 714 1590 ad
762 1526 1004 1609 Tempe
1052 1547 1263 1609 neque
1307 1528 1375 1592 in
1409 1527 1820 1594 Thessaliam
1866 1527 2261 1613 pervehendi
2295 1533 2695 1593 commeatus
2742 1534 2927 1591 erant

633 1632 944 1698 Romanis
989 1633 1443 1701 Macedoniam
1486 1637 1820 1720 ingressis3
1869 1639 2093 1722 itaque
2149 1658 2281 1703 non
2337 1657 2423 1702 eo
2486 1635 2669 1700 Livio
2721 1635 2925 1717 scrip-

635 1741 800 1805 sisse
844 1747 1033 1824 puto‚
1093 1742 1269 1827 quod
1313 1744 1814 1810 alterumutrum
1859 1766 1938 1810 ex
1984 1746 2097 1825 iis,
2143 1764 2290 1825 quae
2334 1744 2500 1824 dixi,
2546 1742 2925 1827 significare

634 1848 856 1928 debet,
926 1850 1043 1916 sed
1110 1872 1198 1918 ea
1266 1850 1412 1936 (per
1455 1852 1745 1936 Tempe).
1834 1853 1910 1918 In
1978 1852 2258 1919 eandem
2322 1853 2722 1918 sententiam
2778 1871 2927 1916 mox

633 1954 694 2039 (ἓ
746 1957 849 2039 12)
894 1959 1230 2025 scribitur:
1298 1960 1767 2027 Intercluso
1835 1982 1974 2045 per
2037 1961 2323 2045 Tempe
2391 1958 2631 2026 simul
2700 1959 2928 2025 aditu

634 2069 1247 2149 commeatibus,
1294 2069 1529 2134 simul
1573 2069 1887 2150 reditu,
1931 2070 2093 2154 ipsi
2135 2075 2479 2150 montes,
2526 2088 2677 2152 per
2723 2087 2922 2150 quos

634 2173 1256 2257 descenderant,
1305 2177 1731 2261 repetendi
1777 2177 1947 2261 (cod.
2005 2177 2460 2260 tepentedi)
2509 2183 2767 2256 erant,
2814 2173 2925 2240 ubi

459 2283 600 2355 (5⁶⁶)
638 2289 865 2365 aperte
911 2291 977 2350 et
1023 2286 1352 2351 sententia
1397 2292 1462 2351 et
1507 2286 1826 2353 orationis
1869 2285 2080 2352 forma
2127 2284 2455 2369 postulat,
2503 2291 2578 2350 ut
2620 2284 2926 2350 restitua-

637 2397 774 2455 tur:
843 2392 1073 2458 simul
1143 2393 1369 2460 aditu
1414 2394 2026 2476 commeatibuS,
2084 2394 2322 2461 simul
2376 2392 2649 2459 reditu
2711 2391 2923 2474 ipsis,

636 2508 939 2565 montes
1006 2508 1127 2567 cet.
1220 2501 1550 2568 Contrarii
1617 2509 1949 2586 ponuntur
2010 2504 2306 2571 homines
2373 2509 2441 2568 et
2508 2509 2925 2578 commeatus

638 2607 857 2674 aditus
923 2616 988 2675 et
1052 2609 1322 2676 reditus.
1428 2611 1807 2697 Sequuntur
1871 2610 2008 2677 haec
2076 2609 2137 2694 (ξ
2206 2610 2303 2691 8):
2370 2609 2430 2675 Ν
2448 2631 2563 2676 am
2628 2617 2925 2694 proeter

638 2719 1068 2799 angustias
1136 2740 1276 2803 per
1341 2722 1700 2803 quinque
1767 2719 2056 2801 millia,
2138 2741 2293 2803 qua
2368 2720 2743 2802 exiguum
2809 2719 2925 2783 iu·

598 2834 900 2892 ·mento
946 2834 1237 2895 onusto
1282 2830 1442 2894 iter
1487 2836 1637 2909 est,
1682 2849 1918 2912 rupes
1965 2830 2376 2910 utrimque
2420 2827 2540 2893 ita
2581 2827 2925 2893 abscisae

637 2942 849 3015 sunt,
919 2941 1004 3000 ut
1049 2935 1370 3020 despici
1416 2938 1540 3001 vix
1585 2937 1758 3002 sine
1825 2937 2235 3019 vertigine
2296 2934 2629 3019 quadam
2685 2935 2923 3001 simul

636 3042 1059 3109 oculorum
1115 3046 1518 3131 animique
1575 3046 1860 3130 possit.
1965 3045 2255 3111 Terret
2321 3050 2403 3110 et
2460 3045 2788 3109 sonitus
2847 3050 2923 3108 et

634 3151 995 3218 altitudo
1041 3174 1184 3238 per
1228 3153 1566 3218 mediam
1621 3153 1910 3219 vallem
1963 3152 2313 3218 fluentis
2357 3151 2599 3217 Penei
2654 3152 2920 3218 amnis.

633 3261 778 3326 Non
823 3267 1000 3327 recte
1046 3260 1128 3326 ab
1175 3261 1495 3344 angustiis
1541 3268 1937 3346 separantur
1980 3283 2209 3345 rupeS,
2258 3281 2403 3343 quae
2448 3262 2788 3343 angustias
2831 3260 2922 3325 fa·

635 3370 814 3434 ciunt
839 3368 1180 3453 ·(praeter
1212 3370 1638 3453 angustias
1671 3404 1758 3415 —
1790 3371 2091 3454 rupes);
2127 3374 2357 3435 contra
2387 3376 2567 3434 recte
2591 3370 2921 3453 angustia·

631 3498 776 3541 rum
821 3478 1060 3543 terrori
1126 3478 1500 3561 adiungitur
1565 3478 1776 3543 amnis
1842 3477 2015 3543 infra
2080 3476 2308 3543 fluens.
2402 3475 2626 3543 Codex
2693 3476 2918 3543 habet:

635 3587 1516 3669 onustointerstrupes.
1607 3585 1706 3679 Εις
1763 3592 1836 3651 st
1877 3584 2253 3652 faciendum
2299 3591 2400 3651 est
2455 3590 2562 3663 et,
2630 3587 2921 3651 oratione

632 3694 726 3757 sic
771 3694 1182 3758 continuata:
1251 3693 1441 3759 Nam
1509 3702 1802 3777 praeter
1868 3695 2300 3777 angustias
2366 3727 2470 3772 —‚
2527 3713 2685 3777 qua
2755 3694 2921 3757 exi·

633 3822 867 3883 guum
910 3802 1264 3868 iumento
1312 3809 1599 3868 onusto
1667 3803 1825 3867 iter
1891 3809 1967 3868 et
2020 3822 2266 3887 rupes
2323 3803 2736 3882 utrimque
2805 3803 2921 3866 ita

635 3909 980 3975 abscisae
1028 3915 1238 3989 sunt,
1283 3918 1368 3975 ut
1414 3909 1729 3994 despici
1773 3910 1901 3974 vix
1946 3912 2121 3976 sine
2169 3910 2576 3991 vertigine
2618 3943 2708 3955 —
2751 3929 2917 3993 pos·

634 4018 756 4095 sit,
805 4024 1068 4083 terret
1112 4026 1190 4083 et
1236 4019 1548 4083 sonitus
1594 4025 1671 4083 et
1706 4018 2067 4085 altitudo
2112 4020 2305 4096 cet.¹)
2378 4016 2438 4101 [ἓ
2469 4022 2543 4082 17
2592 4038 2671 4083 eo
2717 4017 2916 4101 magis

672 4290 722 4356 ι)
769 4286 801 4358 ξ
862 4290 924 4343 10
987 4262 1346 4344 scribendum
1397 4307 1526 4345 cum
1584 4290 2074 4347 Drakenborchio:
2130 4291 2427 4346 alterum
2480 4291 2547 4344 in
2602 4287 2913 4359 Condylo

769 4375 1075 4429 castello.
1147 4375 1376 4431 Vax-iata
1414 4376 1593 4431 oratio
1630 4377 1709 4430 ita
1743 4375 1881 4430 ferri
1918 4376 2114 4444 debet,
2172 4377 2219 4431 si
2267 4377 2485 4445 singula
2533 4380 2687 4431 recte
2726 4374 2911 4430 dicun·

774 4465 890 4529 tut-3
929 4462 984 4513 ln
1019 4461 1281 4516 haustum
1316 4467 1401 4517 est
1432 4460 1791 4532 praecedente
1829 4477 1890 4515 m.
