3230 5282
575 604 700 656 Lib.
738 603 856 656 XL.
1003 647 1009 652 .
1679 593 1800 651 590

574 774 721 852 dem
755 773 1012 837 inclusa
1046 795 1176 857 quo
1223 776 1619 858 pertineant,
1666 774 2105 854 intellegitur3
2166 771 2881 857 plusquamperfectum

573 883 744 946 enim
789 883 1192 965 superiorem
1239 883 1431 947 domo
1471 882 1945 966 profectionem
1982 880 2351 963 significare
2386 880 2661 960 videtur,
2698 881 2883 942 cuius

570 991 695 1054 hoc
717 990 882 1060 ⁴loco
931 990 1514 1054 commemorandae
1550 990 1736 1054 nulla
1771 991 2043 1053 minima
2078 1010 2285 1053 causa
2323 995 2450 1068 est;
2495 1008 2617 1052 nec
2653 987 2880 1051 domo

571 1099 786 1163 omitti
835 1104 1123 1180 poterat3
1170 1119 1343 1161 nunc
1392 1120 1505 1162 eos
1553 1104 1707 1181 post
1753 1096 2299 1161 deliberationem
2347 1094 2665 1160 Clondico
2713 1094 2881 1158 duce

570 1208 638 1270 in
681 1207 1088 1270 Dardaniam
1134 1206 1463 1289 profectos
1499 1259 1515 1271 .
1532 1228 1697 1284 esse,
1766 1227 1898 1269 non
1952 1211 2216 1289 poterat
2285 1206 2420 1269 isto
2480 1204 2674 1268 modo
2733 1201 2880 1265 dici.

569 1314 938 1397 Scripserat
987 1313 1240 1378 Livius:
1289 1315 1673 1395 Triginta
1717 1314 1980 1377 millia
2014 1313 2448 1390 hominum,
2488 1309 2879 1375 Clondico

395 1435 535 1503 (483)
575 1422 798 1500 duce,
845 1442 985 1498 quo
1021 1423 1368 1505 profecti
1408 1429 1665 1502 erant,
1703 1427 2271 1505 pervenerunt,
2308 1422 2433 1485 hoc
2460 1427 2577 1498 est,
2613 1421 2680 1483 in
2715 1418 2878 1481 Dar-

572 1531 851 1608 daniam,
872 1551 1070 1610 quam
1095 1530 1178 1594 ab
1204 1532 1391 1594 initio
1411 1533 1746 1612 petierant
1761 1532 2144 1611 itinerisque
2161 1528 2357 1592 finem
2374 1532 2876 1612 proposuerant.

568 1639 819 1702 Deinde
880 1660 1000 1720 pro
1048 1636 1623 1719 Appolloniam
1690 1639 2222 1702 meridianam
2280 1638 2345 1700 in
2407 1636 2560 1702 edit.
2608 1635 2799 1699 Frob.
2843 1632 2876 1696 I

571 1746 720 1808 sine²
767 1744 904 1808 ulla
966 1745 1435 1827 probabilitate
1505 1747 1934 1811 substitutum
2003 1752 2132 1809 est:
2202 1744 2252 1807 T
2268 1767 2301 1808 r
2320 1767 2356 1809 a
2372 1766 2413 1806 n
2434 1767 2465 1808 s
2482 1745 2523 1807 d
2541 1765 2633 1807 an
2649 1765 2690 1807 u
2704 1743 2744 1806 b
2759 1743 2782 1805 i
2797 1763 2877 1804 a·

567 1873 665 1916 na
682 1874 744 1915 m
812 1854 981 1934 regi
999 1873 1035 1916 o
1054 1874 1096 1915 n
1113 1874 1146 1916 e
1163 1875 1254 1931 m,
1312 1861 1673 1935 posteaque
1734 1861 2063 1918 servatum
2080 1903 2094 1931 ,
2151 1854 2275 1916 nisi
2323 1853 2500 1935 quod
2548 1851 2874 1914 Weissen-

570 1959 840 2023 bornius
887 1958 1408 2043 Apolloniam
1477 1962 2149 2026 mediterraneam
2208 1963 2627 2043 regionem
2674 1958 2875 2039 scrip-

564 2069 667 2146 sit,
715 2067 875 2149 quid
924 2068 1045 2131 sub
1093 2068 1207 2150 Ap
1229 2090 1264 2132 o
1281 2069 1617 2133 lloniam
1662 2070 1931 2148 lateret,
1979 2072 2281 2150 ignorare
2331 2090 2400 2132 se
2445 2067 2661 2131 fassus
2708 2065 2873 2130 obli-

561 2181 800 2258 tusque
817 2225 830 2252 ‚
899 2175 1306 2240 Dardaniam
1371 2198 1501 2239 non
1567 2178 1786 2241 minus
1844 2177 2398 2242 mediterraneam
2453 2174 2657 2239 fuisse
2674 2225 2688 2251 ‚
2743 2192 2867 2236 nec

563 2283 826 2346 omnino
852 2282 1021 2347 ullos
1045 2282 1518 2347 Bastarnarum
1543 2285 1629 2346 ad
1653 2305 1833 2347 mare
1871 2305 2259 2367 progressos
2296 2284 2518 2349 fuisse.
2567 2281 2870 2347 Scriben-
2937 2350 2942 2354 ,

561 2388 715 2453 dum
762 2394 925 2468 erat,
977 2389 1238 2453 excluso
1284 2392 1508 2474 inepto
1549 2392 2005 2475 supplemento
2028 2416 2041 2470 3
2090 2411 2175 2468 aq
2193 2391 2566 2453 uiloniam
2611 2412 2691 2453 re
2711 2389 2869 2470 gio-

559 2520 602 2560 n
621 2518 734 2560 em
778 2518 915 2579 rep
932 2498 1042 2560 eti
1061 2498 1140 2560 it.
1213 2497 1312 2562 Ab
1361 2500 1667 2581 aquilone
1716 2502 1887 2564 enim
1933 2501 1999 2564 in
2046 2499 2504 2564 Macedoniam
2550 2506 2616 2562 et
2662 2497 2868 2559 Thra-

560 2605 727 2669 ciam
774 2604 1265 2670 descenderant.

731 2711 890 2795 Cap.
940 2718 1038 2793 59,
1095 2719 1133 2778 8
1192 2715 1284 2795 (in
1353 2717 1808 2799 prodigiorum
1877 2716 2526 2796 commemoratione)
2596 2714 2723 2777 etsi
2788 2713 2868 2789 is,

559 2820 675 2903 qui
740 2820 946 2885 Iulius
1015 2821 1402 2906 Obsequens
1477 2825 1746 2904 dicitur,
1816 2833 1882 2888 et
1936 2825 2146 2903 lana,
2203 2824 2382 2906 quod
2450 2824 2518 2886 in
2574 2822 2867 2885 editione

556 2928 945 3010 Moguntina
991 2937 1112 3010 est,
1159 2933 1224 2995 in
1272 2953 1390 2996 suo
1440 2933 1663 2997 codice
1707 2932 1943 2996 habuit
1988 2939 2053 2996 et
2089 2932 2362 2996 eandem
2409 2930 2725 2996 orationis
2770 2929 2868 2990 in-

555 3039 1082 3119 terpunctionem
1121 3048 1384 3103 secutus
1421 3046 1541 3118 est,
1591 3041 1883 3104 dubitari
1917 3046 2140 3104 tamen
2175 3041 2422 3122 nequit,
2469 3039 2627 3122 quin
2668 3029 2865 3099 scribi

557 3145 825 3210 debeat:
873 3146 1228 3235 lanxque
1277 3169 1444 3210 cum
1490 3149 2111 3229 integumentiS‚
2186 3170 2347 3229 quae
2408 3148 2567 3213 Iovi
2616 3163 2866 3226 appo-

557 3254 724 3318 sita
767 3254 955 3333 fuit,
1006 3253 1315 3317 decidit
1362 3256 1451 3318 de
1498 3277 1780 3319 mensa.
1874 3257 2116 3321 Oleas
2176 3279 2491 3340 quoque
2560 3273 2867 3337 praegu-

556 3367 828 3426 stasse
874 3383 1167 3439 mure8‚
1215 3363 1293 3431 in
1339 3364 1815 3445 prodigium
1861 3385 2179 3428 versum
2226 3372 2351 3429 est
2411 3363 2660 3445 (vulgoz
2732 3360 2867 3421 de-

557 3469 781 3532 cidit.
873 3469 982 3532 De
1027 3491 1300 3533 mensa
1346 3470 1568 3534 oleas
1617 3492 1932 3553 quoque
1979 3472 2152 3551 cet.).
2232 3474 2450 3537 Lanx
2495 3495 2613 3554 pro
2660 3471 2863 3547 lana,

557 3596 700 3658 quae
745 3596 959 3659 neque
1007 3577 1459 3659 integumenta
1502 3578 1709 3644 habet
1753 3601 1873 3644 nec
1917 3580 1983 3642 in
2027 3602 2254 3646 mensa
2299 3581 2654 3665 apponitur
2672 3629 2685 3655 ,
2735 3576 2864 3639 Cu-

555 3683 699 3767 peri
744 3684 1080 3747 inventum
1141 3691 1270 3764 est3
1337 3693 1588 3750 rectam
1658 3688 1976 3750 orationis
2041 3688 2548 3766 distinctionem,
2620 3688 2675 3752 si
2731 3705 2862 3749 non

553 3813 657 3854 res
703 3792 864 3873 ipsa,
914 3792 1146 3855 saltem
1183 3794 1514 3874 particula
1549 3816 1866 3876 quoque
1912 3803 2283 3861 monstrare
2320 3797 2622 3862 debebat.
2695 3793 2862 3858 Con-

553 3899 866 3978 iungatur
922 3899 1046 3962 hoc
1102 3900 1408 3963 mendum
1468 3901 1911 3981 Obsequentis
1981 3910 2243 3969 {etatem
2300 3926 2655 3987 assequens
2715 3922 2863 3966 cum

553 4005 686 4085 illo,
756 4007 932 4087 quod
1000 4007 1066 4069 in
1131 4006 1259 4071 fine
1329 4007 1481 4071 libri
1548 4008 1826 4072 XXXVI
1896 4010 2025 4092 (45,
2085 4012 2150 4091 9)
2220 4013 2410 4077 fastis
2480 4009 2860 4076 Cassiodori

558 4113 810 4193 oequale
860 4121 976 4177 aut
1021 4116 1355 4196 antiquius
1404 4116 1888 4199 deprehensum
1935 4126 2050 4183 est.
