3230 5282
628 635 754 692 Lib.
789 635 1012 691 XXXV.
1721 625 1845 684 514

634 807 1114 889 avertendi).
1221 806 1379 888 (Cfr.
1427 807 1584 871 Hor.
1636 806 1754 890 Ep.
1803 806 1896 884 ΙΙ,
1966 812 2016 882 1,
2082 810 2154 869 19
2203 804 2408 886 (abl),
2468 805 2613 870 Ter.
2662 807 2781 871 Ad.
2828 806 2940 885 IV,

634 919 702 994 2,
764 919 800 980 6
849 914 1095 996 (dat.).)
1202 914 1300 997 [Si
1356 914 1481 980 hoc
1524 936 1746 978 verum
1794 921 1918 992 est,
1980 933 2129 977 uno
2175 934 2251 977 ex
2299 915 2650 995 postremis
2695 914 2938 979 litteris

630 1023 939 1088 vocabuli
1008 1022 1446 1087 consilium
1514 1029 1745 1087 natum
1802 1027 1868 1085 et
1922 1020 2007 1084 ad
2068 1020 2191 1084 die
2253 1041 2330 1084 ex
2385 1022 2502 1084 rei
2559 1029 2775 1086 ortum
2828 1042 2937 1086 ac·

632 1131 1114 1195 commodatum
1173 1138 1299 1209 est3
1367 1130 1482 1194 sed
1548 1128 1904 1212 pervellem
1966 1127 2052 1191 ad
2107 1127 2365 1192 litteras
2421 1129 2692 1212 propius
2751 1149 2937 1193 acce-

632 1237 787 1303 dere
843 1236 1123 1319 liceret.]
1237 1237 1311 1300 In
1369 1237 1684 1320 proximis
1746 1235 2197 1320 superioribus
2253 1235 2469 1300 verbis
2526 1242 2706 1300 recte
2751 1236 2935 1318 Sigo-

628 1346 780 1410 nius
825 1344 1023 1410 scribi
1067 1345 1305 1410 voluit:
1378 1345 1640 1410 omnia
1696 1344 1977 1408 novari
2021 1343 2235 1408 velle
2285 1343 2433 1427 (pro
2481 1343 2806 1425 novare)
2853 1342 2934 1408 de

628 1452 1005 1518 hominibus
1059 1453 1514 1517 ¹mutationum
1582 1450 1867 1535 cupidiS,
1948 1471 2078 1515 non
2145 1451 2305 1535 ipsis
2372 1472 2595 1516 earum
2663 1451 2937 1516 consilia

629 1559 1040 1643 capientibus
1095 1565 1213 1625 ne'c
1268 1559 1629 1641 quidquam
1673 1580 1796 1623 sua
1840 1564 2073 1642 sponte
2117 1558 2547 1623 moventibus.
2648 1556 2807 1638 (cfr.
2856 1559 2933 1623 de

629 1667 849 1731 mendi
893 1688 1131 1750 genere
1179 1690 1240 1750 p.
1291 1671 1371 1731 38
1416 1673 1552 1732 not.
1602 1665 1691 1747 2.)
1793 1665 1991 1730 Initio
2050 1667 2289 1749 capitis
2334 1674 2487 1749 post
2529 1666 2936 1732 Antiocho

628 1774 883 1857 aliquid
928 1774 1268 1852 excidisse,
1317 1773 1838 1839 animadversum
1883 1774 2015 1837 iam
2059 1794 2100 1837 a
2144 1773 2675 1839 Weissenbornio
2719 1774 2935 1852 vide03

628 1883 956 1947 sententia
1000 1881 1379 1947 huiusmodi
1425 1882 1559 1946 fere
1605 1879 1808 1946 fuisse
1853 1881 2140 1945 videtur:
2208 1879 2423 1959 Inde,
2475 1888 2561 1945 ut
2606 1902 2933 1963 quaeque

631 1990 720 2054 de
787 1989 1184 2055 Antiocho
1263 1989 1460 2052 fana
1527 1989 1790 2051 adlata
1857 1995 2051 2065 erat,
2128 1988 2350 2050 Βίου
2415 1987 2934 2068 excipiebant.

628 2104 698 2160 ct
765 2116 853 2160 ιο
918 2097 1126 2161 nihil
1194 2118 1334 2180 per
1402 2118 1480 2160 se
1540 2097 1702 2180 ipsi
1765 2098 1966 2162 moti
2024 2102 2103 2160 et
2159 2096 2538 2160 sedentes
2597 2116 2933 2179 exspec-

628 2211 803 2269 tare
850 2204 1288 2268 adventum
1333 2202 1811 2269 viderentur
1854 2203 2089 2284 regiS‚
2137 2203 2570 2267 concilium
2616 2203 2935 2284 quidem

627 2319 748 2376 cet.
862 2309 1106 2393 [Aliam
1188 2316 1409 2374 tamen
1480 2312 1924 2394 supplementi
1992 2309 2269 2375 formam
2336 2310 2613 2374 suadere
2681 2309 2936 2375 videtur

625 2418 844 2497 inde,
915 2418 1092 2500 quod
1148 2418 1411 2482 facilius
1469 2418 1553 2482 ad
1601 2415 1993 2483 Corinthum
2051 2417 2339 2482 refertur
2395 2437 2593 2498 quam
2637 2439 2757 2501 pro
2805 2417 2935 2481 de-

626 2525 811 2590 inde
870 2524 1239 2609 accipitur]
1352 2525 1602 2590 Eodem
1661 2525 1879 2608 capite
1939 2524 2139 2607 paulo
2200 2530 2355 2607 post
2419 2521 2480 2606 (ἓ
2531 2524 2596 2604 7)
2655 2545 2797 2606 quae
2855 2524 2935 2588 de

626 2633 996 2699 AEtolorum
1073 2634 1343 2700 consilio
1411 2633 1850 2698 Demetriadis
1936 2630 2335 2716 occupandae
2414 2632 2497 2697 ab
2564 2632 2938 2716 Eurylocho

624 2741 847 2805 exsule
894 2741 1121 2806 adiuto
1167 2748 1557 2819 narrantur,
1633 2758 1858 2804 eorum
1914 2740 2174 2805 initium
2219 2741 2285 2804 in
2333 2739 2668 2805 codicibus
2712 2742 2941 2805 vitiose

625 2851 721 2913 sic
769 2848 1113 2914 scribitur:
1161 2849 1511 2913 Litteris
1557 2846 2006 2930 Eurylochi
2054 2847 2453 2912 admoniti
2499 2848 2939 2931 propinqui

624 2957 1030 3040 amicique
1088 2963 1165 3020 et
1221 2957 1354 3038 qui
1411 2955 1779 3019 eiusdem
1835 2954 2240 3019 factionis
2302 2962 2558 3033 erant,
2627 2954 2939 3019 liberos

626 3073 703 3127 et
762 3065 1188 3145 coniugem
1248 3064 1426 3127 eius
1475 3083 1644 3127 cum
1688 3061 2019 3127 sordida
2064 3069 2320 3141 veste,
2388 3069 2763 3126 tenentes
2808 3084 2937 3126 ve-

627 3171 988 3235 lamenta
1048 3170 1541 3253 supplicum,
1609 3170 2069 3235 contionem
2136 3169 2646 3253 frequentem
2717 3168 2939 3233 adie-

622 3286 839 3357 runt,
910 3276 1282 3359 singulos
1349 3278 1958 3358 universosque
2036 3276 2591 3355 obtestantes,
2660 3298 2751 3341 ne
2818 3278 2938 3340 in-

628 3390 942 3450 sontem
1004 3383 1576 3449 indemnatum
1635 3404 2229 3449 consenescere
2291 3385 2369 3447 in
2430 3383 2678 3448 exilio
2726 3385 2938 3449 sine·

625 3498 825 3556 rent.
932 3489 1119 3568 Quod
1175 3490 1483 3556 editionis
1529 3490 1959 3556 Frob'enianae
2017 3492 2244 3574 primae
2303 3492 2699 3555 auctoritate
2744 3489 2938 3573 vulgo

628 3606 920 3664 tenetur:
980 3600 1461 3664 contionem
1504 3598 2017 3680 frequentem
2063 3597 2288 3664 adire
2334 3597 2631 3677 iubent,
2677 3606 2936 3662 tantum

629 3705 849 3785 abest,
909 3712 1001 3783 ut,
1062 3705 1241 3788 quod
1285 3704 1862 3770 Drakenborchius
1909 3705 2156 3782 scribit,
2220 3726 2299 3769 ex
2344 3705 2410 3768 M
2453 3712 2787 3788 sumptum
2830 3706 2935 3782 sit,

628 3820 734 3893 ut,
804 3834 1007 3894 quum
1075 3813 1142 3876 in
1207 3813 1357 3896 ipsa
1424 3812 1715 3877 editione
1772 3811 1943 3894 Mog.
2003 3812 2403 3877 scriberetur
2457 3810 2942 3895 frequenter

630 3920 1029 3998 adierunt,
1077 3917 1482 3985 Carbachius
1530 3941 1564 3984 e
1613 3919 1755 3984 cod.
1793 3919 2135 3985 adnotarit
2177 3919 2679 4001 frequentem
2725 3919 2936 3983 adie-

630 4034 834 4093 runt.
945 4026 1088 4092 Hoc
1147 4026 1720 4092 Weissenbornius
1776 4028 2055 4111 recepit,
2124 4028 2344 4110 posita
2403 4033 2554 4109 post
2612 4026 2942 4093 sordida

631 4142 856 4199 veste
902 4134 1152 4198 lacunae
1197 4143 1374 4200 nota.
1480 4135 1704 4198 Livius
1751 4135 2089 4217 scripsisse
2137 4134 2426 4198 videtur:
2496 4133 2804 4200 liberos
2862 4142 2939 4197 et

634 4242 1058 4324 coniugem
1106 4243 1280 4306 eius
1324 4276 1440 4321 —-,
1500 4247 1884 4305 tenentes
1941 4241 2403 4305 velamenta
2447 4242 2936 4325 supplicum,

633 4348 711 4410 ln
791 4350 1244 4414 contionem
1325 4347 1849 4431 frequentem
1929 4348 2358 4412 adcierunt
2424 4348 2506 4428 (v,
2576 4347 2941 4413 adduxe-
