3230 5282
1679 570 1801 631 600

759 751 1204 818 Adhibeamus
1237 753 1438 837 igitur
1472 755 1683 820 codici
1705 741 2220 835 vindobonensi,
2268 754 2529 839 qualem
2562 756 2694 820 iam
2731 754 2883 820 Sim.

417 865 564 937 (493)
605 858 919 944 Grynaeus
963 861 1261 945 plurimis
1316 863 1478 928 locis
1538 863 1870 943 adhibuit,
1930 863 2455 929 emendationem
2498 864 2887 948 prudentem

523 1003 530 1010 ·
591 973 658 1032 et
703 975 983 1049 cautam,
1028 992 1159 1035 non
1203 971 1521 1050 timidam,
1568 973 1911 1036 sententiae
1957 979 2023 1037 et
2057 973 2372 1042 orationis
2406 971 2700 1056 pondera
2733 994 2886 1037 exa-

589 1076 947 1141 minantem
993 1084 1059 1142 et
1100 1078 1356 1143 librarii
1401 1079 1942 1145 consuetudinem
1987 1079 2531 1160 considerantem,
2578 1102 2708 1145 non
2754 1082 2886 1145 sin·

589 1184 779 1266 gulas
823 1186 1080 1251 litteras
1125 1188 1317 1252 nimis
1363 1187 1714 1253 artificiose
1760 1195 1828 1252 et
1872 1195 2172 1254 contorte
2217 1194 2599 1253 sectantem.
2668 1189 2889 1254 Relin-

590 1299 875 1375 quentur
920 1295 1014 1359 sic
1059 1316 1319 1378 quoque
1365 1295 1588 1376 multa,
1634 1318 1778 1379 quae
1824 1298 2260 1379 suspicionem
2295 1297 2586 1362 habeant
2620 1298 2875 1377 iustam,

588 1403 1056 1467 correctionem
1102 1411 1352 1468 certam
1395 1411 1512 1469 aut
1554 1404 1966 1488 probabilem
2010 1427 2142 1470 non
2187 1406 2531 1489 recipiant.

761 1509 1001 1594 [Quum
1057 1532 1227 1576 anno
1290 1516 1451 1577 1863
1510 1513 1649 1595 ipse
1708 1512 2113 1578 Vindobonae
2158 1513 2451 1578 codicem
2488 1520 2876 1578 ‘tractassem

589 1626 654 1684 et
699 1619 938 1684 collato
1004 1625 1147 1684 toto
1214 1620 1383 1686 libro
1440 1620 1591 1685 XLI
1637 1627 1704 1685 et
1768 1621 1921 1685 libri
1977 1620 2160 1685 XLII
2227 1622 2557 1705 capitibus
2614 1623 2884 1703 triginta

587 1728 814 1812 primis
868 1728 1312 1811 inspectisque
1381 1729 1528 1794 aliis
1587 1751 1849 1813 quoque
1917 1730 2080 1794 locis
2147 1752 2278 1795 non
2345 1731 2571 1814 paucis
2640 1731 2879 1795 certius

586 1836 1074 1917 intellexissem,
1122 1859 1318 1920 quam
1362 1836 1624 1903 fidelem
1681 1837 1841 1902 mihi
1910 1859 2175 1921 operam
2220 1838 2337 1903 alii
2384 1847 2756 1916 navassent,
2821 1861 2877 1903 a.

594 1949 757 2009 1864
802 1967 946 2009 cum
991 1944 1295 2029 Ussingio
1342 1947 1630 2030 quinque
1675 1945 1798 2011 hos
1843 1945 2071 2025 libros,
2119 1947 2418 2011 adhibita
2462 1948 2662 2012 etiam
2706 1946 2882 2011 Vah·

585 2052 742 2118 lenii
788 2054 1155 2134 collatione,
1201 2076 1397 2138 quam
1439 2056 1693 2120 interea
1729 2054 2036 2119 Hertzius
2085 2055 2521 2138 evulgaverat,
2569 2062 2745 2120 totos
2789 2056 2887 2120 ita

585 2164 905 2241 recensui,
953 2164 1141 2244 quasi
1185 2181 1358 2228 nunc
1391 2164 1672 2246 primum
1718 2184 1753 2227 e
1801 2163 2022 2227 codice
2070 2163 2424 2246 prodirent,
2470 2164 2881 2228 constitutae·

587 2290 716 2351 que
763 2277 1010 2353 quanta
1062 2270 1207 2336 fieri
1272 2278 1537 2355 poterat
1603 2271 1945 2354 diligentia
1987 2271 2152 2336 Livii
2218 2273 2503 2337 orationi
2555 2272 2881 2353 integram

588 2377 832 2442 codicis
879 2379 1300 2461 scripturam,
1359 2402 1400 2445 a
1455 2400 1587 2462 qua
1642 2381 1982 2444 minimum
2043 2381 2566 2459 discesseramuS,
2612 2380 2878 2444 subieci.

586 2485 663 2550 In
707 2507 786 2551 ea
830 2507 1030 2570 opera
1072 2488 1297 2553 multis
1341 2489 1504 2554 locis
1559 2495 1798 2571 praeter
1856 2510 1994 2568 e08,
2052 2510 2215 2570 quos
2273 2496 2469 2554 antea
2524 2496 2884 2553 tractatam

588 2599 706 2659 aut
749 2616 917 2678 quos
964 2595 1220 2660 interea
1262 2596 1394 2676 alii,
1440 2598 1722 2662 maxime
1757 2596 2132 2678 Vahlenius,
2170 2596 2449 2663 feliciter
2504 2599 2884 2681 attigerant,

586 2701 962 2769 adhibenda
1005 2705 1385 2771 coniectura
1437 2705 1562 2770 fuit
1617 2709 2069 2791 correctioque
2115 2715 2233 2771 aut
2274 2708 2343 2771 in
2390 2708 2539 2790 ipsa
2584 2707 2881 2771 oratione

586 2812 894 2896 ponenda
916 2820 1033 2878 aut
1064 2814 1131 2877 in
1155 2814 1603 2879 adnotatione.
1676 2814 1804 2880 Sed
1839 2836 2063 2880 earum
2099 2816 2627 2879 coniecturarum
2651 2815 2883 2898 plerae-

588 2942 715 3004 que
745 2923 841 2986 ita
863 2931 1018 2988 sunt
1043 2944 1281 3007 parvae,
1305 2924 1635 2988 interdum
1658 2924 1891 3007 positae
1914 2929 2173 2986 tantum
2197 2924 2264 2987 in
2278 2923 2626 2988 verborum
2648 2923 2877 2999 forma,

588 3052 785 3114 quam
832 3030 1149 3115 Grynaeus
1195 3039 1460 3097 secutus
1507 3038 1675 3110 erat,
1723 3031 1920 3115 paulo
1966 3032 2239 3114 propius
2285 3031 2370 3096 ad
2406 3031 2659 3095 codicis
2691 3032 2882 3095 vesti-

587 3139 697 3221 gia
741 3140 1328 3220 accommodanda,
1378 3161 1717 3222 causaeque
1761 3141 1859 3204 ita
1915 3147 2188 3223 apertae,
2236 3146 2311 3203 ut
2353 3142 2631 3205 rationis
2681 3140 2881 3223 expli·

586 3249 909 3313 cationem
951 3269 1084 3313 non
1130 3248 1533 3326 desiderent,
1579 3269 1662 3312 ne
1709 3269 1800 3312 eae
1845 3247 2140 3330 quidem,
2189 3270 2332 3330 quae
2374 3254 2647 3333 propter
2690 3248 2885 3312 vesti·

584 3355 694 3438 gia
759 3357 1013 3421 incerta
1077 3355 1164 3420 ad
1232 3361 1476 3420 certam
1553 3355 1831 3421 formam
1909 3356 2224 3440 perpoliri
2290 3379 2422 3422 non
2500 3362 2874 3441 potuerunt.

586 3463 760 3542 Quid
795 3472 894 3528 est
927 3465 1098 3529 enim
1145 3484 1310 3547 opus
1353 3465 1818 3545 argumentari,
1867 3485 1985 3528 cur
2018 3464 2215 3543 XLII,
2267 3470 2366 3544 38,
2415 3470 2451 3528 2
2499 3486 2579 3529 ex
2623 3464 2883 3548 legati

583 3572 1032 3637 Acarnanis
1077 3571 1296 3655 potius
1342 3570 1483 3636 fieri
1529 3571 1833 3637 debuerit
1875 3572 2342 3638 Acarnanes
2398 3595 2597 3656 quam
2640 3574 2882 3637 Acar-

583 3702 871 3745 nanum
928 3678 1183 3763 (Gryn.)
1231 3687 1298 3745 et
1345 3679 1579 3760 XLIII,
1634 3684 1730 3759 18,
1780 3686 1816 3745 9
1865 3702 1943 3746 ex
1988 3688 2419 3763 postquam
2475 3716 2562 3725 —
2604 3681 2876 3745 viden-

583 3794 716 3852 tur
759 3789 981 3872 potius
1026 3788 1306 3853 vident
1350 3788 1615 3854 sublata
1661 3788 1912 3872 syllaba
1957 3811 2065 3868 ur,
2113 3810 2257 3871 quae
2306 3811 2345 3853 a
2390 3790 2665 3854 librario
2712 3808 2875 3871 saepe

583 3916 783 3979 prave
829 3894 1100 3960 additur
1144 3895 1297 3977 (vid.
1334 3919 1395 3979 p.
1435 3900 1557 3961 595
1597 3895 1789 3978 -not.),
1835 3917 2029 3978 quam
2074 3898 2462 3963 viderunt
2510 3896 2769 3983 (Gryn.)
2815 3903 2883 3961 et

582 4002 777 4084 XLV,
823 4008 882 4083 9,
933 4008 968 4067 3
1018 4028 1098 4069 ex
1154 4005 1562 4087 regnabat
1628 4006 1848 4088 potius
1905 4013 2291 4088 regnarat
2346 4028 2543 4088 quam
2600 4028 2882 4089 regna·

597 4113 754 4178 vit?
820 4113 980 4193 Aut,
1048 4121 1125 4178 ut
1179 4112 1570 4197 suspicionis
1624 4114 1690 4176 in
1758 4114 2183 4179 adnotatione
2228 4115 2475 4180 relictae
2520 4114 2882 4197 exemplum

583 4243 842 4306 ponam,
889 4222 1001 4288 lib.
1047 4221 1213 4301 XLI,
1261 4226 1360 4300 21,
1406 4226 1443 4284 2
1493 4222 1599 4285 cui
1646 4221 1845 4286 semel
1891 4222 2227 4287 admonito
2285 4246 2417 4311 non
2465 4230 2775 4307 apparet,
2819 4227 2887 4284 et

579 4330 667 4396 M.
754 4330 957 4394 Atilio
1004 4337 1241 4413 praeter
1286 4330 1607 4411 legionem
1653 4331 1866 4396 socios
1921 4330 2230 4396 habuisse
2288 4338 2356 4396 et
2398 4333 2725 4396 sociorum
2772 4351 2881 4413 po·

582 4440 716 4504 tius
770 4459 1115 4503 numerum
1181 4444 1433 4503 certum
1487 4438 1849 4503 indicatum
1904 4460 2050 4503 esse
2109 4461 2148 4503 a
2195 4439 2380 4505 Livio
2442 4461 2638 4522 quam
2683 4438 2885 4520 legio·
