3230 5282
1333 602 1457 664 253

257 795 317 852 et
380 788 756 871 religionem
811 785 1158 870 pertinet),
1228 786 1346 852 sed
1400 787 1714 869 felicitae,
1783 809 1917 871 qua
1972 809 2014 853 a
2068 789 2119 853 P
2177 794 2547 873 separatur.

253 895 412 961 Nam
461 896 529 961 in
573 896 626 960 P
673 895 819 961 duae
878 902 1031 961 sunt
1075 895 1360 961 maiores
1406 895 1693 977 lacunae,
1749 897 1963 963 altera
2005 897 2074 962 in
2120 897 2289 963 libro
2336 896 2552 962 XXVI

256 1010 398 1089 post
460 1004 663 1070 verba
727 1005 901 1069 sine
957 1024 1124 1069 meo
1187 1002 1410 1069 luctu
1468 1026 1700 1088 quam
1757 1026 1810 1071 c.
1858 1010 1969 1086 41,
2031 1010 2108 1070 18
2167 1005 2406 1091 (usque
2464 1005 2551 1071 ad

253 1116 424 1178 c.'44
479 1112 684 1195 init),
751 1112 963 1178 altera
1003 1112 1073 1176 in
1116 1111 1286 1178 libro
1331 1112 1577 1178 XXVII
1634 1121 1787 1199 post
1840 1114 2042 1180 verba
2096 1114 2164 1178 in
2220 1135 2275 1179 c.
2334 1118 2409 1194 2,
2472 1118 2545 1177 11

252 1220 757 1288 tumultuosa
821 1221 1080 1304 magis
1147 1221 1475 1305 proelia
1541 1220 1775 1306 (usque
1843 1222 1931 1288 ad
1996 1244 2049 1288 c.
2111 1226 2179 1303 3,
2251 1222 2348 1304 7),
2418 1244 2550 1288 non

250 1330 311 1393 in
351 1331 493 1415 ipso
550 1330 676 1396 hoc
734 1328 959 1394 codice
1016 1328 1254 1394 evulsis
1311 1328 1564 1413 aliquot
1618 1330 1795 1396 foliis
1844 1337 2006 1397 ortae
2052 1330 2231 1413 (nam
2285 1331 2354 1395 in
2411 1352 2546 1396 me-

253 1437 383 1503 dias
457 1438 707 1503 codicis
781 1438 1054 1522 paginas
1120 1437 1373 1503 lacunae
1441 1437 1768 1519 incidunt,
1834 1439 2015 1523 prior
2071 1439 2273 1504 etiam
2332 1440 2547 1523 spatio

251 1546 493 1629 aliquot
555 1547 928 1612 litterarum
994 1546 1223 1630 capaci
1289 1546 1583 1629 notata),
1652 1547 1769 1613 sed
1834 1548 1903 1611 in
1958 1548 2350 1631 antiquiore.
2451 1546 2546 1611 Ac

251 1656 419 1738 prior
474 1655 721 1720 lacuna
773 1655 842 1719 in
889 1654 1224 1720 codicibus
1268 1654 1495 1721 multis
1543 1677 1579 1720 e
1625 1655 1675 1719 P
1722 1656 1885 1721 ortis
1930 1646 2339 1740 ineptissimo
2397 1677 2552 1739 sup-

248 1762 564 1846 plemento
612 1784 972 1847 paucorum
1015 1784 1320 1829 versuum
1365 1769 1697 1846 utcunque
1746 1764 2085 1830 occultata
2128 1769 2255 1828 est:
2314 1785 2548 1848 quam
2600 1836 2605 1839 ,

249 1880 509 1937 vestro
602 1872 1107 1937 transissent
1197 1870 1420 1956 (quasi
1498 1872 1743 1938 milites
1832 1893 1964 1937 non
2030 1872 2323 1937 luxerint
2412 1872 2545 1937 cla-

252 1978 387 2045 dem
465 1986 534 2045 et
611 1987 892 2045 mortem
964 1980 1441 2064 imperatorum
1514 1980 1833 2062 suorum).
1956 1979 2108 2046 Sed
2173 1981 2549 2063 quoniam

252 2108 374 2153 vos
428 2089 892 2154 instructos
938 2096 1015 2152 et
1060 2088 1489 2154 ordinatos
1536 2110 1936 2173 cognosco
1983 2096 2357 2173 ceteraque,
2404 2110 2548 2173 quae

250 2196 310 2260 in
351 2197 757 2263 editionibus
804 2195 1051 2277 (etiam,
1100 2195 1275 2281 quod
1319 2197 1644 2279 indignor,
1690 2196 1945 2278 nostra)
1990 2197 2298 2282 leguntur
2344 2219 2399 2263 c.
2445 2202 2547 2278 43,

250 2308 282 2368 9
345 2312 409 2370 et
484 2311 561 2370 10
631 2313 699 2370 et
765 2326 817 2370 c.
887 2311 1000 2385 44,
1086 2309 1151 2384 1,
1227 2304 1489 2370 sublato
1563 2307 1769 2371 etiam
1834 2306 2067 2386 verbo,
2148 2307 2326 2389 quod
2383 2308 2453 2372 in
2495 2306 2547 2372 P
2660 2370 2663 2373 ,

251 2421 387 2496 post
435 2413 748 2479 lacunam
806 2414 1089 2498 primum
1134 2420 1265 2494 est,
1323 2420 1818 2495 armaverat,
1874 2414 2076 2499 idque
2126 2414 2545 2500 supplemen-

250 2528 375 2586 tum
460 2524 691 2607 primae
778 2521 944 2586 Livii
1034 2521 1355 2587 editiones
1443 2523 1656 2588 solum
1747 2522 2012 2589 habent.
2136 2522 2266 2589 Sed
2354 2524 2421 2588 in
2502 2521 2544 2588 S

251 2629 596 2697 Rhenanus
652 2631 720 2695 in
775 2627 950 2696 foliis
994 2629 1163 2696 libro
1209 2629 1454 2696 XXVII
1497 2632 1905 2717 interpositis
1949 2655 2080 2699 non
2122 2631 2234 2698 ille
2280 2632 2544 2718 quidem

251 2742 479 2820 omnia,
545 2761 693 2825 quae
760 2739 1143 2805 exciderant
1210 2739 1391 2822 (nam
1446 2747 1514 2806 et
1566 2741 1755 2806 initio
1815 2741 2115 2826 quaedam
2172 2747 2239 2806 et
2293 2742 2361 2805 in
2417 2740 2544 2805 fine

250 2855 389 2914 ante
479 2870 532 2914 c.
606 2853 690 2913 44
779 2847 972 2932 plura
1042 2848 1376 2931 deerant),
1477 2849 1595 2915 sed
1671 2856 1893 2915 tamen
1969 2849 2210 2915 bonam
2287 2855 2545 2933 partem

249 2955 506 3037 invenit,
560 2979 661 3038 ea,
720 2979 865 3041 quae
910 2957 977 3021 in
1023 2957 1424 3023 editionibus
1469 2979 1511 3022 a
1557 2979 1610 3022 c.
1659 2964 1760 3038 41,
1811 2963 1918 3023 18:
1976 2958 2202 3023 Nunc
2248 2955 2362 3021 dii
2419 2958 2546 3021 im-

251 3065 634 3132 mortales
680 3086 884 3149 usque
932 3065 1016 3129 ad
1061 3086 1114 3130 c.
1154 3069 1257 3146 43,
1305 3070 1376 3131 8:
1424 3067 1843 3150 Hispaniae
1887 3066 2241 3131 imminet
2273 3063 2550 3129 Africa

251 3170 567 3256 leguntur.
679 3174 755 3239 In
822 3173 1158 3239 codicibus
1218 3179 1438 3238 autem
1493 3174 1972 3239 recentioribus
2028 3195 2061 3238 e
2120 3172 2162 3239 S
2223 3172 2550 3253 derivatis,

252 3281 356 3347 sed
410 3283 692 3349 alterius
749 3283 978 3367 stirpis
1023 3282 1539 3366 interpolatione
1584 3283 1947 3368 inquinatis
1993 3281 2103 3364 (de
2150 3303 2279 3366 quo
2326 3282 2551 3346 statim

252 3387 480 3474 dicam)
551 3392 837 3476 genuina
900 3389 1041 3456 haec
1109 3391 1272 3455 Livii
1340 3412 1524 3475 pars,
1595 3413 1743 3474 quse
1812 3391 2130 3456 orationis
2198 3397 2266 3456 et
2329 3411 2551 3456 rerum

250 3495 449 3565 forma
518 3520 745 3566 omnes
813 3499 1234 3584 antiquitatis
1293 3505 1489 3564 notas
1547 3498 1779 3580 habet,
1847 3521 1997 3564 cum
2042 3499 2196 3565 ficto
2240 3498 2354 3565 illo
2399 3520 2552 3583 sup-

251 3604 569 3687 plemento
628 3606 920 3673 conflata
978 3607 1071 3672 sic
1121 3615 1248 3688 est,
1315 3614 1390 3673 ut
1447 3608 1637 3673 initio
1685 3629 2062 3692 perversum
2107 3606 2273 3672 illud
2319 3631 2419 3693 qu
2437 3629 2553 3672 am

251 3722 511 3783 vestro
583 3717 1119 3796 transissent,
1187 3715 1453 3800 reliqua
1509 3716 1695 3799 (Sed
1771 3717 2152 3798 quoniam
2210 3738 2344 3783 vos
2400 3717 2553 3800 cet.)

249 3820 352 3887 fini
414 3825 930 3909 adiungerentur
955 3825 1043 3907 ¹),
1126 3830 1325 3908 atque
1404 3826 1501 3890 ita
1564 3824 1706 3890 haec
1778 3822 2069 3889 conflata
2135 3825 2419 3909 primum
2486 3826 2554 3889 in

373 4010 547 4063 snpra
587 3995 667 4064 (p.
706 3997 777 4048 40
819 3995 986 4049 huius
1037 3993 1190 4061 edit.)
1241 4011 1272 4047 e
1309 4003 1588 4049 consensu
1647 3993 1910 4050 codicum
1946 3993 2459 4049 Nicomacheorum
2495 4002 2554 4049 et

374 4078 714 4135 Veronensis
777 4081 1112 4150 monstravi,
1201 4080 1536 4149 pusillorum
1620 4079 1957 4135 mendorum
2022 4082 2085 4135 in
2155 4081 2557 4149 antiquissimis

375 4166 667 4220 codicibus
718 4166 1186 4236 propagationem
1236 4164 1677 4221 confirmandam
1719 4166 2110 4222 memorabiles
2158 4184 2375 4222 errores
2424 4184 2552 4221 cum

378 4248 421 4301 P
457 4268 794 4306 communes.
857 4251 1003 4306 Nam
1037 4250 1274 4314 XXVII,
1315 4254 1395 4320 13,
1430 4255 1465 4306 4
1501 4256 1557 4306 et
1589 4252 1652 4307 in
1687 4251 1731 4305 P
1770 4253 1922 4306 etin
1957 4251 2004 4305 Τ
2039 4270 2143 4322 pro
2177 4252 2558 4322 fatigastis

375 4341 463 4390 est
503 4336 848 4407 fatigatis,
886 4337 1083 4393 addito
1132 4355 1302 4407 supra
1335 4354 1562 4392 versum
1597 4355 1641 4406 s,
1678 4343 1736 4393 et
1773 4336 1806 4407 ἓ
1842 4341 1876 4392 6
1912 4338 1972 4392 in
2008 4342 2249 4408 utroque
2287 4339 2554 4393 scribitur

377 4437 529 4476 cum
561 4425 883 4479 exercitu
913 4442 1014 4478 me
1048 4424 1247 4494 loqui
1282 4441 1387 4493 pro
1423 4441 1586 4493 mec,
1626 4425 1777 4493 quod
1813 4425 1874 4479 in
1909 4424 1956 4478 T
1991 4431 2281 4480 corrector
2316 4423 2519 4479 effecit.

308 4505 351 4571 ¹)
384 4506 533 4577 vid„
568 4526 694 4578 qnae
735 4509 1066 4580 singulatim
1101 4509 1773 4580 exponit-Mommsenius
1809 4511 1971 4565 Anal.
2006 4511 2127 4567 Liv.
2167 4528 2223 4581 p.
2259 4512 2343 4565 38.
