3230 5282
1383 631 1464 692 25

282 814 452 897 licet)
469 867 486 895 ,
553 814 843 881 deterior
911 821 1016 881 est
1084 815 1312 895 turba,
1379 815 1707 880 communi
1767 813 1994 899 aliqua
2048 812 2582 897 interpolationis

279 923 421 989 labe
472 923 625 1008 plus
678 925 973 989 minusve
1030 925 1559 1009 depravatorum.
1674 921 1772 987 De
1821 921 2254 988 Gronovianis
2312 920 2580 1005 (praeter

278 1033 630 1099 Florentini
686 1031 1024 1116 excerpta)
1082 1031 1349 1098 difficile
1410 1039 1513 1098 est
1555 1031 1903 1111 iudicium,
1971 1051 2093 1096 nec
2136 1037 2357 1095 tamen
2403 1030 2582 1096 ullus

278 1142 455 1208 valde
513 1141 902 1209 excelluisse
945 1140 1238 1222 videtur3
1306 1162 1560 1220 eorum,
1630 1141 1743 1225 qui
1801 1160 1842 1205 a
1901 1140 2137 1206 ceteris
2192 1158 2581 1205 commemo-

277 1259 527 1329 rantur,
594 1272 676 1316 ex
740 1249 1148 1333 reliquorum
1202 1249 1404 1315 turba
1457 1256 1733 1334 propter
1788 1247 2189 1332 singularem
2247 1248 2581 1332 quandam

278 1360 723 1441 cognationem
784 1357 1167 1424 eximendus
1224 1365 1327 1424 est
1380 1359 1471 1437 ie,
1539 1380 1673 1442 quo
1732 1357 1819 1422 M.
1868 1355 2188 1424 Klockius
2247 1355 2334 1437 (a.
2386 1355 2580 1437 1586)

277 1489 425 1533 usus
468 1474 592 1547 est,
638 1474 781 1533 tum
826 1473 983 1545 treS,
1027 1488 1309 1551 quorum
1340 1487 1554 1547 nuper
1588 1466 1878 1549 aliquam
1915 1466 2219 1531 notitiam
2255 1464 2339 1530 ab
2374 1463 2582 1529 Heer-

276 1576 551 1659 wagenio
601 1582 670 1642 et
713 1574 982 1641 Hertzio
1029 1574 1493 1659 accepimus.¹)
1572 1574 1666 1639 Ac
1711 1575 1906 1659 primi
1954 1574 2217 1656 quidem
2262 1573 2583 1639 bonitatis

276 1690 339 1748 et
386 1684 792 1767 integritatis
848 1683 1149 1749 codicum
1204 1683 1451 1766 gradus
1508 1684 1622 1766 qui
1680 1683 1836 1762 sint,
1903 1683 2084 1768 quod
2126 1682 2211 1746 ad
2257 1702 2580 1746 summam

274 1812 401 1857 rem
444 1793 708 1871 attinet,
750 1792 890 1857 fere
935 1814 1065 1858 uno
1112 1791 1409 1876 exemplo
1452 1789 1634 1857 facili
1678 1812 2014 1876 parvoque
2055 1790 2345 1863 ,breviter
2380 1791 2586 1873 signi-

274 1900 443 1965 ficari
495 1906 757 1985 potest,
813 1900 995 1983 quod
1047 1921 1131 1966 ex
1184 1900 1355 1965 libro
1400 1899 1489 1978 X,
1551 1904 1658 1978 19,
1720 1904 1756 1963 7
1806 1919 2075 1965 sumam.
2100 1898 2160 1980 ²)
2270 1897 2440 1963 Nam
2484 1898 2578 1962 ibi

274 2007 337 2071 Μ
384 2007 435 2073 Ρ
490 2007 647 2090 (nec
713 2009 1008 2074 dubitari
1077 2008 1158 2073 de
1215 2009 1274 2073 R
1330 2007 1555 2088 debet)
1610 2009 1829 2091 ipsam
1902 2027 2122 2072 veram
2182 2006 2582 2090 scripturam

273 2122 524 2181 servant
580 2115 853 2197 (duis),
920 2117 1009 2181 Ll
1086 2123 1155 2182 et
1207 2114 1308 2180 HI
1378 2116 1609 2182 leviter
1665 2114 2024 2181 deflectunt
2080 2113 2308 2196 (des),
2376 2112 2581 2179 ceteri

272 2222 517 2307 longius
565 2222 823 2289 abeunt
870 2224 1276 2306 (dederis),
1339 2225 1466 2289 nisi
1514 2223 1693 2309 quod
1728 2224 1916 2289 Voss.
1957 2226 1995 2286 2
2031 2223 2223 2301 idem,
2270 2221 2447 2307 quod
2483 2222 2588 2288 Ll;

274 2329 384 2411 111,
428 2332 659 2412 habet,
708 2332 860 2397 Lov.
908 2338 949 2397 4
991 2353 1198 2417 prope
1243 2332 1504 2398 accedit
1546 2331 1763 2414 (das).
1838 2330 1967 2397 Sed
2013 2331 2081 2396 et
2123 2329 2174 2394 P
2221 2330 2304 2396 ab
2350 2330 2418 2395 M
2464 2330 2580 2412 (R)

276 2440 709 2523 seiungendus
755 2447 858 2506 est
901 2448 970 2506 et
1012 2440 1097 2506 ab
1141 2441 1233 2505 Ll
1281 2439 1381 2505 1-11
1431 2440 1793 2506 deteriores
1839 2440 2097 2523 longius
2146 2438 2517 2523 separandi.

429 2546 743 2615 Codicem
799 2548 867 2612 M
925 2570 1075 2614 cum
1128 2548 1188 2613 R
1245 2568 1451 2632 prope
1508 2549 1767 2631 gemino
1825 2548 1893 2612 in
1955 2569 2078 2613 sua
2133 2567 2211 2612 ac
2268 2554 2582 2631 separata

276 2657 603 2744 archetypi
654 2659 857 2741 stirpe
900 2657 1238 2741 ponendos
1283 2679 1458 2736 esse,
1527 2679 1675 2742 quse
1719 2678 1934 2742 neque
1980 2679 2060 2722 ex
2106 2657 2343 2722 ceteris
2389 2656 2577 2739 quid-

276 2787 456 2848 quam
499 2766 789 2832 traxerit
831 2786 1045 2848 neque
1091 2765 1453 2850 quidquam
1499 2766 1585 2831 ad
1630 2787 1743 2832 eos
1784 2766 2247 2844 transmiserit,
2292 2764 2583 2831 ostendit

275 2871 491 2939 horum
558 2873 847 2940 duorum
912 2874 1212 2941 codicum
1277 2875 1345 2939 in
1413 2874 1791 2958 duplicibus
1860 2874 2205 2957 scripturis
2264 2894 2298 2938 e
2355 2872 2584 2939 codice

275 2981 621 3067 archetypo
700 2981 1146 3066 propagandis
1223 2982 1597 3048 coniunctio
1677 2988 1745 3047 et
1811 3003 1852 3046 a
1919 2981 2158 3046 ceteris
2239 2981 2582 3060 seiunctio,

274 3091 545 3156 ostendit
590 3112 852 3155 summa
896 3090 1262 3155 communio
1297 3089 1797 3156 adnotationum
1832 3090 2291 3173 marginalium
2326 3090 2394 3154 in
2430 3111 2579 3155 ora-

154 3261 161 3268 ,
272 3196 499 3263 tionem
528 3203 952 3282 receptarum
975 3197 1181 3280 (velut
1200 3198 1270 3262 in
1291 3197 1463 3263 libro
1486 3197 1566 3278 11,
1594 3198 1701 3279 36)
1727 3198 1985 3263 omissis
2009 3198 2109 3276 iis,
2146 3218 2292 3280 quae
2315 3198 2383 3261 in
2409 3197 2579 3263 alios

272 3305 510 3372 codices
544 3311 919 3386 manarunt,
969 3304 1327 3372 ostendunt
1373 3306 1613 3372 menda
1647 3305 1950 3371 omnibus
1985 3303 2281 3389 apicibus
2318 3305 2581 3384 similia,

319 3574 362 3640 ¹)
399 3574 725 3646 [Frigellius
761 3576 1109 3647 Upsaliensis
1145 3582 1355 3647 praeter
1383 3576 1716 3644 Mediceum,
1752 3577 2141 3644 Parisiensem‚
2178 3576 2574 3631 Florentinum

393 3660 471 3715 St.
519 3661 703 3716 Marci
747 3663 989 3716 contulit
1031 3663 1203 3716 etiam
1251 3663 1506 3716 codicem
1541 3662 1880 3717 Vaticanum
1916 3681 1971 3717 n.
2010 3662 2171 3728 3329,
2232 3662 2453 3731 saeculi,
2508 3668 2575 3717 ut

395 3753 577 3815 putat„
613 3747 718 3814 XI,
754 3752 889 3803 ante
926 3749 997 3802 ab
1032 3748 1099 3802 A.
1134 3748 1402 3818 Zumptio
1440 3754 1964 3815 commemoratum,
2011 3752 2072 3803 et
2105 3746 2481 3802 Parisiensem
2514 3768 2568 3803 n.

394 3834 529 3887 5724
564 3832 1054 3901 (Floriacensem),
1102 3851 1268 3902 quem
1313 3834 1519 3888 saeculo
1557 3833 1608 3886 X
1652 3834 1926 3903 scriptum
1971 3834 2208 3900 iudicat3
2265 3834 2570 3903 scripturas

393 3924 606 3987 praeter
639 3936 850 3987 paucas
885 3919 1137 3974 nondum
1175 3920 1366 3974 edidit.
1446 3919 1572 3973 Vid.
1609 3919 1851 3990 Frigell,
1896 3918 2259 3973 Livianorum
2296 3919 2569 3973 librorum

394 4004 591 4072 primoe
627 4003 854 4059 decadis
876 4004 1214 4061 emendandi
1237 4006 1404 4073 rati0,
1434 4002 1569 4075 Ups.
1604 4007 1735 4059 1875
1768 4004 1856 4073 (40
1883 4021 2048 4074 pagg.
2076 4003 2144 4071 8).
2201 4003 2569 4073 Upsaliensis,

395 4090 614 4156 saeculi,
657 4094 724 4143 ut
764 4095 1020 4158 putatur,
1067 4089 1146 4144 XI
1192 4091 1488 4160 scripturae
1533 4089 1866 4145 varietatem
1912 4089 2090 4144 edidit
2137 4089 2567 4159 Hiiggstromius

395 4174 704 4244 (Excerpta
752 4175 1018 4244 Liviana,
1085 4174 1272 4246 Upsal.
1334 4175 1484 4243 1875)
1552 4175 1812 4244 idemque
1864 4173 2333 4229 Helmstadiensis
2389 4176 2562 4244 paulo

392 4259 713 4330 Upsaliensi
766 4265 935 4316 aetate
982 4259 1347 4330 posterioris,
1401 4279 1430 4315 e
1484 4278 1597 4330 quo
1636 4260 1909 4314 nonnulla
1943 4258 2356 4316 Wernsdorfius
2396 4266 2558 4315 nota·

395 4351 569 4415 verat,
602 4346 665 4400 in
699 4345 857 4401 libris
894 4351 1110 4416 septem
1144 4346 1363 4416 primis,
1400 4351 1603 4401 octavo
1642 4345 1893 4413 dimidio,
1932 4344 2191 4415 decimo.]

319 4427 365 4493 ²)
399 4428 646 4488 Posthac
690 4431 781 4486 his
824 4432 977 4486 notis
1014 4437 1169 4500 utar,
1212 4435 1279 4487 ut
1311 4432 1371 4486 M
1405 4432 1481 4486 sit
1515 4430 1827 4499 Mediceus,
1871 4431 1923 4498 R
1957 4431 2368 4487 vormatiensis
2405 4431 2555 4487 Rhe-

396 4516 547 4582 nani‚
579 4517 623 4571 P
658 4515 1014 4585 Parisiensis,
1047 4517 1130 4571 Ll
1166 4516 1464 4573 Leidensis
1498 4516 1671 4586 prior,
1708 4515 1790 4570 111
1829 4516 2162 4572 Harleianus
2197 4517 2373 4585 prior.
