3230 5282
1349 592 1473 654 255

265 779 495 862 aliquis
540 778 928 863 suspicetur,
974 799 1203 844 eorum
1247 776 1502 862 aliquos
1538 776 1834 862 Spirensi
1878 780 2210 864 proximos
2247 786 2564 865 tanquam

263 888 542 953 vicarios
597 886 665 951 in
721 887 862 951 eius
919 886 1137 951 locum
1182 884 1531 952 succedere
1578 892 1645 951 et
1690 886 2114 968 desiderium,
2182 889 2237 954 si
2279 910 2411 955 non
2455 910 2564 953 ex-

261 997 457 1081 plere,
500 1002 572 1060 at
604 995 841 1061 saltem
875 1016 1117 1079 magna
1148 1015 1227 1060 ex
1262 1001 1453 1079 parte
1487 995 1697 1060 lenire
1722 994 1824 1077 (ut
1857 997 1923 1060 in
1958 998 2172 1080 prima
2194 1002 2385 1083 parte
2410 997 2562 1062 libri

262 1104 550 1171 vicesimi
582 1103 899 1169 Puteanei
936 1103 1337 1170 desiderium
1371 1103 1629 1169 leniunt
1649 1102 1982 1170 Mediceus
2016 1111 2084 1170 et
2109 1104 2568 1188 colbertinus),

260 1236 335 1279 ne
365 1214 500 1279 hoc
539 1211 800 1295 quidem
836 1210 1145 1277 solatium
1177 1216 1294 1276 aut
1325 1232 1497 1276 nunc
1531 1231 1764 1294 magno
1804 1234 2004 1297 opere
2053 1214 2244 1279 adest
2282 1220 2401 1279 aut
2426 1215 2564 1279 eius

267 1323 385 1387 nisi
436 1321 656 1388 tenuis
701 1341 853 1404 spes
902 1319 1286 1387 ostenditur.
1400 1318 1491 1386 Ut
1546 1321 1749 1402 enim,
1819 1322 1977 1404 quid
2032 1323 2100 1388 in
2160 1323 2285 1388 hoc
2328 1343 2565 1406 genere

265 1430 516 1515 sperari
572 1428 873 1513 efficique
927 1436 1183 1513 posset,
1250 1436 1633 1514 appareret,
1702 1428 1819 1494 Th.
1866 1430 2333 1496 Mommsenius
2388 1436 2567 1496 octo-

265 1540 451 1622 ginta
497 1537 626 1602 duo
674 1537 948 1618 codices,
1009 1538 1120 1620 qui
1164 1535 1337 1602 hanc
1381 1537 1545 1603 Livii
1592 1536 1909 1604 decadem
1954 1546 2071 1604 aut
2114 1538 2235 1603 hos
2281 1537 2569 1622 quinque

263 1647 470 1713 libros
542 1646 984 1725 continerent,
1062 1647 1130 1710 in
1210 1645 1484 1711 delectis
1564 1648 1940 1731 speciminis
2015 1647 2161 1713 loco
2228 1645 2569 1731 particulis

272 1755 559 1837 (duabus
615 1753 1062 1837 amplioribus,
1109 1753 1222 1818 lib.
1279 1754 1526 1818 XXVII
1572 1775 1614 1819 a
1660 1775 1713 1821 c.
1763 1759 1862 1835 33,
1919 1761 1955 1821 5
2002 1754 2088 1821 ad
2132 1777 2183 1820 c.
2234 1757 2332 1835 34,
2382 1760 2460 1819 14
2506 1761 2571 1820 et

266 1863 374 1929 lib.
429 1862 712 1927 XXVIII
770 1883 811 1928 a
866 1883 919 1927 c.
970 1866 1080 1942 39,
1145 1867 1220 1927 16
1268 1862 1353 1928 ad
1400 1883 1452 1927 c.
1501 1867 1612 1943 41,
1677 1866 1782 1943 12,
1839 1864 1951 1947 qui
2005 1863 2188 1928 locus
2242 1862 2401 1929 folio
2456 1863 2570 1929 illo

269 1973 514 2037 codicis
563 1971 605 2036 S
652 1976 912 2053 reperto
961 1971 1363 2053 continetur)
1411 1970 1843 2036 conferendos
1889 1972 2143 2036 curavit
2187 1973 2571 2056 scripturas-

266 2103 384 2163 que
454 2080 524 2144 in
569 2079 904 2144 Analectis
949 2077 1236 2145 Livianis
1283 2079 1351 2162 (a
1395 2103 1456 2164 p.
1507 2079 1615 2161 32)
1663 2078 1887 2160 edidit,
1944 2080 2381 2165 institutoque
2428 2080 2570 2145 dili-

263 2190 440 2274 genti
507 2188 803 2253 examine
863 2186 1362 2268 demonstravit,
1429 2195 1495 2253 et
1551 2187 1812 2253 codices
1871 2187 2124 2273 aliquot
2184 2210 2262 2254 ex
2323 2188 2364 2254 S
2425 2188 2571 2271 (aut

264 2299 400 2382 ipso
466 2301 583 2362 aut
638 2316 756 2379 per
798 2295 1254 2378 intermedios)
1302 2295 1731 2362 describendo
1778 2302 1960 2362 ortos
2007 2318 2349 2380 superesse
2395 2304 2462 2363 et
2504 2298 2571 2362 in

270 2405 530 2471 codices
608 2403 932 2488 quosdam
997 2425 1031 2468 e
1098 2404 1416 2470 Puteanei
1494 2405 1701 2489 stirpe
1770 2411 1951 2471 ortos
2018 2426 2149 2470 non
2217 2424 2428 2488 pauca
2494 2425 2572 2468 ex

265 2515 476 2579 altero
510 2512 625 2576 illo
650 2532 885 2595 genere
911 2512 1375 2597 comparand0,
1414 2512 1813 2593 adnotando,
1839 2513 2224 2595 corrigendo
2248 2511 2575 2579 translata

267 2645 401 2690 esse
455 2628 525 2688 et
569 2621 967 2687 intermixta.
1081 2619 1210 2687 Sed
1269 2643 1589 2687 summam
1649 2620 2113 2707 disputationis
2168 2628 2345 2687 recte
2401 2620 2572 2686 hanc

272 2731 538 2814 collegit
612 2728 702 2814 (p.
752 2729 893 2812 69),
979 2729 1270 2809 „nullum
1334 2729 1574 2794 librum
1647 2737 1906 2797 exstare
1974 2738 2090 2796 aut
2158 2737 2334 2797 certe
2401 2731 2576 2796 inter

267 2840 484 2905 adhuc
571 2838 977 2904 examinatos
1054 2836 1305 2903 nullum
1370 2843 1702 2922 repertum
1772 2860 1945 2920 esse,
2024 2840 2139 2923 qui
2204 2838 2576 2924 Spirensem

266 2947 508 3013 librum
566 2952 874 3011 accurate
931 2952 998 3011 et
1056 2945 1245 3029 plene
1290 2946 1658 3012 redderet“.
1749 2946 1916 3012 Nam
1963 2954 2030 3013 et
2075 2952 2374 3013 recentes
2422 2953 2574 3040 sunt

269 3078 528 3135 omneS‚
598 3054 712 3139 qui
757 3053 844 3118 ad
888 3053 1390 3120 alterumutrum
1446 3076 1525 3120 ex
1580 3054 1683 3120 his
1731 3055 1987 3121 duobus
2033 3055 2382 3139 generibus
2427 3076 2573 3138 per·

267 3165 478 3230 tinent
547 3162 835 3244 (eorum,
905 3163 1019 3247 qui
1086 3183 1166 3228 ex
1236 3162 1279 3228 S
1342 3163 1658 3247 originem
1727 3163 2001 3244 ducunt,
2080 3164 2574 3247 antiquissimus

268 3272 526 3339 videtur
571 3271 860 3336 Venetus
904 3271 1280 3336 Marcianus
1337 3273 1623 3356 scriptus
1668 3293 1727 3337 a.
1780 3271 1971 3353 1389)
1993 3324 2007 3351 ,
2068 3278 2134 3337 et
2179 3270 2574 3356 permultum

267 3382 495 3460 etiam,
559 3379 671 3463 qui
718 3378 1048 3463 Spirensis
1104 3380 1329 3463 stirpis
1387 3386 1566 3461 sunt,
1627 3402 1705 3446 ex
1750 3380 2256 3465 interpolatione
2302 3380 2573 3445 alterius

269 3490 491 3574 stirpis
573 3494 1010 3571 susceperunt
1087 3494 1203 3553 aut
1281 3487 1511 3554 eadem
1590 3488 1658 3553 in
1736 3495 2019 3573 utraque
2085 3495 2386 3572 grassata
2453 3481 2571 3553 est.

268 3595 452 3662 Nunc
526 3595 796 3680 quidem
855 3617 933 3662 eo
981 3579 1205 3661 ‘minus
1263 3595 1488 3661 auxilii
1542 3595 1697 3661 hinc
1754 3597 1893 3681 peti
1948 3603 2198 3682 potest,
2265 3595 2440 3679 quod
2495 3617 2575 3662 ex

272 3704 606 3770 codicibus
683 3704 1037 3770 Puteaneae
1115 3704 1339 3789 stirpis
1408 3726 1443 3769 e
1514 3703 1809 3789 Spirensi
1891 3705 2093 3789 stirpe
2158 3704 2575 3789 interpolatis

268 3833 433 3877 unus
489 3811 832 3877 Palatinus
886 3813 1124 3878 tertius
1172 3835 1212 3879 a
1254 3812 1609 3880 Gebhardo
1668 3813 1946 3879 subinde
2004 3819 2573 3892 commemoratur,

273 3939 496 3985 eorum
554 3927 810 4000 autem,
877 3922 989 4004 qui
1057 3927 1234 3987 certo
1304 3920 1390 3986 ad
1434 3920 1807 4005 Spirensem
1867 3922 2114 4006 origine
2171 3921 2438 4004 adiungi
2482 3922 2573 3985 vi-

270 4026 520 4109 dentur,
574 4049 742 4094 unus
786 4028 1180 4096 Harleianus
1228 4030 1507 4096 collatus
1555 4037 1659 4095 est
1702 4029 1900 4112 idque
1947 4030 2301 4096 admodum
2347 4028 2568 4113 negle-

269 4135 541 4221 genter]
603 4136 839 4222 Itaque
884 4137 1077 4204 nobis
1124 4137 1443 4219 adhibito,
1490 4138 1603 4203 ubi
1641 4137 1785 4203 fieri
1817 4144 2061 4222 potest,
2109 4136 2420 4222 Spirensi,
2470 4157 2573 4201 ce-

270 4246 570 4327 teroquin
614 4244 954 4311 Puteaneo
1013 4247 1320 4312 standum
1367 4246 1510 4327 erit,
1556 4253 1624 4312 et
1668 4246 1760 4312 sic
1806 4246 1890 4310 ad
1935 4251 2284 4330 utrumque
2331 4251 2446 4311 aut
2489 4244 2573 4310 ad

270 4348 442 4416 hunc
501 4375 700 4418 unum
758 4355 1097 4439 scripturae
1143 4355 1422 4422 dilectus
1468 4362 1534 4421 et
1578 4356 2055 4422 emendationis
2102 4361 2369 4421 conatus
2415 4352 2570 4417 diri-

272 4459 547 4542 gendus,
600 4470 673 4528 ut
718 4463 980 4545 eadem,
1038 4485 1184 4548 quae
1228 4464 1297 4529 in
1344 4464 1570 4548 primae
1617 4464 1890 4531 decadis
1938 4465 2162 4533 codice
2208 4462 2568 4546 archetypo
