3230 5282
1494 589 1611 649 461

396 775 576 838 dum
624 771 786 852 (des.
834 771 902 835 in
946 771 1178 853 vulg.)‚
1250 776 1317 851 7,
1390 776 1426 836 3
1486 771 1745 852 (omitto
1803 774 1932 836 iam
1990 773 2352 837 adnotandi
2397 773 2703 856 formam)

398 881 885 945 venalicium
948 878 1408 961 (venalium)
1456 883 1527 958 8,
1589 885 1626 941 3
1673 881 2139 962 vetitusque
2190 880 2304 961 (ut
2350 867 2493 945 aut
2536 883 2711 966 ipse

397 985 829 1068 similiterve)‚
895 986 1029 1051 ibd.
1104 989 1179 1049 15
1247 985 1661 1051 facturum
1729 989 2057 1051 senatui
2129 987 2563 1068 (facturum
2635 1000 2712 1057 et

398 1093 774 1176 senatui),
820 1098 878 1175 9,
925 1098 960 1158 3
1011 1093 1323 1158 Suessae
1368 1095 1760 1158 Auruncae
1810 1094 2159 1175 (Suessae
2204 1103 2320 1160 aut
2366 1094 2428 1161 S.
2479 1119 2709 1163 auru-

396 1205 667 1288 spices
702 1209 817 1267 aut
850 1207 908 1265 S.
949 1202 1387 1284 aruspices,
1422 1203 1549 1266 nisi
1584 1203 1762 1285 quod
1796 1202 1951 1265 Lov.
1981 1208 2037 1280 4,
2073 1201 2291 1268 Mead.·
2318 1208 2355 1265 2
2395 1203 2710 1271 Suessae

397 1309 789 1391 Arunoae),
875 1315 984 1388 10,
1063 1313 1101 1372 2
1172 1309 1625 1374 Pausanias
1703 1315 2003 1392 praetor
2081 1316 2164 1374 et
2240 1311 2710 1378 Alexander

397 1419 803 1500 magister
897 1417 1257 1498 equiturn
1341 1416 1699 1498 (Pausali
1783 1416 1900 1479 hii
1984 1417 2337 1499 populus
2422 1420 2532 1484 Ro
2618 1442 2707 1485 ex

395 1524 867 1590 Alexander
924 1525 1235 1605 magnis
1295 1524 1715 1608 equitibus
1763 1531 1829 1587 et
1875 1523 2115 1587 similia
2159 1526 2513 1607 monstra),
2571 1528 2703 1593 ibd.

401 1639 472 1698 11
549 1631 1074 1715 („scripsimus“)
1156 1653 1406 1714 genus
1486 1652 1880 1695 armorum
1948 1637 2154 1712 erat,
2235 1640 2507 1715 aptum
2576 1658 2706 1699 ur-

394 1741 683 1824 gendis
730 1740 1022 1823 regiis3
1073 1760 1216 1822 pro
1267 1739 1501 1803 hoste
1548 1739 1731 1802 loca
1767 1737 2118 1818 (.,duarum
2152 1760 2403 1818 vocum,
2455 1742 2706 1807 scilicet

395 1848 784 1930 urgendis
862 1848 1149 1927 regim,
1227 1845 1374 1910 loco
1440 1847 1717 1927 vestigia
1785 1847 1990 1927 magis
2060 1845 2434 1912 litterarum
2498 1833 2699 1932 ‘quam

394 1958 629 2021 litterae
690 1954 1177 2038 apparebant“;
1246 1955 1298 2017 B
1358 1974 1613 2034 genus
1673 1974 2067 2016 armorum
2126 1960 2302 2017 erat
2358 1957 2704 2039 amplum

392 2062 762 2145 tegendis
807 2061 1327 2144 corporibus;
1373 2083 1513 2143 pro
1561 2061 1800 2125 host-e
1846 2059 2056 2138 loca;
2113 2060 2325 2144 vulgg.
2350 2082 2409 2142 g.
2439 2085 2496 2126 a.
2528 2070 2704 2127 erat

393 2170 491 2234 ad
559 2169 957 2254 proelium
1016 2167 1227 2252 [erat
1283 2166 1659 2251 amplum]
1729 2167 2164 2249 iungendis
2225 2188 2520 2233 canora
2580 2170 2701 2234 his

392 2278 736 2342 robusta
779 2276 959 2340 loca
1004 2283 1070 2340 et
1116 2274 1354 2339 similia
1401 2273 1741 2353 monstra).
1837 2273 2043 2338 Semel
2092 2276 2158 2337 in
2204 2275 2307 2339 his
2354 2276 2700 2359 capitibuS,

393 2393 462 2458 6,
524 2391 560 2449 7
622 2385 983 2449 editionum
1050 2405 1339 2447 errorem
1414 2382 1761 2465 (equites
1833 2404 1953 2464 pro
2014 2381 2284 2464 eques)
2347 2385 2702 2468 corrigenti

391 2493 858 2557 adsentiuntur
914 2492 1111 2556 etiam
1171 2490 1431 2555 codices
1491 2490 1813 2571 vulgares.
1928 2490 2174 2553 Eadem
2235 2498 2337 2555 est
2392 2512 2512 2574 per
2557 2493 2700 2556 uni-

392 2623 647 2666 versum
705 2600 879 2664 hunc
938 2597 1181 2663 librum
1241 2605 1306 2663 et
1362 2619 1479 2682 per
1533 2596 1772 2661 librum
1818 2595 2035 2659 XXXI
2092 2598 2264 2663 ratio
2326 2598 2505 2681 (inde
2554 2621 2593 2664 a
2640 2603 2697 2678 9,

392 2715 447 2787 ὗ,
497 2709 610 2773 ubi
659 2709 940 2791 primum
987 2708 1319 2789 quinum
1367 2704 1709 2768 millium
1757 2704 1938 2766 aeris
1985 2725 2101 2785 pro
2150 2705 2396 2787 quina
2440 2707 2700 2771 millia

389 2817 997 2899 quinquaginta
1053 2814 1236 2878 aeris
1295 2822 1359 2876 et
1421 2812 1742 2875 similibus
1799 2811 2102 2889 adnotat,
2162 2819 2229 2874 et
2290 2817 2398 2890 ll,
2460 2819 2525 2892 4,
2584 2813 2698 2877 ubi

387 2947 500 2989 sex
556 2944 751 2988 voces
809 2924 877 2985 in
916 2920 1318 3004 ,vulgaribus
1367 2921 1645 2984 omissas
1691 2919 2015 2993 restituit3
2073 2939 2225 2981 nam
2273 2917 2357 2981 ad
2406 2923 2471 2996 3,
2535 2924 2570 2981 3
2619 2942 2697 2984 ex

385 3033 532 3096 aliis
601 3031 763 3094 Livii
845 3030 1007 3093 locis
1087 3029 1166 3091 de
1246 3026 1617 3091 nominibus
1699 3028 2080 3089 coniectura
2159 3031 2225 3088 et
2291 3029 2695 3107 argumentis

386 3142 623 3217 utitur,
680 3143 757 3205 ut
811 3138 1104 3219 suspicer
1151 3138 1360 3218 prima
1408 3134 1565 3198 folia
1613 3134 1824 3196 codici
1874 3132 2159 3196 defuisse
2208 3131 2485 3215 ideoque
2532 3134 2695 3199 nihil

384 3254 539 3310 ante
598 3266 652 3308 c.
702 3249 737 3308 9
784 3242 938 3308 inde
996 3243 1325 3326 proferri).
1439 3242 1764 3324 Apparet,
1823 3239 2237 3304 intercidisse
2294 3248 2447 3323 post
2504 3240 2693 3306 Gele-

387 3355 569 3417 nium
630 3352 924 3416 codicem
979 3351 1211 3415 horum
1268 3349 1584 3414 librorum
1633 3348 1778 3429 (aut
1822 3348 2031 3430 partis
2079 3346 2333 3428 eorum)
2379 3349 2692 3415 Bamber-

382 3462 566 3545 gensi
636 3480 909 3543 prorsus
981 3480 1239 3542 parem,
1308 3456 1597 3523 fortasse
1664 3454 2030 3535 meliorem,
2099 3455 2154 3519 si
2222 3457 2419 3539 paulo
2476 3459 2691 3523 minus

380 3569 541 3632 vitio
623 3568 738 3632 illo
821 3566 1331 3632 omittendarum
1398 3587 1629 3630 vocum
1698 3564 2077 3646 inquinatus
2145 3562 2295 3642 fuit,
2378 3564 2553 3646 quod
2618 3570 2694 3630 ut

381 3696 588 3758 prope
632 3675 942 3757 suspicer,
985 3673 1148 3738 facit
1193 3672 1428 3751 XXXI,
1475 3677 1576 3753 41,
1632 3676 1706 3735 13
1755 3694 1835 3736 ex
1879 3671 1992 3735 illo
2041 3693 2171 3736 uno
2220 3672 2442 3736 codice
2488 3672 2690 3738 adno-

307 3807 318 3817 ·
381 3788 526 3846 tata
593 3783 940 3865 aptissima
997 3782 1328 3864 ‘scriptura
1388 3779 1713 3863 („lego“):
1786 3802 2017 3862 quum
2088 3781 2456 3845 universi
2515 3804 2690 3846 sex-

384 3897 801 3954 centorum
861 3910 1093 3972 aegre,
1163 3887 1399 3953 simul
1456 3890 1783 3972 equites
1839 3888 2350 3972 peditesque,
2422 3912 2691 3954 nume-

381 4019 548 4061 rum
627 3996 1106 4079 explessent
1189 3995 1373 4075 („ubi
1451 3996 1817 4061 universi
1898 3996 2099 4060 dictio
2168 3998 2687 4082 interciderat“).

378 4103 587 4169 Nemo
636 4124 792 4168 sane
840 4104 1186 4168 additurus
1232 4125 1377 4168 eam
1423 4125 1649 4169 vocem
1695 4110 1855 4167 erat.
1938 4104 2107 4167 Illud
2154 4112 2445 4171 extremo
2492 4106 2687 4174 huius

380 4212 847 4295 disputationis
891 4212 1036 4276 loco
1082 4232 1431 4296 ponamuS,
1499 4213 1643 4287 illa,
1712 4232 1909 4292 quam
1957 4211 2449 4293 declaravimus,
2496 4215 2687 4279 Bam-

377 4318 718 4402 bergensis
776 4319 1019 4384 codicis
1075 4320 1347 4403 propria
1392 4320 1458 4383 in
1503 4320 1719 4385 verbis
1766 4320 2142 4384 omittendis
2186 4320 2336 4385 labe
2381 4321 2552 4399 fieri,
2612 4328 2687 4386 ut

379 4426 754 4509 suspicio-ne
799 4427 977 4491 iusta
1024 4431 1291 4492 careant
1335 4426 1599 4505 XXXII,
1650 4431 1751 4506 21,
1799 4431 1880 4489 27
1927 4426 2068 4491 haec
2113 4428 2313 4492 verba
2358 4429 2689 4493 scilicet
