<?xml version="1.0" encoding="UTF-8"?>
<!DOCTYPE html PUBLIC "-//W3C//DTD XHTML 1.0 Transitional//EN"
    "http://www.w3.org/TR/xhtml1/DTD/xhtml1-transitional.dtd">
<html xmlns="http://www.w3.org/1999/xhtml" xml:lang="en" lang="en">
 <head>
  <title>
</title>
<meta http-equiv="Content-Type" content="text/html;charset=utf-8" />
  <meta name='ocr-system' content='tesseract 3.04.00' />
  <meta name='ocr-capabilities' content='ocr_page ocr_carea ocr_par ocr_line ocrx_word'/>
</head>
<body>
  <div class='ocr_page' id='page_1' title='image "./emendationesliv03madvgoog_0600.png"; bbox 0 0 3230 5282; ppageno 0'>
   <div class='ocr_carea' id='block_1_1' title="bbox 641 608 1860 673">
    <p class='ocr_par' dir='ltr' id='par_1_1' title="bbox 641 608 1860 673">
     <span class='ocr_line' id='line_1_1' title="bbox 641 608 1860 673; baseline -0.003 -3"><span class='ocrx_word' id='word_1_1' title='bbox 641 617 763 673; x_wconf 88' lang='lat' dir='ltr'>Lib.</span> <span class='ocrx_word' id='word_1_2' title='bbox 800 616 919 671; x_wconf 86' lang='lat' dir='ltr'>XL.</span> <span class='ocrx_word' id='word_1_3' title='bbox 1738 608 1860 667; x_wconf 78' lang='lat'>582</span> 
     </span>
    </p>
   </div>
   <div class='ocr_carea' id='block_1_2' title="bbox 476 787 3049 4534">
    <p class='ocr_par' dir='ltr' id='par_1_2' title="bbox 640 787 2946 1088">
     <span class='ocr_line' id='line_1_2' title="bbox 640 787 2946 873; baseline 0.001 -22"><span class='ocrx_word' id='word_1_4' title='bbox 640 794 934 867; x_wconf 85' lang='lat' dir='ltr'>tantum,</span> <span class='ocrx_word' id='word_1_5' title='bbox 994 788 1108 852; x_wconf 89' lang='lat' dir='ltr'>sed</span> <span class='ocrx_word' id='word_1_6' title='bbox 1177 811 1324 853; x_wconf 90' lang='lat' dir='ltr'>cum</span> <span class='ocrx_word' id='word_1_7' title='bbox 1389 790 1645 870; x_wconf 87' lang='lat' dir='ltr'>lacuna,</span> <span class='ocrx_word' id='word_1_8' title='bbox 1713 792 2024 873; x_wconf 88' lang='lat' dir='ltr'>quoniam</span> <span class='ocrx_word' id='word_1_9' title='bbox 2091 787 2386 872; x_wconf 80' lang='lat' dir='ltr'><strong>pontifex</strong></span> <span class='ocrx_word' id='word_1_10' title='bbox 2439 792 2762 856; x_wconf 79' lang='lat' dir='ltr'>maximus</span> <span class='ocrx_word' id='word_1_11' title='bbox 2818 812 2946 855; x_wconf 92' lang='lat' dir='ltr'>non</span> 
     </span>
     <span class='ocr_line' id='line_1_3' title="bbox 644 892 2945 980; baseline 0.002 -22"><span class='ocrx_word' id='word_1_12' title='bbox 644 901 1013 979; x_wconf 84' lang='lat' dir='ltr'>cooptatur.</span> <span class='ocrx_word' id='word_1_13' title='bbox 1116 897 1344 980; x_wconf 86' lang='lat' dir='ltr'>Itaque</span> <span class='ocrx_word' id='word_1_14' title='bbox 1423 899 1516 962; x_wconf 89' lang='lat' dir='ltr'>sic</span> <span class='ocrx_word' id='word_1_15' title='bbox 1599 892 2017 962; x_wconf 80' lang='lat' dir='ltr'>scribendum</span> <span class='ocrx_word' id='word_1_16' title='bbox 2082 898 2372 963; x_wconf 82' lang='lat' dir='ltr'>videtur:</span> <span class='ocrx_word' id='word_1_17' title='bbox 2418 933 2505 944; x_wconf 93' lang='lat'><strong>—</strong></span> <span class='ocrx_word' id='word_1_18' title='bbox 2567 898 2712 963; x_wconf 86' lang='lat' dir='ltr'>Fla</span> <span class='ocrx_word' id='word_1_19' title='bbox 2732 920 2945 978; x_wconf 82' lang='lat' dir='ltr'>ccuS,</span> 
     </span>
     <span class='ocr_line' id='line_1_4' title="bbox 643 1004 2725 1088; baseline 0.002 -24"><span class='ocrx_word' id='word_1_20' title='bbox 643 1011 944 1065; x_wconf 78' lang='lat' dir='ltr'>creatus</span> <span class='ocrx_word' id='word_1_21' title='bbox 989 1004 1170 1068; x_wconf 90' lang='lat' dir='ltr'>inde</span> <span class='ocrx_word' id='word_1_22' title='bbox 1217 1006 1588 1088; x_wconf 83' lang='lat' dir='ltr'><strong>pontifex</strong></span> <span class='ocrx_word' id='word_1_23' title='bbox 1633 1027 1823 1069; x_wconf 85' lang='lat' dir='ltr'>max.</span> <span class='ocrx_word' id='word_1_24' title='bbox 1916 1005 2109 1070; x_wconf 89' lang='lat' dir='ltr'>Inde</span> <span class='ocrx_word' id='word_1_25' title='bbox 2156 1007 2286 1070; x_wconf 86' lang='lat' dir='ltr'>iam</span> <span class='ocrx_word' id='word_1_26' title='bbox 2332 1007 2431 1070; x_wconf 88' lang='lat' dir='ltr'>W.</span> <span class='ocrx_word' id='word_1_27' title='bbox 2480 1005 2725 1086; x_wconf 81' lang='lat'>(1865.)</span> 
     </span>
    </p>

    <p class='ocr_par' dir='ltr' id='par_1_3' title="bbox 641 1110 3019 2596">
     <span class='ocr_line' id='line_1_5' title="bbox 816 1110 3019 1196; baseline 0.001 -22"><span class='ocrx_word' id='word_1_28' title='bbox 816 1110 972 1195; x_wconf 90' lang='lat' dir='ltr'>Cap.</span> <span class='ocrx_word' id='word_1_29' title='bbox 1021 1116 1121 1190; x_wconf 88' lang='grc'>43,</span> <span class='ocrx_word' id='word_1_30' title='bbox 1171 1117 1236 1176; x_wconf 90' lang='lat'>6:</span> <span class='ocrx_word' id='word_1_31' title='bbox 1308 1112 1532 1178; x_wconf 82' lang='lat' dir='ltr'><strong>Tulit</strong></span> <span class='ocrx_word' id='word_1_32' title='bbox 1587 1115 1666 1177; x_wconf 91' lang='lat' dir='ltr'>in</span> <span class='ocrx_word' id='word_1_33' title='bbox 1723 1114 2138 1196; x_wconf 85' lang='lat' dir='ltr'>triumpho</span> <span class='ocrx_word' id='word_1_34' title='bbox 2211 1113 2314 1194; x_wconf 88' lang='lat' dir='ltr'>(Q.</span> <span class='ocrx_word' id='word_1_35' title='bbox 2361 1114 2632 1177; x_wconf 76' lang='lat' dir='ltr'>Fulvius</span> <span class='ocrx_word' id='word_1_36' title='bbox 2677 1113 2947 1177; x_wconf 84' lang='lat' dir='ltr'>Flaccus</span> <span class='ocrx_word' id='word_1_37' title='bbox 3016 1113 3019 1116; x_wconf 67' lang='grc'>’</span> 
     </span>
     <span class='ocr_line' id='line_1_6' title="bbox 646 1218 2948 1303; baseline 0.001 -22"><span class='ocrx_word' id='word_1_38' title='bbox 646 1239 724 1282; x_wconf 85' lang='lat' dir='ltr'>ex</span> <span class='ocrx_word' id='word_1_39' title='bbox 779 1218 1127 1302; x_wconf 84' lang='lat' dir='ltr'>Hispania)</span> <span class='ocrx_word' id='word_1_40' title='bbox 1200 1241 1543 1286; x_wconf 86' lang='lat' dir='ltr'>coronas</span> <span class='ocrx_word' id='word_1_41' title='bbox 1613 1242 1906 1285; x_wconf 89' lang='lat' dir='ltr'>aureas</span> <span class='ocrx_word' id='word_1_42' title='bbox 1966 1228 2281 1284; x_wconf 89' lang='lat' dir='ltr'>centum</span> <span class='ocrx_word' id='word_1_43' title='bbox 2348 1223 2650 1303; x_wconf 84' lang='lat' dir='ltr'>viginti</span> <span class='ocrx_word' id='word_1_44' title='bbox 2717 1227 2948 1303; x_wconf 86' lang='lat' dir='ltr'>quat-</span> 
     </span>
     <span class='ocr_line' id='line_1_7' title="bbox 642 1329 2950 1413; baseline 0.001 -24"><span class='ocrx_word' id='word_1_45' title='bbox 642 1332 844 1406; x_wconf 89' lang='lat' dir='ltr'>tuor,</span> <span class='ocrx_word' id='word_1_46' title='bbox 886 1334 1289 1410; x_wconf 71' lang='lat' dir='ltr'>praeterea</span> <span class='ocrx_word' id='word_1_47' title='bbox 1336 1331 1512 1392; x_wconf 89' lang='lat' dir='ltr'>auri</span> <span class='ocrx_word' id='word_1_48' title='bbox 1547 1330 1811 1413; x_wconf 88' lang='lat' dir='ltr'>pondo</span> <span class='ocrx_word' id='word_1_49' title='bbox 1852 1330 2201 1410; x_wconf 89' lang='lat' dir='ltr'>triginta</span> <span class='ocrx_word' id='word_1_50' title='bbox 2232 1351 2487 1407; x_wconf 91' lang='lat' dir='ltr'>unum,</span> <span class='ocrx_word' id='word_1_51' title='bbox 2528 1335 2604 1391; x_wconf 87' lang='lat' dir='ltr'>et</span> <span class='ocrx_word' id='word_1_52' title='bbox 2644 1329 2950 1410; x_wconf 84' lang='lat' dir='ltr'>signati</span> 
     </span>
     <span class='ocr_line' id='line_1_8' title="bbox 644 1433 2950 1519; baseline 0.001 -22"><span class='ocrx_word' id='word_1_53' title='bbox 644 1433 1035 1500; x_wconf 76' lang='lat' dir='ltr'>Oscensis</span> <span class='ocrx_word' id='word_1_54' title='bbox 1080 1457 1475 1500; x_wconf 88' lang='lat' dir='ltr'>nummum</span> <span class='ocrx_word' id='word_1_55' title='bbox 1533 1443 1853 1502; x_wconf 87' lang='lat' dir='ltr'>centum</span> <span class='ocrx_word' id='word_1_56' title='bbox 1900 1438 2433 1519; x_wconf 78' lang='lat' dir='ltr'>septuaginta</span> <span class='ocrx_word' id='word_1_57' title='bbox 2478 1439 2639 1500; x_wconf 85' lang='lat' dir='ltr'>tria</span> <span class='ocrx_word' id='word_1_58' title='bbox 2686 1436 2950 1500; x_wconf 85' lang='lat' dir='ltr'>millia</span> 
     </span>
     <span class='ocr_line' id='line_1_9' title="bbox 643 1542 2952 1608; baseline 0 -2"><span class='ocrx_word' id='word_1_59' title='bbox 643 1543 1062 1607; x_wconf 73' lang='lat' dir='ltr'>ducentos</span> <span class='ocrx_word' id='word_1_60' title='bbox 1131 1543 1339 1607; x_wconf 89' lang='lat' dir='ltr'>Nimis</span> <span class='ocrx_word' id='word_1_61' title='bbox 1387 1545 1615 1608; x_wconf 90' lang='lat' dir='ltr'>leviter</span> <span class='ocrx_word' id='word_1_62' title='bbox 1661 1544 2239 1608; x_wconf 87' lang='lat' dir='ltr'>Drakenborchius</span> <span class='ocrx_word' id='word_1_63' title='bbox 2285 1546 2599 1608; x_wconf 83' lang='lat' dir='ltr'>tractavit</span> <span class='ocrx_word' id='word_1_64' title='bbox 2646 1542 2952 1607; x_wconf 75' lang='lat' dir='ltr'>fflaream‘</span> 
     </span>
     <span class='ocr_line' id='line_1_10' title="bbox 646 1650 2950 1734; baseline -0 -21"><span class='ocrx_word' id='word_1_65' title='bbox 646 1651 1089 1715; x_wconf 74' lang='lat' dir='ltr'>dubitationes</span> <span class='ocrx_word' id='word_1_66' title='bbox 1149 1675 1228 1715; x_wconf 83' lang='lat' dir='ltr'>ex</span> <span class='ocrx_word' id='word_1_67' title='bbox 1286 1653 1667 1716; x_wconf 86' lang='lat' dir='ltr'>iustissimis</span> <span class='ocrx_word' id='word_1_68' title='bbox 1725 1653 1938 1715; x_wconf 88' lang='lat' dir='ltr'>causis</span> <span class='ocrx_word' id='word_1_69' title='bbox 1996 1658 2208 1731; x_wconf 82' lang='lat' dir='ltr'>ortaS,</span> <span class='ocrx_word' id='word_1_70' title='bbox 2280 1674 2444 1734; x_wconf 86' lang='lat' dir='ltr'>quas</span> <span class='ocrx_word' id='word_1_71' title='bbox 2507 1653 2707 1715; x_wconf 90' lang='lat' dir='ltr'>ceteri</span> <span class='ocrx_word' id='word_1_72' title='bbox 2763 1650 2950 1713; x_wconf 86' lang='lat' dir='ltr'>taciti</span> 
     </span>
     <span class='ocr_line' id='line_1_11' title="bbox 642 1758 2950 1843; baseline -0.001 -21"><span class='ocrx_word' id='word_1_73' title='bbox 642 1761 1115 1843; x_wconf 83' lang='lat' dir='ltr'>praeterierant.</span> <span class='ocrx_word' id='word_1_74' title='bbox 1184 1761 1352 1824; x_wconf 86' lang='lat' dir='ltr'>Nam</span> <span class='ocrx_word' id='word_1_75' title='bbox 1378 1759 1664 1824; x_wconf 88' lang='lat' dir='ltr'>Oscense</span> <span class='ocrx_word' id='word_1_76' title='bbox 1702 1766 2048 1841; x_wconf 88' lang='lat' dir='ltr'>argentum</span> <span class='ocrx_word' id='word_1_77' title='bbox 2085 1760 2579 1823; x_wconf 85' lang='lat' dir='ltr'>commemorari</span> <span class='ocrx_word' id='word_1_78' title='bbox 2616 1758 2792 1841; x_wconf 84' lang='lat' dir='ltr'>apud</span> <span class='ocrx_word' id='word_1_79' title='bbox 2839 1778 2950 1821; x_wconf 88' lang='lat' dir='ltr'>an-</span> 
     </span>
     <span class='ocr_line' id='line_1_12' title="bbox 641 1867 2949 1950; baseline -0.001 -20"><span class='ocrx_word' id='word_1_80' title='bbox 641 1868 880 1950; x_wconf 81' lang='lat' dir='ltr'>tiquos,</span> <span class='ocrx_word' id='word_1_81' title='bbox 900 1889 1030 1931; x_wconf 91' lang='lat' dir='ltr'>non</span> <span class='ocrx_word' id='word_1_82' title='bbox 1057 1888 1307 1946; x_wconf 87' lang='lat' dir='ltr'>aurum,</span> <span class='ocrx_word' id='word_1_83' title='bbox 1325 1869 1627 1932; x_wconf 86' lang='lat' dir='ltr'>convenit</span> <span class='ocrx_word' id='word_1_84' title='bbox 1653 1867 1972 1947; x_wconf 85' lang='lat' dir='ltr'>(XXXIV,</span> <span class='ocrx_word' id='word_1_85' title='bbox 1997 1872 2091 1946; x_wconf 93' lang='lat'>10,</span> <span class='ocrx_word' id='word_1_86' title='bbox 2118 1874 2155 1930; x_wconf 88' lang='lat'>4</span> <span class='ocrx_word' id='word_1_87' title='bbox 2182 1873 2361 1945; x_wconf 79' lang='lat' dir='ltr'>et4ss,</span> <span class='ocrx_word' id='word_1_88' title='bbox 2390 1867 2613 1947; x_wconf 74' lang='lat' dir='ltr'>2),nec</span> <span class='ocrx_word' id='word_1_89' title='bbox 2638 1886 2949 1948; x_wconf 86' lang='lat' dir='ltr'>umquam</span> 
     </span>
     <span class='ocr_line' id='line_1_13' title="bbox 643 1975 2949 2058; baseline -0.001 -21"><span class='ocrx_word' id='word_1_90' title='bbox 643 1975 759 2038; x_wconf 92' lang='lat' dir='ltr'>illa</span> <span class='ocrx_word' id='word_1_91' title='bbox 804 1983 998 2038; x_wconf 76' lang='lat' dir='ltr'>aetate</span> <span class='ocrx_word' id='word_1_92' title='bbox 1045 1997 1347 2038; x_wconf 84' lang='lat' dir='ltr'>nummos</span> <span class='ocrx_word' id='word_1_93' title='bbox 1395 1996 1666 2053; x_wconf 79' lang='lat' dir='ltr'>aureOS,</span> <span class='ocrx_word' id='word_1_94' title='bbox 1729 1977 1839 2058; x_wconf 89' lang='lat' dir='ltr'>qui</span> <span class='ocrx_word' id='word_1_95' title='bbox 1884 1977 2107 2039; x_wconf 73' lang='lat' dir='ltr'>Romae</span> <span class='ocrx_word' id='word_1_96' title='bbox 2164 1997 2425 2058; x_wconf 89' lang='lat' dir='ltr'>quoque</span> <span class='ocrx_word' id='word_1_97' title='bbox 2471 1975 2605 2037; x_wconf 86' lang='lat' dir='ltr'>rari</span> <span class='ocrx_word' id='word_1_98' title='bbox 2653 1980 2793 2036; x_wconf 84' lang='lat' dir='ltr'>tum</span> <span class='ocrx_word' id='word_1_99' title='bbox 2842 1993 2949 2034; x_wconf 85' lang='lat' dir='ltr'>cu-</span> 
     </span>
     <span class='ocr_line' id='line_1_14' title="bbox 644 2076 2948 2166; baseline -0.001 -20"><span class='ocrx_word' id='word_1_100' title='bbox 644 2083 998 2161; x_wconf 83' lang='lat' dir='ltr'>debantur,</span> <span class='ocrx_word' id='word_1_101' title='bbox 1070 2105 1148 2146; x_wconf 82' lang='lat' dir='ltr'>ex</span> <span class='ocrx_word' id='word_1_102' title='bbox 1192 2083 1518 2166; x_wconf 84' lang='lat' dir='ltr'>Hispania</span> <span class='ocrx_word' id='word_1_103' title='bbox 1563 2083 1823 2147; x_wconf 87' lang='lat' dir='ltr'>adlatos</span> <span class='ocrx_word' id='word_1_104' title='bbox 1879 2076 2136 2146; x_wconf 76' lang='lat' dir='ltr'>narrari</span> <span class='ocrx_word' id='word_1_105' title='bbox 2193 2084 2259 2145; x_wconf 91' lang='lat' dir='ltr'>in</span> <span class='ocrx_word' id='word_1_106' title='bbox 2315 2081 2797 2164; x_wconf 88' lang='lat' dir='ltr'>triumphorum</span> <span class='ocrx_word' id='word_1_107' title='bbox 2843 2079 2948 2143; x_wconf 86' lang='lat' dir='ltr'>de-</span> 
     </span>
     <span class='ocr_line' id='line_1_15' title="bbox 643 2187 2949 2272; baseline -0.001 -19"><span class='ocrx_word' id='word_1_108' title='bbox 643 2189 1150 2271; x_wconf 71' lang='lat' dir='ltr'>scriptionibus3</span> <span class='ocrx_word' id='word_1_109' title='bbox 1219 2191 1441 2271; x_wconf 88' lang='lat' dir='ltr'>itaque</span> <span class='ocrx_word' id='word_1_110' title='bbox 1511 2193 1708 2255; x_wconf 86' lang='lat' dir='ltr'>etiam</span> <span class='ocrx_word' id='word_1_111' title='bbox 1790 2191 1898 2254; x_wconf 92' lang='lat' dir='ltr'>hic</span> <span class='ocrx_word' id='word_1_112' title='bbox 1976 2191 2294 2272; x_wconf 80' lang='lat' dir='ltr'>argenti</span> <span class='ocrx_word' id='word_1_113' title='bbox 2378 2189 2590 2253; x_wconf 86' lang='lat' dir='ltr'>audiri</span> <span class='ocrx_word' id='word_1_114' title='bbox 2661 2187 2949 2251; x_wconf 86' lang='lat' dir='ltr'>Draken-</span> 
     </span>
     <span class='ocr_line' id='line_1_16' title="bbox 644 2296 2947 2382; baseline -0.002 -21"><span class='ocrx_word' id='word_1_115' title='bbox 644 2297 957 2361; x_wconf 91' lang='lat' dir='ltr'>borchius</span> <span class='ocrx_word' id='word_1_116' title='bbox 1003 2297 1158 2360; x_wconf 80' lang='lat' dir='ltr'>vult.</span> <span class='ocrx_word' id='word_1_117' title='bbox 1253 2296 1379 2362; x_wconf 85' lang='lat' dir='ltr'>Sed</span> <span class='ocrx_word' id='word_1_118' title='bbox 1428 2301 1541 2381; x_wconf 90' lang='lat' dir='ltr'>qui</span> <span class='ocrx_word' id='word_1_119' title='bbox 1586 2299 1657 2363; x_wconf 93' lang='lat' dir='ltr'>id</span> <span class='ocrx_word' id='word_1_120' title='bbox 1702 2299 1917 2362; x_wconf 90' lang='lat' dir='ltr'>audiri</span> <span class='ocrx_word' id='word_1_121' title='bbox 1963 2299 2230 2382; x_wconf 81' lang='lat' dir='ltr'>potest?</span> <span class='ocrx_word' id='word_1_122' title='bbox 2279 2305 2395 2361; x_wconf 87' lang='lat' dir='ltr'>aut</span> <span class='ocrx_word' id='word_1_123' title='bbox 2441 2298 2584 2380; x_wconf 89' lang='lat' dir='ltr'>quis</span> <span class='ocrx_word' id='word_1_124' title='bbox 2637 2316 2947 2377; x_wconf 88' lang='lat' dir='ltr'>umquam</span> 
     </span>
     <span class='ocr_line' id='line_1_17' title="bbox 646 2402 2947 2488; baseline -0.001 -21"><span class='ocrx_word' id='word_1_125' title='bbox 646 2403 996 2468; x_wconf 87' lang='lat' dir='ltr'>Oscense</span> <span class='ocrx_word' id='word_1_126' title='bbox 1034 2405 1333 2470; x_wconf 87' lang='lat' dir='ltr'>absolute</span> <span class='ocrx_word' id='word_1_127' title='bbox 1383 2406 1564 2484; x_wconf 83' lang='lat' dir='ltr'>dixit,</span> <span class='ocrx_word' id='word_1_128' title='bbox 1610 2407 1977 2488; x_wconf 80' lang='lat' dir='ltr'>praesertim</span> <span class='ocrx_word' id='word_1_129' title='bbox 2023 2406 2436 2488; x_wconf 84' lang='lat' dir='ltr'>praecedente</span> <span class='ocrx_word' id='word_1_130' title='bbox 2472 2405 2611 2468; x_wconf 84' lang='lat' dir='ltr'>auri</span> <span class='ocrx_word' id='word_1_131' title='bbox 2648 2402 2947 2467; x_wconf 82' lang='lat' dir='ltr'>nomine?</span> 
     </span>
     <span class='ocr_line' id='line_1_18' title="bbox 645 2507 2950 2596; baseline -0.001 -22"><span class='ocrx_word' id='word_1_132' title='bbox 645 2511 896 2575; x_wconf 89' lang='lat' dir='ltr'>Deinde</span> <span class='ocrx_word' id='word_1_133' title='bbox 946 2512 1356 2577; x_wconf 87' lang='lat' dir='ltr'>desideratur</span> <span class='ocrx_word' id='word_1_134' title='bbox 1400 2515 1661 2578; x_wconf 89' lang='lat' dir='ltr'>omnino</span> <span class='ocrx_word' id='word_1_135' title='bbox 1709 2515 1965 2596; x_wconf 84' lang='lat' dir='ltr'>argenti</span> <span class='ocrx_word' id='word_1_136' title='bbox 2009 2535 2138 2577; x_wconf 92' lang='lat' dir='ltr'>non</span> <span class='ocrx_word' id='word_1_137' title='bbox 2180 2514 2422 2594; x_wconf 87' lang='lat' dir='ltr'>signati</span> <span class='ocrx_word' id='word_1_138' title='bbox 2468 2512 2731 2590; x_wconf 86' lang='lat' dir='ltr'>mentio,</span> <span class='ocrx_word' id='word_1_139' title='bbox 2779 2507 2950 2593; x_wconf 89' lang='lat' dir='ltr'>quod</span> 
     </span>
    </p>

    <p class='ocr_par' dir='ltr' id='par_1_4' title="bbox 476 2614 3049 3887">
     <span class='ocr_line' id='line_1_19' title="bbox 476 2614 2949 2705; baseline -0.004 -15"><span class='ocrx_word' id='word_1_140' title='bbox 476 2633 618 2703; x_wconf 79' lang='lat'>(476)</span> <span class='ocrx_word' id='word_1_141' title='bbox 656 2640 805 2684; x_wconf 87' lang='lat' dir='ltr'>cum</span> <span class='ocrx_word' id='word_1_142' title='bbox 849 2640 1027 2703; x_wconf 23' lang='lat' dir='ltr'>auro·</span> <span class='ocrx_word' id='word_1_143' title='bbox 1056 2628 1633 2687; x_wconf 88' lang='lat' dir='ltr'>commemoratum</span> <span class='ocrx_word' id='word_1_144' title='bbox 1678 2621 1879 2687; x_wconf 87' lang='lat' dir='ltr'>fuisse</span> <span class='ocrx_word' id='word_1_145' title='bbox 1926 2629 2217 2705; x_wconf 84' lang='lat' dir='ltr'>oportet3</span> <span class='ocrx_word' id='word_1_146' title='bbox 2276 2629 2473 2703; x_wconf 83' lang='lat' dir='ltr'>atque</span> <span class='ocrx_word' id='word_1_147' title='bbox 2530 2621 2748 2703; x_wconf 87' lang='lat' dir='ltr'>ipsum</span> <span class='ocrx_word' id='word_1_148' title='bbox 2792 2614 2949 2682; x_wconf 87' lang='lat' dir='ltr'>illud</span> 
     </span>
     <span class='ocr_line' id='line_1_20' title="bbox 650 2727 2946 2813; baseline -0.001 -22"><span class='ocrx_word' id='word_1_149' title='bbox 650 2730 959 2809; x_wconf 85' lang='lat' dir='ltr'>signati</span> <span class='ocrx_word' id='word_1_150' title='bbox 1026 2727 1308 2801; x_wconf 86' lang='lat' dir='ltr'>refertur</span> <span class='ocrx_word' id='word_1_151' title='bbox 1374 2731 1745 2795; x_wconf 88' lang='lat' dir='ltr'>necessario</span> <span class='ocrx_word' id='word_1_152' title='bbox 1805 2730 1887 2794; x_wconf 88' lang='lat' dir='ltr'>ad</span> <span class='ocrx_word' id='word_1_153' title='bbox 1956 2730 2437 2813; x_wconf 80' lang='lat' dir='ltr'>praecedentem</span> <span class='ocrx_word' id='word_1_154' title='bbox 2506 2729 2763 2809; x_wconf 88' lang='lat' dir='ltr'>argenti</span> <span class='ocrx_word' id='word_1_155' title='bbox 2821 2746 2946 2789; x_wconf 91' lang='lat' dir='ltr'>non</span> 
     </span>
     <span class='ocr_line' id='line_1_21' title="bbox 647 2831 2947 2920; baseline -0.002 -21"><span class='ocrx_word' id='word_1_156' title='bbox 647 2838 888 2918; x_wconf 87' lang='lat' dir='ltr'>signati</span> <span class='ocrx_word' id='word_1_157' title='bbox 931 2859 1295 2900; x_wconf 88' lang='lat' dir='ltr'>numerum.</span> <span class='ocrx_word' id='word_1_158' title='bbox 1365 2838 1493 2901; x_wconf 86' lang='lat' dir='ltr'>Res</span> <span class='ocrx_word' id='word_1_159' title='bbox 1542 2838 1895 2920; x_wconf 88' lang='lat' dir='ltr'>perspicua</span> <span class='ocrx_word' id='word_1_160' title='bbox 1941 2844 2044 2901; x_wconf 90' lang='lat' dir='ltr'>est</span> <span class='ocrx_word' id='word_1_161' title='bbox 2089 2845 2155 2901; x_wconf 88' lang='lat' dir='ltr'>et</span> <span class='ocrx_word' id='word_1_162' title='bbox 2199 2859 2320 2920; x_wconf 88' lang='lat' dir='ltr'>per</span> <span class='ocrx_word' id='word_1_163' title='bbox 2366 2858 2434 2900; x_wconf 87' lang='lat' dir='ltr'>se</span> <span class='ocrx_word' id='word_1_164' title='bbox 2472 2842 2538 2898; x_wconf 88' lang='lat' dir='ltr'>et</span> <span class='ocrx_word' id='word_1_165' title='bbox 2576 2857 2654 2898; x_wconf 79' lang='lat' dir='ltr'>ex</span> <span class='ocrx_word' id='word_1_166' title='bbox 2700 2833 2785 2897; x_wconf 89' lang='lat' dir='ltr'>M.</span> <span class='ocrx_word' id='word_1_167' title='bbox 2835 2831 2947 2896; x_wconf 89' lang='lat' dir='ltr'>Ca-</span> 
     </span>
     <span class='ocr_line' id='line_1_22' title="bbox 646 2940 2946 3028; baseline -0.003 -20"><span class='ocrx_word' id='word_1_168' title='bbox 646 2946 821 3008; x_wconf 89' lang='lat' dir='ltr'>tonis</span> <span class='ocrx_word' id='word_1_169' title='bbox 867 2944 1182 3028; x_wconf 90' lang='lat' dir='ltr'>triumphi</span> <span class='ocrx_word' id='word_1_170' title='bbox 1233 2946 1692 3027; x_wconf 79' lang='lat' dir='ltr'>Hispaniensis</span> <span class='ocrx_word' id='word_1_171' title='bbox 1752 2945 2192 3027; x_wconf 88' lang='lat' dir='ltr'>descriptione</span> <span class='ocrx_word' id='word_1_172' title='bbox 2240 2945 2385 3008; x_wconf 90' lang='lat' dir='ltr'>libr.</span> <span class='ocrx_word' id='word_1_173' title='bbox 2433 2940 2723 3019; x_wconf 76' lang='lat' dir='ltr'>XXXIV,</span> <span class='ocrx_word' id='word_1_174' title='bbox 2770 2946 2869 3019; x_wconf 84' lang='lat'>46,</span> <span class='ocrx_word' id='word_1_175' title='bbox 2912 2943 2946 3001; x_wconf 80' lang='lat'><strong>2</strong></span> 
     </span>
     <span class='ocr_line' id='line_1_23' title="bbox 649 3047 2945 3135; baseline -0.002 -20"><span class='ocrx_word' id='word_1_176' title='bbox 649 3052 1004 3134; x_wconf 84' lang='lat' dir='ltr'>(argenti</span> <span class='ocrx_word' id='word_1_177' title='bbox 1071 3050 1368 3116; x_wconf 85' lang='lat' dir='ltr'>infecti</span> <span class='ocrx_word' id='word_1_178' title='bbox 1436 3088 1539 3131; x_wconf 72' lang='lat'>——‚</span> <span class='ocrx_word' id='word_1_179' title='bbox 1610 3053 1875 3135; x_wconf 85' lang='lat' dir='ltr'>bigati</span> <span class='ocrx_word' id='word_1_180' title='bbox 1943 3088 2043 3131; x_wconf 84' lang='lat'>-—,</span> <span class='ocrx_word' id='word_1_181' title='bbox 2113 3051 2495 3116; x_wconf 87' lang='lat' dir='ltr'>Oscensis</span> <span class='ocrx_word' id='word_1_182' title='bbox 2563 3085 2663 3128; x_wconf 89' lang='lat'>——,</span> <span class='ocrx_word' id='word_1_183' title='bbox 2744 3047 2945 3124; x_wconf 81' lang='lat' dir='ltr'>auri3</span> 
     </span>
     <span class='ocr_line' id='line_1_24' title="bbox 651 3158 2947 3241; baseline -0.002 -18"><span class='ocrx_word' id='word_1_184' title='bbox 651 3160 891 3241; x_wconf 85' lang='lat' dir='ltr'>signati</span> <span class='ocrx_word' id='word_1_185' title='bbox 959 3162 1213 3239; x_wconf 83' lang='lat' dir='ltr'>argenti</span> <span class='ocrx_word' id='word_1_186' title='bbox 1279 3159 1558 3225; x_wconf 86' lang='lat' dir='ltr'>alterum</span> <span class='ocrx_word' id='word_1_187' title='bbox 1605 3181 1843 3240; x_wconf 88' lang='lat' dir='ltr'>genus,</span> <span class='ocrx_word' id='word_1_188' title='bbox 1891 3161 2217 3240; x_wconf 86' lang='lat' dir='ltr'>bigatum,</span> <span class='ocrx_word' id='word_1_189' title='bbox 2278 3181 2426 3222; x_wconf 89' lang='lat' dir='ltr'>cum</span> <span class='ocrx_word' id='word_1_190' title='bbox 2474 3158 2748 3221; x_wconf 85' lang='lat' dir='ltr'>Oscensi</span> <span class='ocrx_word' id='word_1_191' title='bbox 2805 3177 2947 3220; x_wconf 90' lang='lat' dir='ltr'>con·</span> 
     </span>
     <span class='ocr_line' id='line_1_25' title="bbox 652 3262 2946 3349; baseline -0.003 -18"><span class='ocrx_word' id='word_1_192' title='bbox 652 3269 945 3349; x_wconf 89' lang='lat' dir='ltr'>iungitur</span> <span class='ocrx_word' id='word_1_193' title='bbox 969 3270 1170 3331; x_wconf 89' lang='lat' dir='ltr'>etiam</span> <span class='ocrx_word' id='word_1_194' title='bbox 1196 3267 1487 3346; x_wconf 82' lang='lat' dir='ltr'>XXXIV,</span> <span class='ocrx_word' id='word_1_195' title='bbox 1518 3273 1614 3345; x_wconf 84' lang='lat'>10,</span> <span class='ocrx_word' id='word_1_196' title='bbox 1654 3268 1740 3347; x_wconf 81' lang='lat'>4).</span> <span class='ocrx_word' id='word_1_197' title='bbox 1791 3267 2022 3348; x_wconf 87' lang='lat' dir='ltr'>Itaque</span> <span class='ocrx_word' id='word_1_198' title='bbox 2067 3266 2192 3344; x_wconf 85' lang='lat' dir='ltr'>hic,</span> <span class='ocrx_word' id='word_1_199' title='bbox 2231 3267 2310 3329; x_wconf 86' lang='lat' dir='ltr'>de</span> <span class='ocrx_word' id='word_1_200' title='bbox 2359 3288 2488 3349; x_wconf 88' lang='lat' dir='ltr'>quo</span> <span class='ocrx_word' id='word_1_201' title='bbox 2537 3266 2811 3346; x_wconf 80' lang='lat' dir='ltr'>agimus,</span> <span class='ocrx_word' id='word_1_202' title='bbox 2857 3262 2946 3325; x_wconf 93' lang='lat' dir='ltr'>lo-</span> 
     </span>
     <span class='ocr_line' id='line_1_26' title="bbox 651 3367 3049 3457; baseline -0.002 -17"><span class='ocrx_word' id='word_1_203' title='bbox 651 3397 764 3440; x_wconf 88' lang='lat' dir='ltr'>cus</span> <span class='ocrx_word' id='word_1_204' title='bbox 810 3398 849 3439; x_wconf 89' lang='lat' dir='ltr'>a</span> <span class='ocrx_word' id='word_1_205' title='bbox 887 3375 1070 3440; x_wconf 81' lang='lat' dir='ltr'>Livio</span> <span class='ocrx_word' id='word_1_206' title='bbox 1119 3376 1202 3439; x_wconf 90' lang='lat' dir='ltr'>ad</span> <span class='ocrx_word' id='word_1_207' title='bbox 1249 3375 1418 3438; x_wconf 87' lang='lat' dir='ltr'>hanc</span> <span class='ocrx_word' id='word_1_208' title='bbox 1466 3375 1746 3439; x_wconf 88' lang='lat' dir='ltr'>formam</span> <span class='ocrx_word' id='word_1_209' title='bbox 1794 3376 2077 3457; x_wconf 85' lang='lat' dir='ltr'>scriptus</span> <span class='ocrx_word' id='word_1_210' title='bbox 2114 3383 2283 3438; x_wconf 88' lang='lat' dir='ltr'>erat:</span> <span class='ocrx_word' id='word_1_211' title='bbox 2334 3380 2736 3456; x_wconf 80' lang='lat' dir='ltr'>praeterea</span> <span class='ocrx_word' id='word_1_212' title='bbox 2782 3367 2949 3434; x_wconf 91' lang='lat' dir='ltr'>auri</span> <span class='ocrx_word' id='word_1_213' title='bbox 3041 3430 3049 3436; x_wconf 89' lang='lat'><strong>.</strong></span> 
     </span>
     <span class='ocr_line' id='line_1_27' title="bbox 652 3476 2951 3567; baseline -0.003 -21"><span class='ocrx_word' id='word_1_214' title='bbox 652 3483 911 3567; x_wconf 86' lang='lat' dir='ltr'>pondo</span> <span class='ocrx_word' id='word_1_215' title='bbox 980 3484 1338 3564; x_wconf 85' lang='lat' dir='ltr'>triginta</span> <span class='ocrx_word' id='word_1_216' title='bbox 1398 3504 1665 3561; x_wconf 87' lang='lat' dir='ltr'>unum,</span> <span class='ocrx_word' id='word_1_217' title='bbox 1734 3482 2036 3562; x_wconf 77' lang='lat' dir='ltr'>argenti</span> <span class='ocrx_word' id='word_1_218' title='bbox 2093 3481 2452 3561; x_wconf 67' lang='lat' dir='ltr'>insectl**</span> <span class='ocrx_word' id='word_1_219' title='bbox 2510 3486 2585 3544; x_wconf 89' lang='lat' dir='ltr'>et</span> <span class='ocrx_word' id='word_1_220' title='bbox 2653 3476 2951 3560; x_wconf 85' lang='lat' dir='ltr'>signati</span> 
     </span>
     <span class='ocr_line' id='line_1_28' title="bbox 654 3583 2951 3671; baseline -0.003 -16"><span class='ocrx_word' id='word_1_221' title='bbox 654 3590 1042 3655; x_wconf 89' lang='lat' dir='ltr'>Oscensis</span> <span class='ocrx_word' id='word_1_222' title='bbox 1092 3596 1211 3654; x_wconf 83' lang='lat' dir='ltr'>cet.</span> <span class='ocrx_word' id='word_1_223' title='bbox 1307 3591 1588 3655; x_wconf 82' lang='lat' dir='ltr'>Lacunae</span> <span class='ocrx_word' id='word_1_224' title='bbox 1661 3591 1724 3653; x_wconf 90' lang='lat' dir='ltr'>in</span> <span class='ocrx_word' id='word_1_225' title='bbox 1784 3590 1910 3653; x_wconf 88' lang='lat' dir='ltr'>hac</span> <span class='ocrx_word' id='word_1_226' title='bbox 1969 3595 2258 3653; x_wconf 83' lang='lat' dir='ltr'>extrema</span> <span class='ocrx_word' id='word_1_227' title='bbox 2314 3595 2503 3671; x_wconf 89' lang='lat' dir='ltr'>parte</span> <span class='ocrx_word' id='word_1_228' title='bbox 2561 3594 2628 3650; x_wconf 90' lang='lat' dir='ltr'>et</span> <span class='ocrx_word' id='word_1_229' title='bbox 2683 3585 2765 3649; x_wconf 84' lang='lat' dir='ltr'>ab</span> <span class='ocrx_word' id='word_1_230' title='bbox 2813 3583 2951 3648; x_wconf 88' lang='lat' dir='ltr'>aliis</span> 
     </span>
     <span class='ocr_line' id='line_1_29' title="bbox 655 3691 2953 3781; baseline -0.004 -18"><span class='ocrx_word' id='word_1_231' title='bbox 655 3700 912 3781; x_wconf 88' lang='lat' dir='ltr'>aliquot</span> <span class='ocrx_word' id='word_1_232' title='bbox 977 3704 1221 3762; x_wconf 75' lang='lat' dir='ltr'>notatae</span> <span class='ocrx_word' id='word_1_233' title='bbox 1291 3705 1442 3761; x_wconf 91' lang='lat' dir='ltr'>sunt</span> <span class='ocrx_word' id='word_1_234' title='bbox 1479 3698 1583 3775; x_wconf 44' lang='grc' dir='ltr'>κ(ο.</span> <span class='ocrx_word' id='word_1_235' title='bbox 1634 3701 1735 3775; x_wconf 79' lang='grc'>46,</span> <span class='ocrx_word' id='word_1_236' title='bbox 1786 3704 1821 3759; x_wconf 87' lang='grc'>6</span> <span class='ocrx_word' id='word_1_237' title='bbox 1881 3705 1948 3761; x_wconf 90' lang='lat' dir='ltr'>et</span> <span class='ocrx_word' id='word_1_238' title='bbox 1995 3701 2092 3775; x_wconf 82' lang='lat'>53,</span> <span class='ocrx_word' id='word_1_239' title='bbox 2141 3700 2177 3758; x_wconf 83' lang='lat'>3</span> <span class='ocrx_word' id='word_1_240' title='bbox 2225 3704 2290 3760; x_wconf 89' lang='lat' dir='ltr'>et</span> <span class='ocrx_word' id='word_1_241' title='bbox 2349 3700 2448 3771; x_wconf 77' lang='lat'>56,</span> <span class='ocrx_word' id='word_1_242' title='bbox 2513 3696 2617 3774; x_wconf 90' lang='lat'>10)</span> <span class='ocrx_word' id='word_1_243' title='bbox 2677 3700 2745 3757; x_wconf 86' lang='lat' dir='ltr'>et</span> <span class='ocrx_word' id='word_1_244' title='bbox 2800 3691 2953 3756; x_wconf 85' lang='lat' dir='ltr'>mihi</span> 
     </span>
     <span class='ocr_line' id='line_1_30' title="bbox 655 3805 2052 3887; baseline -0.002 -17"><span class='ocrx_word' id='word_1_245' title='bbox 655 3828 789 3871; x_wconf 91' lang='lat' dir='ltr'>una</span> <span class='ocrx_word' id='word_1_246' title='bbox 833 3813 898 3870; x_wconf 88' lang='lat' dir='ltr'>et</span> <span class='ocrx_word' id='word_1_247' title='bbox 944 3806 1156 3869; x_wconf 88' lang='lat' dir='ltr'>altera</span> <span class='ocrx_word' id='word_1_248' title='bbox 1201 3811 1521 3887; x_wconf 76' lang='lat' dir='ltr'>praeterea</span> <span class='ocrx_word' id='word_1_249' title='bbox 1566 3805 1864 3868; x_wconf 90' lang='lat' dir='ltr'>notanda</span> <span class='ocrx_word' id='word_1_250' title='bbox 1909 3806 2052 3868; x_wconf 90' lang='lat' dir='ltr'>erit.</span> 
     </span>
    </p>

    <p class='ocr_par' dir='ltr' id='par_1_5' title="bbox 828 3907 2956 3995">
     <span class='ocr_line' id='line_1_31' title="bbox 828 3907 2956 3995; baseline -0.004 -19"><span class='ocrx_word' id='word_1_251' title='bbox 828 3912 984 3995; x_wconf 88' lang='lat' dir='ltr'>Cap.</span> <span class='ocrx_word' id='word_1_252' title='bbox 1034 3918 1135 3989; x_wconf 79' lang='lat'>45,</span> <span class='ocrx_word' id='word_1_253' title='bbox 1186 3917 1253 3974; x_wconf 85' lang='lat'>5:</span> <span class='ocrx_word' id='word_1_254' title='bbox 1305 3911 1413 3976; x_wconf 92' lang='lat' dir='ltr'>Ob</span> <span class='ocrx_word' id='word_1_255' title='bbox 1462 3933 1550 3975; x_wconf 89' lang='lat' dir='ltr'>ea</span> <span class='ocrx_word' id='word_1_256' title='bbox 1597 3912 1953 3995; x_wconf 88' lang='lat' dir='ltr'>(prodigia)</span> <span class='ocrx_word' id='word_1_257' title='bbox 2003 3911 2437 3976; x_wconf 83' lang='lat' dir='ltr'>decemviri</span> <span class='ocrx_word' id='word_1_258' title='bbox 2483 3909 2688 3973; x_wconf 90' lang='lat' dir='ltr'>iussi</span> <span class='ocrx_word' id='word_1_259' title='bbox 2734 3907 2956 3971; x_wconf 88' lang='lat' dir='ltr'>adire</span> 
     </span>
    </p>

    <p class='ocr_par' dir='ltr' id='par_1_6' title="bbox 578 4013 2967 4534">
     <span class='ocr_line' id='line_1_32' title="bbox 578 4013 2959 4105; baseline -0.004 -19"><span class='ocrx_word' id='word_1_260' title='bbox 578 4050 586 4054; x_wconf 67' lang='grc'><strong>’</strong></span> <span class='ocrx_word' id='word_1_261' title='bbox 654 4022 920 4086; x_wconf 90' lang='lat' dir='ltr'>libros</span> <span class='ocrx_word' id='word_1_262' title='bbox 967 4019 1326 4099; x_wconf 89' lang='lat' dir='ltr'>edidere,</span> <span class='ocrx_word' id='word_1_263' title='bbox 1377 4021 1674 4105; x_wconf 89' lang='lat' dir='ltr'>quibus</span> <span class='ocrx_word' id='word_1_264' title='bbox 1721 4021 1876 4084; x_wconf 90' lang='lat' dir='ltr'>diis</span> <span class='ocrx_word' id='word_1_265' title='bbox 1923 4027 2001 4083; x_wconf 87' lang='lat' dir='ltr'>et</span> <span class='ocrx_word' id='word_1_266' title='bbox 2048 4025 2241 4101; x_wconf 89' lang='lat' dir='ltr'>quot</span> <span class='ocrx_word' id='word_1_267' title='bbox 2287 4018 2593 4082; x_wconf 88' lang='lat' dir='ltr'>hostiis</span> <span class='ocrx_word' id='word_1_268' title='bbox 2652 4013 2959 4079; x_wconf 88' lang='lat' dir='ltr'>sacrifi-</span> 
     </span>
     <span class='ocr_line' id='line_1_33' title="bbox 656 4122 2961 4209; baseline -0.004 -16"><span class='ocrx_word' id='word_1_269' title='bbox 656 4134 1018 4206; x_wconf 84' lang='lat' dir='ltr'>caretur,</span> <span class='ocrx_word' id='word_1_270' title='bbox 1091 4136 1166 4192; x_wconf 89' lang='lat' dir='ltr'>et</span> <span class='ocrx_word' id='word_1_271' title='bbox 1237 4128 1334 4192; x_wconf 87' lang='lat' dir='ltr'>ob</span> <span class='ocrx_word' id='word_1_272' title='bbox 1403 4128 1883 4192; x_wconf 85' lang='lat' dir='ltr'>fulminibus</span> <span class='ocrx_word' id='word_1_273' title='bbox 1954 4127 2386 4209; x_wconf 87' lang='lat' dir='ltr'>complura</span> <span class='ocrx_word' id='word_1_274' title='bbox 2443 4125 2624 4189; x_wconf 87' lang='lat' dir='ltr'>loca</span> <span class='ocrx_word' id='word_1_275' title='bbox 2693 4122 2961 4186; x_wconf 87' lang='lat' dir='ltr'>defor-</span> 
     </span>
     <span class='ocr_line' id='line_1_34' title="bbox 655 4234 2962 4318; baseline -0.003 -18"><span class='ocrx_word' id='word_1_276' title='bbox 655 4242 868 4300; x_wconf 88' lang='lat' dir='ltr'>mata</span> <span class='ocrx_word' id='word_1_277' title='bbox 912 4236 1008 4300; x_wconf 89' lang='lat' dir='ltr'>ad</span> <span class='ocrx_word' id='word_1_278' title='bbox 1056 4235 1297 4299; x_wconf 73' lang='lat' dir='ltr'>aedem</span> <span class='ocrx_word' id='word_1_279' title='bbox 1343 4236 1557 4299; x_wconf 82' lang='lat' dir='ltr'>Iovis</span> <span class='ocrx_word' id='word_1_280' title='bbox 1603 4244 1690 4300; x_wconf 89' lang='lat' dir='ltr'>ut</span> <span class='ocrx_word' id='word_1_281' title='bbox 1736 4234 2247 4318; x_wconf 84' lang='lat' dir='ltr'>supplicatio</span> <span class='ocrx_word' id='word_1_282' title='bbox 2308 4234 2518 4296; x_wconf 89' lang='lat' dir='ltr'>diem</span> <span class='ocrx_word' id='word_1_283' title='bbox 2565 4253 2802 4295; x_wconf 90' lang='lat' dir='ltr'>unum</span> <span class='ocrx_word' id='word_1_284' title='bbox 2849 4251 2962 4293; x_wconf 85' lang='lat' dir='ltr'>es-</span> 
     </span>
     <span class='ocr_line' id='line_1_35' title="bbox 658 4337 2965 4427; baseline -0.003 -20"><span class='ocrx_word' id='word_1_285' title='bbox 658 4349 797 4407; x_wconf 88' lang='lat' dir='ltr'>set.</span> <span class='ocrx_word' id='word_1_286' title='bbox 891 4343 1299 4427; x_wconf 86' lang='lat' dir='ltr'>Supplicatio</span> <span class='ocrx_word' id='word_1_287' title='bbox 1367 4342 1510 4421; x_wconf 89' lang='lat' dir='ltr'>illa,</span> <span class='ocrx_word' id='word_1_288' title='bbox 1578 4351 1654 4406; x_wconf 88' lang='lat' dir='ltr'>ut</span> <span class='ocrx_word' id='word_1_289' title='bbox 1712 4365 1788 4407; x_wconf 82' lang='lat' dir='ltr'>ex</span> <span class='ocrx_word' id='word_1_290' title='bbox 1847 4343 2191 4425; x_wconf 88' lang='lat' dir='ltr'>permultis</span> <span class='ocrx_word' id='word_1_291' title='bbox 2237 4342 2403 4404; x_wconf 83' lang='lat' dir='ltr'>Livii</span> <span class='ocrx_word' id='word_1_292' title='bbox 2462 4340 2625 4403; x_wconf 88' lang='lat' dir='ltr'>locis</span> <span class='ocrx_word' id='word_1_293' title='bbox 2671 4337 2965 4419; x_wconf 88' lang='lat' dir='ltr'>intellegi</span> 
     </span>
     <span class='ocr_line' id='line_1_36' title="bbox 653 4445 2967 4534; baseline -0.003 -19"><span class='ocrx_word' id='word_1_294' title='bbox 653 4457 895 4534; x_wconf 86' lang='lat' dir='ltr'>potest,</span> <span class='ocrx_word' id='word_1_295' title='bbox 940 4474 1074 4517; x_wconf 91' lang='lat' dir='ltr'>non</span> <span class='ocrx_word' id='word_1_296' title='bbox 1120 4452 1205 4515; x_wconf 91' lang='lat' dir='ltr'>ad</span> <span class='ocrx_word' id='word_1_297' title='bbox 1248 4451 1398 4515; x_wconf 85' lang='lat' dir='ltr'>loca</span> <span class='ocrx_word' id='word_1_298' title='bbox 1429 4450 1698 4513; x_wconf 90' lang='lat' dir='ltr'>fulmine</span> <span class='ocrx_word' id='word_1_299' title='bbox 1735 4456 1914 4512; x_wconf 86' lang='lat' dir='ltr'>tacta</span> <span class='ocrx_word' id='word_1_300' title='bbox 1948 4448 2339 4531; x_wconf 82' lang='lat' dir='ltr'>(praesertim</span> <span class='ocrx_word' id='word_1_301' title='bbox 2378 4448 2654 4511; x_wconf 86' lang='lat' dir='ltr'>aliorum</span> <span class='ocrx_word' id='word_1_302' title='bbox 2694 4445 2967 4510; x_wconf 89' lang='lat' dir='ltr'>deorum</span> 
     </span>
    </p>
   </div>
  </div>
 </body>
</html>
