3230 5282
545 566 670 621 Lib.
706 567 853 622 XXI.
1640 557 1765 620 264

546 762 816 824 prorsus
894 762 1014 824 pro
1093 739 1417 806 adiectivo
1495 747 1598 806 est
1675 748 1742 807 et
1818 743 2216 826 interposito
2294 741 2633 807 videbat
2700 740 2865 806 diri-

546 850 764 913 mitur.
865 847 1038 913 Huic
1096 848 1537 932 copulationis
1591 848 1852 915 formae:
1919 851 2208 934 lapsus
2266 857 2344 916 et
2391 886 2474 894 -—
2518 849 2869 933 emergit-

547 955 858 1039 (lapsus
959 954 1370 1041 facileque
1459 957 1860 1041 emergit),
1967 979 2165 1040 quam
2241 958 2619 1042 coarguisse
2695 956 2858 1023 mihi

545 1064 772 1129 xideor
816 1086 948 1129 non
993 1086 1118 1128 usu
1162 1070 1500 1148 receptam
1541 1062 1762 1146 fuisse,
1818 1066 2179 1149 respondet
2223 1087 2260 1131 e
2304 1066 2639 1131 contrario
2682 1065 2867 1130 haec.

548 1178 827 1237 castra
868 1173 1121 1249 movit
1165 1178 1244 1238 et
1276 1208 1361 1217 —
1395 1172 1827 1256 profectus
1873 1173 2348 1257 (statimque
2394 1172 2877 1258 profectus),

544 1301 690 1365 quae
746 1281 1024 1346 eandem
1069 1280 1273 1346 habet
1315 1280 1867 1362 inaequalitatem,
1933 1282 2001 1346 in
2049 1282 2262 1347 altero
2309 1282 2602 1347 membro
2650 1289 2867 1362 curta,

545 1396 612 1455 et
676 1389 1007 1453 interdum
1078 1389 1591 1471 exspectationis
1647 1389 2176 1469 frustrationem,
2242 1409 2672 1473 quamquam,
2741 1389 2863 1455 ubi

544 1497 856 1581 perbreve
936 1503 1003 1561 et
1070 1495 1370 1580 simplex.
1415 1496 1696 1561 alterum
1761 1497 2127 1562 membrum
2194 1505 2296 1562 est
2364 1496 2572 1576 (velut
2634 1496 2868 1562 huius-

542 1606 748 1670 modi:
807 1606 1256 1687 statimque
1311 1605 1391 1669 in
1449 1602 1969 1688 Campaniam
2025 1603 2523 1689 profectus),
2582 1604 2869 1672 offensio

541 1715 754 1778 minor
798 1719 918 1778 est.
1020 1712 1251 1795 Itaque
1305 1733 1388 1776 ne
1446 1734 1591 1778 eam
1646 1714 1911 1797 quidem
1970 1714 2345 1796 suspicione
2406 1713 2588 1778 iusta
2631 1734 2867 1778 carere

544 1828 740 1905 puto,
810 1842 1013 1905 quum
1069 1821 1437 1903 praesertim
1495 1822 1641 1886 aliae
1700 1839 1962 1905 quoque
2018 1822 2087 1885 in
2143 1820 2473 1887 nonnullis
2526 1820 2692 1886 locis
2748 1842 2862 1886 ac·

543 1929 784 1994 cedant
850 1928 1199 1993 dubitandi
1264 1950 1479 1993 causae
1546 1936 1614 1993 et
1680 1929 2000 1994 correctio
2068 1929 2451 2013 plerumque
2520 1928 2866 2012 perfacilis

542 2038 646 2102 sit.
761 2034 927 2102 Sunt
985 2044 1206 2102 autem
1262 2036 1402 2102 haec
1460 2035 1642 2119 apud
1685 2035 1937 2100 Livium
1992 2035 2186 2101 huius
2244 2036 2688 2119 copulationis
2746 2059 2862 2103 ex·

540 2143 859 2227 empla¹):
919 2143 1026 2224 VI,
1076 2150 1176 2226 25,
1228 2149 1257 2208 1
1310 2144 1437 2226 (ad
1481 2143 1866 2209 tribunos
1914 2143 2456 2224 adducuntur,
2502 2165 2858 2228 percon·

542 2252 1079 2334 tantibusque
1147 2252 1380 2332 fassi,
1445 2252 1560 2316 ubi
1627 2272 1919 2335 praesens
1987 2250 2358 2334 praecedit),
2426 2251 2607 2331 VII,
2653 2256 2706 2332 1,
2780 2256 2864 2317 10

542 2360 711 2443 (par
774 2395 861 2404 —
926 2359 1183 2424 titulo
1249 2366 1500 2425 tantae
1567 2358 1847 2442 gloriae
1914 2358 2105 2438 fuit,
2188 2359 2648 2444 dignusque
2714 2360 2865 2424 ha·

540 2468 791 2546 bitus,
850 2487 1080 2549 quem
1122 2503 1208 2511 —-—
1251 2466 1624 2550 ferrent),
1678 2466 1792 2547 IX,
1857 2472 1954 2546 10,
2013 2471 2051 2530 2
2099 2466 2622 2549 (Magistratu
2668 2467 2865 2532 inde

443 2635 452 2644 .
540 2597 618 2640 se
690 2574 1098 2659 extemplo
1168 2574 1804 2656 abdicaverunt,
1883 2574 2342 2658 traditique
2414 2574 2868 2643 fetialibus

542 2705 711 2748 cum
774 2685 1084 2749 ceteris
1132 2682 1521 2749 Caudium
1580 2684 1982 2765 ducendi),
2039 2682 2246 2763 XXII,
2293 2687 2394 2763 31,
2444 2688 2481 2747 6
2528 2683 2866 2765 (classis

540 2827 624 2836 -
669 2812 991 2856 cursum
1047 2792 1345 2870 tenuit,
1403 2792 1885 2876 traditaque
1942 2790 2280 2875 Lilybaei
2335 2827 2420 2836 —-
2474 2792 2866 2882 praetori),

539 2899 779 2979 XXIII,
821 2905 916 2980 10,
961 2905 988 2963 1
1032 2899 1213 2982 (qua
1258 2900 1573 2983 gratias
1626 2900 1917 2981 egit—-,
1954 2905 2033 2964 et
2067 2901 2288 2963 inter
2336 2905 2618 2965 cetera
2650 2921 2863 2982 mag·

538 3008 795 3073 nifica
852 3009 1258 3091 promissa
1317 3007 1789 3090 pollicitu83
1848 3028 1971 3072 scr.
2011 3007 2448 3091 pollicitus
2494 3006 2645 3087 est)
2702 3014 2775 3072 et
2824 3012 2870 3072 9

540 3116 1083 3200 (perducitur,
1137 3115 1718 3198 extemploque
1754 3115 2871 3199 impositus—et—-missuS,

538 3231 691 3307 post
747 3223 1095 3307 praesens),
1163 3222 1407 3301 XXIV,
1484 3227 1587 3303 18,
1675 3227 1746 3286 11
1811 3222 2290 3304 (convenere
2350 3221 2444 3286 ad
2504 3243 2638 3287 eos
2696 3222 2871 3288 fre·

539 3337 915 3412 quentes‚
1005 3331 1138 3414 qui
1224 3330 1480 3395 hastae
1556 3329 1795 3395 huius
1870 3330 2194 3413 generis
2272 3328 2869 3411 adsueverant,

537 3439 1018 3522 hortatique
1055 3458 1457 3517 censore3‚
1509 3444 1597 3502 ut
1631 3438 1893 3503 omnia
1929 3439 2084 3517 cet.;
2132 3437 2702 3521 Phortarique,
2736 3439 2863 3504 sed.

535 3545 896 3610 infinitivus
942 3544 1300 3609 historicus
1347 3567 1481 3618 non
1531 3547 1745 3610 minus
1794 3544 2082 3624 offendit,
2147 3545 2473 3629 longeque
2530 3545 2861 3611 diversum

538 3658 666 3717 est:
714 3653 868 3716 iam
912 3651 1312 3717 tumultus
1360 3653 2185 3732 erat—,sed—nemo
2224 3653 2440 3716 scire
2479 3652 2707 3734 (XXV,
2754 3658 2851 3732 10,

548 3758 639 3840 1);
680 3757 1100 3823 scribendum
1138 3759 1426 3824 videtur:
1481 3781 1863 3826 censores
1899 3767 2099 3838 sunt,
2137 3767 2363 3840 ut—-3
2389 3760 2581 3825 facile
2618 3763 2792 3827 inter
2824 3781 2859 3821 s

598 3995 647 4060 ι)
685 3994 1061 4063 [Removendi
1105 3997 1197 4052 hic
1246 4015 1469 4066 quoque
1511 3999 1554 4052 ii
1604 3998 1745 4065 loci,
1793 3998 1854 4051 in
1900 3999 2103 4066 quibus
2151 3998 2373 4052 diversa
2407 3998 2663 4052 subiecta
2706 4004 2853 4064 sunt⁷

674 4081 740 4148 V,
777 4083 862 4149 49,
899 4083 934 4136 6
963 4081 1218 4149 (castra
1254 4085 1639 4152 capiuntur,
1677 4088 1743 4137 et
1777 4100 1857 4137 ne
1893 4085 2182 4138 nuntius
2220 4083 2501 4152 quidem
2537 4084 2855 4146 relictus,

670 4167 767 4221 ubi
812 4172 1090 4237 praeterea
1132 4185 1380 4237 praesens
1424 4175 1646 4239 tempus
1681 4169 1999 4238 proecedit),
2043 4168 2143 4236 IX,
2201 4171 2281 4234 12,
2334 4172 2386 4235 ’7,
2430 4169 2637 4234 XXIII,
2699 4173 2782 4234 10,
2822 4173 2864 4224 9

671 4252 1102 4318 (obvolutum
1149 4259 1359 4323 caput
1393 4260 1522 4323 est,
1576 4256 1909 4323 ociusque
1944 4255 2099 4322 rapi
2134 4281 2201 4292 —-
2240 4255 2515 4320 iussus),
2563 4255 2735 4322 XXV,
2773 4258 2855 4321 32,

677 4340 770 4404 10,
818 4339 926 4394 etsi
978 4340 1039 4392 in
1090 4339 1199 4393 hoc
1250 4340 1380 4393 loco
1434 4341 1495 4394 in
1539 4340 1929 4409 comparanda·
1966 4357 2034 4392 ex
2071 4357 2233 4408 oequo
2283 4339 2525 4394 duorum
2561 4340 2863 4394 hominum

671 4424 894 4478 actione
930 4423 1291 4478 vehementer
1326 4423 1561 4479 offendit
1598 4423 1991 4494 inaequalitas]
