3230 5282
1505 568 1628 628 519
2304 576 2427 630 Lib.
2464 576 2711 631 XXXVI.

405 748 497 814 ad
562 747 728 812 illud
798 749 1122 832 regibus
1194 771 1340 813 cum
1407 752 1655 816 minore
1723 748 2040 815 orationis
2108 747 2332 812 formae
2390 768 2547 813 cura
2600 749 2716 813 ad-

413 857 731 940 scriptum
789 878 965 921 esse:
1048 856 1437 941 Philippo
1497 868 1575 923 et
1634 856 2074 923 Ptolemaeo
2128 855 2452 939 AEgypti
2509 877 2713 939 rege.

410 964 561 1028 Vid.
610 965 695 1029 ad
743 963 1034 1038 XXXIV,
1083 967 1181 1042 23,
1231 965 1360 1045 2.¹)

585 1070 741 1154 Cap.
792 1077 858 1151 7,
926 1077 965 1135 4
1026 1072 1122 1152 (in
1193 1073 1494 1137 oratione
1549 1071 1971 1154 Hannibalis)
2040 1070 2244 1136 verba
2308 1072 2404 1135 sic
2471 1070 2716 1137 descri-

407 1179 638 1244 benda.
676 1186 857 1256 sunt,
915 1187 993 1244 ut
1039 1188 1380 1263 appareat,
1437 1179 1595 1261 quid
1643 1186 1881 1260 agatur
1925 1185 2390 1262 quaeraturque
2437 1178 2522 1243 ad
2567 1201 2718 1262 pro-

409 1288 696 1371 positam
771 1308 939 1365 rem,
1031 1287 1192 1370 quid
1268 1310 1388 1371 pro
1470 1293 1856 1370 argumento
1936 1287 2429 1369 interponatur:
2529 1288 2718 1352 Nam

403 1395 627 1478 quod
686 1394 781 1460 ad
842 1393 1249 1459 Euboeam
1311 1395 1823 1476 Boeotosque
1882 1400 1960 1459 et
2004 1393 2463 1458 Thessalos
2520 1396 2718 1459 atti-

407 1509 575 1581 net,
644 1503 768 1566 cui
839 1502 1169 1567 dubium
1239 1509 1391 1578 est,
1462 1503 1656 1583 quin
1726 1503 1840 1582 (ut
1908 1501 2204 1585 quibus
2262 1500 2499 1565 nullae
2560 1522 2717 1567 suae

409 1610 630 1674 vires
703 1601 899 1687 sint,
968 1610 1518 1693 praesentibus
1591 1607 2004 1673 adulando
2068 1629 2419 1691 semper,
2490 1629 2719 1693 quem

410 1722 697 1781 metum
756 1718 831 1780 in
890 1716 1240 1781 consilio
1297 1717 1686 1796 habeant,
1754 1716 2028 1782 eodem
2101 1715 2202 1780 ad
2267 1715 2709 1799 impetran-
2746 1726 2889 1797 (418)

413 1823 595 1888 dam
656 1826 968 1890 veniam
1013 1823 1408 1904 utantur),
1481 1803 1718 1889 simul
1776 1844 1867 1887 ac
1915 1824 2349 1889 Romanum
2408 1824 2719 1888 exerci-

408 1938 573 1995 tum
630 1932 707 1995 in
769 1931 1079 1996 Graecia
1133 1931 1522 2009 viderint,
1590 1931 1685 1995 ad
1759 1937 2230 1995 consuetum
2288 1930 2719 2013 imperium

407 2060 493 2103 se
560 2043 948 2103 avertant
1013 2059 1155 2103 nec
1215 2039 1321 2103 iis
1379 2040 1641 2103 noxiae
1699 2037 2065 2102 futurum
2122 2038 2230 2102 sit
2285 2045 2404 2102 cet.
2517 2038 2719 2102 Recte

409 2146 542 2209 iam
602 2145 934 2229 descripta
990 2147 1317 2224 oratione,
1386 2145 1650 2210 sublata
1714 2145 1904 2209 simul
1962 2151 2065 2209 est
2122 2146 2332 2210 omnis
2390 2144 2719 2210 dubitatio

413 2252 492 2317 de
553 2253 792 2317 simul
852 2274 942 2317 ac
1001 2261 1067 2317 et
1128 2253 1207 2317 de
1266 2253 1590 2337 asyndeto
1651 2253 1850 2330 duro,
1919 2252 2097 2334 quod
2156 2258 2302 2317 erat
2345 2253 2413 2316 in
2458 2253 2724 2335 vulgata

408 2360 604 2424 huius
650 2359 781 2425 loci
826 2360 1056 2429 forma.
1161 2359 1466 2454 Obstitit,
1530 2382 1661 2443 quo
1718 2361 1932 2426 minus
1978 2381 2133 2425 vera
2179 2361 2522 2425 sententiae
2569 2381 2722 2424 con-

409 2467 694 2532 tinuatio
762 2467 1292 2549 intellegeretur,
1362 2468 1578 2532 forma
1649 2469 1966 2533 orationis
2041 2467 2240 2550 paulo
2306 2467 2519 2531 minus
2586 2466 2724 2530 vul-

414 2576 622 2659 gariS,
688 2576 952 2640 minime
999 2582 1219 2640 tamen
1264 2596 1416 2640 rara
1459 2577 1525 2639 in
1572 2576 1684 2651 iis,
1755 2596 1899 2661 quae
1956 2574 2338 2659 parenthesi
2383 2574 2724 2640 continen-

424 2689 565 2760 tur,
634 2682 962 2760 adhibita,
1032 2689 1106 2747 ut
1172 2705 1252 2747 ex
1319 2683 1538 2747 dativo
1605 2684 2009 2766 pronominis
2065 2682 2321 2748 relativi
2376 2683 2444 2746 in
2501 2683 2720 2765 priore

421 2789 716 2854 membro
786 2791 1002 2873 posito
1078 2789 1388 2855 audiatur
1452 2791 1518 2854 in
1575 2791 1811 2869 altero,
1869 2790 1995 2855 hoc
2050 2790 2314 2872 quidem
2369 2790 2514 2853 loco
2573 2810 2721 2853 cum

473 3059 519 3124 ¹)
560 3058 688 3126 Cap.
727 3062 785 3124 6,
832 3061 863 3112 5
900 3067 1051 3114 recte
1087 3061 1372 3115 Bekkerus
1410 3079 1439 3115 e
1477 3061 1543 3114 B:
1601 3062 1724 3115 sub
1778 3060 1920 3114 leni
1970 3061 2333 3113 verborum
2371 3063 2726 3127 praetextu.

556 3142 803 3203 Lenibus
859 3150 917 3199 et
968 3145 1198 3200 mitibus
1252 3146 1441 3201 verbis
1499 3163 1688 3199 verum
1747 3145 1956 3200 decreti
2011 3160 2232 3197 sensum
2276 3142 2530 3198 Thebani
2576 3159 2724 3208 prse-

554 3228 806 3281 texuisse
860 3233 917 3281 et
969 3230 1267 3284 involvisse
1322 3230 1608 3296 dicuntur-3
1679 3230 1934 3284 levitas
1988 3228 2143 3283 nulla
2198 3233 2343 3293 erat3
2410 3245 2593 3282 causoe
2649 3228 2728 3296 (in

554 3328 719 3378 quem
786 3312 1164 3381 significatum
1230 3315 1397 3369 credo
1452 3315 1753 3369 nonnullos
1819 3315 2037 3368 levem
2090 3313 2248 3365 illum
2311 3319 2731 3381 praetextum

558 3395 872 3462 deflexisse)
910 3399 967 3452 in
1004 3400 1233 3453 decreto
1268 3417 1382 3453 non
1421 3400 1823 3455 adferebantur
1860 3415 2038 3466 neque
2074 3399 2134 3451 in
2168 3398 2357 3452 verbis
2395 3403 2571 3452 erant.
2637 3397 2731 3467 §6

554 3498 752 3534 vereor
796 3501 866 3537 ne
910 3500 1016 3551 pro
1065 3484 1147 3538 ad
1194 3484 1370 3538 diem
1428 3484 1776 3539 indictum
1813 3484 1983 3538 scribi
2020 3482 2225 3537 debeat
2259 3482 2339 3535 ad
2376 3481 2550 3537 diem
2588 3483 2727 3539 dic·

561 3571 714 3619 tum.
788 3566 931 3620 Nam
967 3569 1313 3637 indicuntur,
1351 3587 1475 3638 quse
1513 3567 1632 3622 fieri
1669 3570 2043 3639 praestarique
2080 3568 2289 3622 debent
2325 3568 2517 3634 (etiam
2555 3585 2733 3622 exer-

558 3651 774 3718 citus,
832 3652 937 3705 hoc
984 3658 1097 3719 est,
1155 3655 1273 3708 eius
1320 3654 1738 3723 congregatio);
1797 3660 2021 3722 tempus
2065 3652 2148 3705 rei
2197 3651 2429 3719 agendae
2468 3651 2734 3706 dicitur

556 3734 746 3801 (Gr-on.
794 3743 851 3791 et
894 3737 1176 3791 Drakenb.
1216 3738 1287 3792 ad
1339 3738 1568 3803 XXXV,
1617 3742 1675 3803 3,
1722 3737 1771 3803 2)
1822 3743 1918 3790 aut
1963 3736 2273 3790 edicitur
2322 3736 2618 3804 (Drakenb.
2660 3737 2735 3791 ad

561 3818 779 3886 XXXI,
822 3823 916 3887 49,
967 3822 1066 3887 12).
1149 3821 1285 3888 Nec,
1332 3824 1427 3891 qui
1464 3824 1516 3876 h.
1554 3824 1588 3875 l.
1628 3828 1834 3888 tacent,
1881 3822 2125 3876 editores
2163 3837 2209 3877 c.
2248 3823 2298 3886 8,
2344 3823 2377 3873 2
2412 3822 2664 3875 tulerunt
2701 3839 2733 3876 e

557 3905 617 3957 M
646 3906 944 3973 scriptum:
984 3906 1129 3961 dies
1161 3906 1241 3960 ad
1272 3907 1826 3961 conveniendum
1859 3905 2205 3960 exercitui
2241 3906 2373 3972 (scr.
2404 3923 2531 3960 cum
2563 3904 2731 3960 Gron.

557 4006 711 4043 cum
761 3990 1091 4057 exercitu)
1131 3991 1392 4047 Pheras
1438 3998 1542 4046 est
1576 3992 1914 4058 indictus,
1965 3990 2065 4046 sed
2100 4007 2130 4043 e
2164 3989 2210 4042 B
2250 3995 2308 4045 et
2344 3991 2544 4045 ceteris
2579 4008 2735 4045 revo-

558 4079 785 4128 carunt:
842 4080 948 4128 est
1002 4075 1249 4130 dictust
1342 4074 1544 4130 Obstat
1590 4075 1837 4143 XXVII,
1884 4079 1978 4142 30,
2027 4078 2091 4130 6:
2161 4075 2614 4142 concilioque
2668 4081 2735 4130 et

563 4159 751 4212 locus
803 4164 868 4213 et
911 4160 1056 4214 dies
1102 4165 1290 4215 certa
1337 4162 1622 4215 indicta.
1705 4161 1849 4216 Nam
1888 4160 1952 4227 X,
1991 4163 2074 4228 27,
2110 4164 2142 4214 3
2181 4159 2540 4215 scribendum
2575 4159 2730 4213 vide·

562 4248 654 4296 tur
704 4246 1048 4302 necessario:
1106 4245 1252 4299 dies
1310 4246 1467 4300 inde
1522 4246 1711 4301 dicta
1763 4252 2006 4316 pugn‘oe
2062 4263 2195 4315 pro:
2253 4244 2401 4298 dies
2459 4244 2735 4299 indicta

562 4344 831 4396 pugnoe3
888 4328 1240 4384 desideratur
1297 4332 1444 4384 enim
1492 4332 1720 4386 omnino
1766 4349 1903 4398 vox,
1958 4347 2083 4399 quae
2136 4330 2371 4384 transiri
2416 4329 2487 4383 ad
2530 4346 2737 4383 novam

566 4430 683 4465 rem
722 4413 1016 4481 significet.
