3230 5282
1510 635 1631 697 135
2495 654 2619 708 Lib.
2658 654 2723 708 V.

403 816 721 899 pertinet,
787 818 982 884 nimis
1047 826 1271 884 tamen
1337 819 1655 885 audacter
1710 820 2139 888 Treboniae
2195 825 2264 888 in
2321 825 2722 892 editionibus

402 924 868 1007 substituitur,
936 927 1116 1011 quod
1181 947 1417 992 nomen
1483 950 1559 993 eo
1631 930 1846 994 minus
1911 930 2253 1014 probabile
2310 939 2414 998 est
2469 935 2566 999 ita
2613 934 2723 999 de-

404 1041 755 1117 pravatum
812 1056 987 1116 esse,
1058 1036 1239 1119 quod
1293 1036 1525 1120 paucis
1578 1042 1736 1120 post
1790 1038 2087 1105 versibus
2132 1038 2211 1121 (c.
2267 1046 2373 1120 11,
2434 1040 2496 1122 1)
2541 1049 2722 1108 recte

403 1142 742 1207 scribitur.
844 1143 1080 1228 Itaque
1138 1144 1362 1209 Livius
1418 1149 1680 1210 tantum
1738 1147 2078 1229 scripsisse
2134 1149 2426 1214 videtur:
2494 1147 2721 1215 labe-

402 1249 809 1318 factandae
876 1252 1083 1336 legis
1153 1274 1430 1333 causa,
1496 1253 1799 1319 universe
1865 1253 2104 1338 legem,
2174 1276 2318 1338 quae
2377 1277 2455 1321 ea
2513 1257 2592 1323 de
2649 1280 2721 1324 re

399 1365 599 1439 esset,
645 1359 1039 1443 significans,
1085 1383 1236 1427 mox
1281 1362 1497 1445 ipsum
1541 1382 1779 1426 nomen
1824 1364 2186 1446 positurus,
2282 1365 2492 1447 1861.)

578 1465 769 1553 [Cap.
824 1474 931 1547 11,
990 1473 1062 1548 2,
1119 1469 1235 1534 ubi
1280 1468 1647 1535 Trebonius
1693 1472 2124 1555 conqueritur
2171 1472 2251 1538 de
2299 1472 2556 1539 duobus
2602 1475 2720 1538 tri-

400 1575 595 1641 bunis
640 1577 855 1662 plebis
900 1584 1134 1644 contra
1176 1578 1387 1660 legem
1432 1577 1824 1643 Treboniam
1872 1581 2229 1663 cooptatis,
2294 1582 2362 1645 in
2418 1580 2522 1646 his
2580 1603 2721 1647 ver-

396 1683 534 1750 bis:
581 1684 683 1764 Is,
731 1685 942 1769 quod
979 1686 1392 1769 petissent
1424 1692 1705 1769 patres
1740 1686 2061 1769 quidam
2097 1688 2352 1773 primo
2389 1690 2720 1774 incepto

401 1792 742 1877 repulsi,
806 1800 1068 1858 tamen
1113 1793 1497 1859 tribunos
1541 1795 1890 1860 militum
1936 1815 2468 1880 expugnasse,
2514 1800 2720 1863 voci-

407 1900 689 1966 ferans
736 1909 882 1981 cet.,
952 1922 1153 1965 unum
1207 1923 1454 1984 vereor,
1512 1924 1594 1968 ne
1643 1909 1710 1968 et
1754 1900 1910 1968 olim
1957 1910 2022 1968 et
2066 1925 2274 1988 nuper
2320 1903 2543 1997 (1873)
2590 1928 2721 1970 non

398 2016 580 2073 recte
638 2008 789 2074 aliis
835 2011 1302 2089 concesserim,
1370 2010 1676 2076 tribunos
1743 2010 2029 2076 militum
2085 2010 2235 2076 hinc
2290 2016 2719 2080 removendos

400 2136 567 2181 esse.
672 2115 845 2181 Nam
903 2118 1028 2182 etsi
1088 2138 1200 2183 eos
1256 2119 1322 2182 in
1376 2116 1502 2183 hac
1556 2139 1630 2183 re
1674 2119 1897 2184 Livius
1956 2125 2110 2184 ante
2154 2141 2285 2185 non
2330 2142 2722 2188 commemo-

398 2224 604 2302 ravit,
674 2230 895 2289 tamen
962 2225 1400 2308 probabiliter
1465 2227 1534 2290 in
1602 2227 2036 2309 exsequendis
2108 2234 2374 2312 patrum
2429 2230 2719 2296 consiliis

398 2333 643 2397 summi
710 2334 1169 2416 magistratus,
1250 2334 1365 2417 qui
1441 2334 1567 2399 hoc
1644 2354 1818 2399 anno
1886 2355 2110 2400 omnes
2177 2338 2441 2420 patricii
2509 2346 2717 2417 erant,

398 2439 837 2505 intervenisse
901 2440 1384 2524 significantur,
1462 2463 1583 2507 nec
1660 2464 1815 2507 raro
1882 2442 2104 2508 Livius
2170 2445 2238 2508 in
2306 2446 2718 2513 orationibus

399 2547 661 2631 aliquid
740 2548 1135 2633 interponit,
1230 2550 1410 2633 quod
1487 2550 1555 2613 in
1634 2551 1798 2634 ipsis
1882 2551 2082 2617 rebus
2157 2553 2510 2619 narrandis
2587 2576 2719 2619 non

397 2657 650 2740 posuit.
754 2657 899 2724 Duo
957 2665 1134 2724 recte
1179 2657 1589 2743 reprehendi,
1636 2658 1935 2740 alterum,
1982 2662 2160 2744 quod
2205 2668 2490 2746 patres
2537 2665 2718 2747 quiss

396 2763 576 2829 dam
636 2765 1164 2850 appellarentur,
1234 2788 1438 2850 quum
1494 2773 1723 2851 aperte
1782 2775 1846 2834 et
1903 2790 2107 2853 supra
2163 2767 2243 2852 (c.
2306 2774 2414 2850 10,
2489 2769 2591 2853 11)
2651 2777 2719 2836 et
2774 2837 2781 2842 ,

395 2878 639 2957 postea
687 2871 749 2956 (ξ
798 2878 833 2938 3
881 2881 949 2940 et
984 2873 1052 2957 4)
1099 2895 1323 2941 omnes
1370 2873 1898 2958 significarentur
1944 2882 2028 2956 et,
2074 2877 2251 2959 quod
2296 2879 2542 2944 certius
2588 2885 2708 2959 est,
2748 2888 2888 2956 (114)

396 2987 666 3065 patrum
728 3003 996 3061 nomen,
1069 2983 1249 3067 quod
1295 2982 1546 3048 ordinis
1594 2989 1722 3064 est,
1788 3005 2129 3067 nunquam
2173 2986 2270 3051 ita
2317 2986 2396 3051 de
2442 2987 2718 3071 singulis

396 3097 790 3174 poneretur,
857 3097 933 3155 ut
986 3092 1221 3156 multi
1277 3096 1589 3175 patres,
1649 3092 1916 3174 pauci,
1975 3093 2301 3177 aliquot
2345 3094 2720 3160 dicerentur

399 3197 552 3279 (sed
609 3199 922 3282 partitive
982 3197 1221 3264 multi
1280 3206 1631 3283 patrum,
1688 3200 2058 3272 iuniores
2118 3202 2562 3285 patrum)¹),
2620 3202 2717 3267 al-

393 3311 647 3387 terum,
718 3307 897 3392 quod
952 3329 1084 3373 non
1141 3313 1319 3372 recte
1367 3307 1697 3374 diceretur
1742 3309 2161 3392 petissent
2207 3361 2220 3374 .
2260 3359 2273 3372 .
2315 3361 2328 3374 .
2376 3311 2715 3394 repulsi,

392 3435 605 3499 quum
651 3414 779 3480 hoc
825 3414 1117 3498 intellegi
1165 3415 1454 3493 deberet,
1515 3415 1784 3498 petisse,
1834 3416 1954 3482 sed
1999 3417 2300 3501 repulsos
2347 3439 2490 3484 esse
2538 3418 2715 3501 (non,

392 3528 558 3607 post·
593 3521 930 3606 repulsam
974 3521 1282 3607 petisse);
1353 3522 1679 3588 diversum
1737 3525 1905 3588 enim
1954 3546 2098 3589 esse
2143 3547 2335 3590 usum
2379 3528 2714 3612 participii

391 3628 675 3713 perfecti
732 3631 1051 3715 temporis
1107 3631 1175 3695 in
1231 3631 1543 3696 ablativis
1600 3631 1925 3697 absolutis
1987 3632 2067 3697 de
2110 3654 2212 3713 re,
2281 3655 2424 3718 quae
2470 3637 2713 3718 prima-

391 3738 564 3802 riam
613 3739 943 3804 actionem
990 3738 1419 3804 comitaretur
1465 3737 1604 3820 (Gr.
1634 3738 1839 3822 Lat&
1875 3745 1994 3805 431
2034 3741 2077 3806 b
2114 3748 2249 3807 not.
2286 3746 2323 3804 2
2361 3742 2459 3807 ed.
2496 3745 2711 3809 tertiae

390 3844 739 3928 Germ.).²)
800 3845 1038 3928 (Magis
1076 3848 1275 3912 etiam
1313 3846 1644 3913 diversum
1680 3868 1825 3912 esse
1861 3856 2141 3933 apparet
2163 3871 2354 3914 usum
2377 3852 2712 3935 participii

446 4083 500 4148 ¹)
540 4082 735 4137 Cicero
773 4083 947 4138 semel
982 4083 1184 4138 ludens
1221 4083 1388 4138 dixit:
1434 4083 1733 4138 mutavit
1778 4085 2075 4154 calceos3
2121 4089 2315 4154 pater
2358 4087 2711 4156 conscrip-

536 4172 647 4221 tus
681 4167 910 4223 factus
949 4172 1068 4223 est.

440 4253 497 4320 ⁸)
534 4251 622 4307 Ne
656 4253 886 4309 Tacitus
932 4255 1157 4324 quidem
1207 4260 1264 4310 et
1301 4254 1635 4323 Suetonius,
1689 4257 1785 4325 qui
1829 4256 1913 4310 ita
1946 4256 2257 4327 perfectum
2291 4258 2575 4327 participii
2611 4273 2708 4327 po·

533 4345 675 4393 nunt
719 4340 781 4393 in
830 4341 1095 4394 ablativis
1143 4341 1421 4395 absolutis
1469 4341 1847 4410 adiungendis
1897 4342 1966 4397 de
2010 4347 2214 4397 eventu
2257 4346 2564 4397 consecuto
2611 4346 2708 4396 aut

531 4441 651 4479 non
687 4431 997 4480 consecuto
1033 4425 1210 4494 (velut
1246 4427 1396 4481 Suet.
1437 4425 1630 4480 Claud.
1668 4428 1759 4480 26:
1807 4445 1942 4482 non
1975 4429 2292 4498 repertis.
2339 4430 2454 4498 qui
2490 4446 2700 4484 exem-

533 4511 713 4580 plum
751 4511 1246 4580 sequerentur),
1284 4512 1364 4567 sic
1401 4511 1642 4583 simplici
1678 4513 1976 4583 participio
2012 4519 2264 4569 utuntur.
