3230 5282
1783 569 1868 629 40

632 752 911 835 Δρειτπίιῐι
956 750 1245 835 pusillis,
1302 752 1758 835 conspirantes
1805 752 2177 833 ostendant,
2236 754 2461 837 qualia
2505 755 2745 821 menda
2787 778 2990 839 quam

663 866 919 925 mature
985 881 1119 926 non
1186 861 1253 924 in
1319 880 1449 924 uno
1517 860 1743 944 aliquo
1812 861 2050 926 codic-e
2107 882 2265 927 casu
2325 864 2517 942 oriri,
2585 864 2704 929 sed
2759 865 2991 948 plures

668 989 1027 1052 omnesque
1062 966 1417 1052 pervadere
1454 970 1796 1053 potuerint
1829 968 2038 1050 (velut
2070 970 2138 1034 in
2172 971 2515 1054 particulis
2540 971 2695 1037 libri
2721 973 2902 1038 tertii
2927 978 2984 1053 7,

672 1082 708 1141 6
756 1077 1131 1141 Rutilius
1174 1099 1297 1160 pro
1342 1077 1698 1157 Rutilus,
1745 1081 1803 1157 7,
1855 1082 1892 1141 8
1939 1079 2451 1145 auctoritate
2497 1080 2828 1163 publice
2864 1103 2987 1146 vo-

671 1186 833 1250 cati
883 1207 1007 1269 pro
1059 1184 1482 1269 a.publica
1527 1187 1852 1251 evocati
1890 1184 1974 1268 [V
2012 1185 2539 1269 vocat],18,11
2581 1189 2990 1273 ampliore

670 1290 1033 1358 ferretur
1077 1316 1198 1378 pro
1246 1294 1477 1377 ampl.
1519 1292 1981 1373 efferretur,
2028 1298 2129 1374 21,
2176 1301 2216 1360 4
2263 1302 2627 1362 senatum
2674 1286 2989 1363 consul-

669 1408 842 1466 tum
900 1423 1021 1485 pro
1082 1406 1424 1467 senatus
1484 1424 1724 1482 cons.,
1783 1402 1916 1467 ibd.
1966 1407 2003 1467 6
2060 1404 2424 1487 peccatis
2469 1426 2588 1487 pro
2635 1411 2992 1489 peccate,

671 1514 827 1589 24,3
854 1510 1180 1575 dixerat
1211 1532 1334 1594 pro
1373 1510 1757 1575 dixerant
1784 1508 1868 1592 [V
1892 1512 2093 1576 etiam
2129 1511 2406 1578 dicens
2440 1535 2562 1596 pro
2601 1512 2856 1596 diemJ,
2883 1518 2988 1594 26,

676 1622 753 1682 12
804 1620 882 1683 in
929 1620 1108 1702 ipso
1145 1640 1266 1702 pro
1307 1619 1506 1703 ipso,
1546 1623 1648 1699 27,
1693 1624 1720 1682 1
1763 1619 2352 1703 L.Tarquinum
2397 1643 2518 1704 pro
2558 1621 2988 1705 L.Tarqui-

673 1727 893 1807 tium,
930 1731 1032 1806 29,
1073 1732 1109 1791 7
1136 1727 1944 1797 Lanuvium·,exilium
1977 1750 2100 1812 pro
2125 1727 2306 1793 Lan.
2334 1730 2415 1792 in
2451 1728 2654 1807 exil„
2689 1727 2824 1793 ibd.
2851 1728 2988 1793 Fa·

672 1835 855 1900 bius
893 1833 1327 1912 Quinctius
1364 1858 1485 1919 pro
1525 1836 1668 1901 solo
1693 1835 2016 1917 Fabius,
2054 1839 2155 1910 34,
2183 1841 2222 1900 8
2259 1836 2827 1920 appellatione
2863 1859 2988 1920 pro

674 1943 1261 2028 appellationi,
1323 1941 1465 2025 [sed
1509 1947 1611 2023 42,
1660 1949 1698 2007 4
1745 1944 1801 2006 V
1846 1950 2024 2009 recte
2070 1946 2502 2010 certamini
2549 1966 2669 2028 pro
2718 1952 2988 2009 certa·

673 2052 879 2115 mine
936 2053 1005 2116 in
1063 2050 1359 2134 ceteriS,]
1424 2055 1532 2131 35,
1592 2057 1629 2116 9
1689 2054 2149 2117 contionem
2195 2051 2290 2134 [M
2336 2051 2981 2134 contentionem]

674 2182 796 2242 pro
845 2161 1306 2238 coitionem,
1353 2159 1484 2241 aL).
1576 2160 1811 2243 Itaque
1857 2160 1960 2224 his
2007 2159 2332 2225 admoniti
2379 2182 2462 2225 ne
2510 2160 2660 2225 aliis
2710 2160 2986 2243 quidem

670 2268 838 2333 locis
906 2274 1101 2332 certae
1168 2274 1237 2332 et
1298 2269 1690 2333 necessariae
1758 2268 2004 2332 rationi
2072 2275 2306 2333 contra
2370 2267 2543 2332 hunc
2600 2289 2991 2334 consensum

674 2397 908 2460 parere
955 2374 1437 2454 dubitabimus,
1493 2384 1569 2440 ut
1612 2375 1740 2455 111,
1804 2381 1916 2455 56,
1983 2380 2058 2441 12
2106 2375 2349 2459 (quod
2394 2398 2516 2460 pro
2565 2398 2816 2461 quam,
2872 2377 2986 2441 ubi

677 2506 919 2549 causa
963 2484 1135 2549 male
1182 2483 1481 2549 additum
1527 2484 1583 2546 V
1630 2482 1834 2565 tollit)
1863 2489 1999 2548 *aut
2042 2483 2161 2564 IV,
2221 2489 2333 2564 25,
2375 2490 2451 2565 »7,
2509 2486 2711 2551 etiam
2759 2486 2826 2550 in
2871 2485 2988 2550 ad-

678 2592 1058 2658 ditamentis
1104 2592 1418 2658 tollendis
1474 2592 1594 2671 IV,
1664 2595 1778 2671 21,
1846 2596 1883 2657 6
1942 2591 2278 2674 (metum,
2325 2592 2504 2677 quod
2546 2593 2761 2660 Faber
2807 2593 2992 2659 dam-

675 2704 905 2784 navit),
962 2702 1045 2782 V,
1108 2705 1218 2782 53,
1278 2707 1313 2765 5
1365 2700 1676 2785 (quam),
1723 2701 1832 2780 VI,
1879 2705 1935 2782 6,
1983 2706 2021 2765 8
2069 2701 2635 2784 (dictatorem).
2746 2703 2994 2768 Verum

675 2812 816 2876 haec
893 2832 1065 2875 nunc
1143 2810 1472 2875 sufficiant
1555 2811 1637 2875 de
1716 2810 2098 2876 adiumento
2175 2817 2331 2895 post
2408 2812 2654 2894 primas
2721 2815 2993 2875 nostras

680 2941 872 2984 curas
921 2919 1229 2984 Livianas
1276 2916 1658 3000 adiecto.¹)]

851 3028 1106 3092 Livium
1163 3033 1319 3111 post
1362 3027 1770 3105 Rhenanam,
1818 3027 2183 3106 Gelenium,
2231 3027 2399 3093 alios
2459 3027 2742 3092 stataria
2787 3047 2995 3109 opera.

679 3158 756 3202 ac
813 3142 1138 3220 perpetua
1193 3136 1664 3200 recensendum
1725 3135 1852 3199 sibi
1909 3137 2190 3219 sumpsit
2244 3135 2483 3200 saeculo
2541 3136 2821 3219 septimo
2879 3135 2994 3199 de—

680 3247 849 3310 cimo
906 3246 1000 3311 Io.
1048 3244 1240 3309 Fred.
1289 3243 1699 3321 Gronovius,
1756 3244 1855 3307 vir
1913 3244 2210 3327 ingeniO,
2267 3243 2543 3323 iudicio,
2601 3243 2993 3308 eruditionis

678 3355 747 3419 in
808 3354 1065 3418 Latinis
1120 3353 1360 3417 litteris
1417 3352 1613 3434 copia
1671 3356 2024 3435 praesta'nS,
2091 3356 2235 3416 arte
2290 3351 2579 3416 nondum
2636 3357 2755 3416 aut
2811 3351 2991 3434 quod

680 3462 765 3526 ad
822 3484 959 3525 rem
1005 3461 1501 3544 grammaticam
1548 3460 1787 3523 attinet
1834 3467 1953 3525 aut
1995 3461 2063 3524 in
2110 3461 2342 3524 critica
2384 3458 2752 3524 factitanda
2795 3459 2993 3543 plane

678 3569 1078 3653 perpolitus,
1149 3569 1576 3652 plurimisque
1645 3569 1901 3651 egregie
1969 3590 2004 3634 e
2073 3567 2411 3633 codicibus
2479 3575 2547 3633 et
2611 3569 2996 3632 coniectura

683 3676 1078 3756 emendatiS,
1149 3697 1295 3741 eam
1352 3677 1701 3741 constituit
1746 3676 1913 3741 Livii
1973 3677 2293 3742 orationis
2338 3676 2648 3754 formam,
2717 3696 2861 3759 quae
2906 3674 2993 3739 ad

680 3794 977 3851 nostram
1045 3790 1304 3849 aetatem
1359 3783 1495 3849 fere
1553 3792 1818 3849 servata
1876 3791 1996 3849 est.
2108 3785 2269 3850 Eius
2314 3785 2592 3868 vestigia
2634 3783 2795 3866 legit
2839 3805 2994 3848 auc·

681 3895 1154 3977 toritatemque
1209 3893 1448 3959 merito
1508 3885 1850 3976 amplexus
1896 3900 2028 3970 est,
2097 3893 2443 3957 materiam
2510 3891 2797 3975 amplam
2853 3892 2993 3974 ple·

678 4021 962 4090 namque
1019 4003 1328 4084 exposuit
1372 4007 1440 4066 et
1483 4022 1562 4066 ex
1610 4002 1879 4084 optimis
1926 4000 2263 4066 codicibus
2311 4006 2377 4065 et
2420 4021 2501 4065 ex
2547 3998 2994 4065 deterioribus

684 4107 1284 4186 Drakenborchius,
1332 4109 1528 4174 homo
1576 4108 1844 4174 sedulus
1890 4130 1968 4173 ac
2004 4108 2300 4191 diligenS‚
2345 4108 2589 4174 iudicio
2627 4114 2829 4188 rect0,
2876 4105 2994 4171 sed

741 4303 786 4369 ¹)
828 4301 986 4370 [Haec
1048 4302 1117 4356 de
1182 4300 1374 4354 codice
1427 4300 1743 4354 Veronensi
1795 4301 1991 4369 paucis
2043 4300 2277 4353 mutatis
2332 4317 2401 4353 ex
2453 4299 2792 4370 praefatione
2845 4297 2998 4351 Livii

828 4387 1098 4441 librorum
1136 4387 1385 4455 quinque
1427 4386 1737 4454 primorum
1773 4386 1978 4439 iterum
2016 4385 2081 4452 (a.
2126 4384 2279 4452 1873)
2328 4385 2608 4440 editorum
2653 4384 2763 4438 huc
2811 4389 2996 4438 trans·

821 4474 926 4525 tuli
938 4491 952 4540 ;
989 4490 1117 4527 nam
1157 4479 1213 4526 et
1248 4471 1562 4525 necessaria
1595 4470 1812 4524 mentio
1851 4475 1971 4524 erat
2005 4487 2109 4524 nec
2145 4469 2259 4523 ulla
2294 4488 2478 4540 causa,
2516 4471 2631 4539 cur,
2669 4487 2794 4540 quae
2825 4470 2998 4525 semel

827 4557 1179 4612 considerate
1217 4556 1565 4625 scripseram,
1601 4555 1786 4609 verbis
1823 4553 2134 4624 variarem]
