3230 5282
629 615 754 670 Lib.
791 614 939 668 VIII.
1728 602 1849 663 190

631 794 851 851 tamen
910 786 1159 851 leviora
1215 784 1620 867 attingenda.
1732 786 1901 850 Nam
1962 784 1995 869 ξ
2043 790 2082 848 4
2128 786 2234 849 vix
2296 807 2753 869 sexagenos
2807 788 2939 850 mi-

633 895 862 974 lites,
933 895 1133 959 duos
1202 895 1768 972 centurioneS,
1839 895 1956 959 sed
2022 895 2258 960 binos
2326 896 2593 960 recitari
2658 896 2940 960 voluisse

629 1004 904 1083 videtur,
965 1024 1165 1085 quum
1210 1007 1367 1067 nota
1412 1000 1695 1067 fortasse
1738 1002 2154 1067 scriberetur.
2227 1003 2470 1085 (1861.)
2560 1002 2593 1086 ξ
2642 1007 2680 1067 6
2727 1026 2937 1087 neque

630 1113 890 1195 prima
944 1110 1169 1175 frons
1223 1110 1302 1174 in
1360 1111 1530 1175 acie
1586 1110 1734 1194 (pro
1791 1110 2024 1192 aciei)
2072 1111 2290 1195 placet
2334 1133 2546 1196 neque
2591 1110 2816 1177 frons
2860 1114 2939 1176 in

632 1220 808 1285 acie
880 1253 953 1262 —
1025 1217 1381 1282 habebat
1458 1216 1559 1299 (ut
1625 1219 1701 1282 in
1769 1219 1936 1283 acie
2004 1240 2150 1283 cum
2214 1219 2415 1284 verbo
2473 1220 2931 1301 coniungatur)

629 1326 970 1393 ferendum
1026 1325 1303 1404 videtur,
1352 1331 1418 1391 et
1463 1325 1646 1389 aliud
1690 1325 1899 1391 latere
1943 1326 2202 1391 videtur
2249 1327 2595 1392 ostendere
2642 1327 2936 1392 codicum

629 1436 953 1501 bonorum
997 1434 1350 1517 scriptura:
1407 1432 1590 1497 Haec
1637 1435 1897 1517 prima
1940 1435 2151 1500 foris
2196 1436 2274 1499 in
2319 1437 2587 1501 aciem.
2666 1435 2938 1520 Aptissi-

633 1566 808 1608 mum
857 1547 1062 1606 esset:
1132 1540 1312 1605 Haec
1368 1541 1640 1623 primae
1684 1539 1984 1607 frontis
2030 1544 2277 1623 acies3
2349 1544 2465 1608 sed
2510 1540 2770 1625 longius
2815 1544 2937 1609 hoc

634 1676 673 1715 a
719 1650 1009 1730 vestigiis
1056 1648 1317 1712 traditae
1365 1649 1708 1732 scripturae
1756 1649 2049 1715 discedit.
2099 1648 2343 1732 (1875.)
2411 1650 2752 1716 Postremo
2789 1648 2822 1732 ἓ
2864 1655 2928 1713 11
2994 1665 3005 1674 ·

632 1760 944 1835 inusitate
1002 1757 1269 1840 ponitur
1323 1755 1644 1821 refereb
1664 1762 1900 1821 antur
1958 1757 2038 1822 de
2094 1757 2410 1824 militibus
2466 1765 2644 1822 retro
2693 1757 2934 1821 ceden-

633 1866 829 1945 tibus,
891 1866 1318 1948 suspicorque
1365 1863 1684 1947 scriptum
1731 1885 1771 1929 a
1813 1864 1995 1929 Livio
2041 1865 2282 1931 fuisse:
2331 1866 2426 1930 ad
2472 1867 2819 1930 triarios
2865 1886 2938 1927 sc

637 1975 928 2038 sensim
995 1972 1474 2051 referebant,
1545 1971 1772 2037 addito
1818 1975 2222 2056 pronomine.
2315 1974 2559 2055 (1875.)
2653 1972 2782 2038 Sed
2829 1995 2933 2038 ex·

464 2095 604 2163 (160)
642 2090 853 2147 tremo
901 2082 1150 2165 capite,
1219 2079 1330 2143 ubi
1385 2081 1560 2144 redit
1601 2080 1820 2145 Livius
1878 2081 1963 2144 ad
2017 2081 2447 2159 narrandum,
2516 2081 2658 2146 fieri
2704 2088 2940 2166 potest,

635 2198 710 2254 ut
786 2210 1080 2263 errorem,
1140 2187 1323 2251 Livio
1403 2188 1843 2271 antiquiorem
1920 2209 2043 2253 nec
2120 2190 2186 2252 in
2256 2190 2394 2253 eius
2459 2191 2681 2254 verbis
2747 2191 2941 2254 situm

465 2316 604 2382 (161)
642 2299 990 2378 attingam3
1061 2293 1178 2358 sed
1233 2295 1670 2378 suspicionem
1727 2316 2022 2379 premere
2076 2318 2206 2361 non
2251 2296 2423 2361 licet.
2535 2298 2943 2380 Quamquam

639 2406 811 2470 enim
876 2401 1353 2467 incredibiliter
1421 2399 1695 2467 confusa
1748 2402 1991 2468 fabulis
2050 2409 2115 2467 et
2171 2404 2485 2487 augendis
2539 2404 2739 2469 rebus
2796 2426 2941 2487 per-

641 2510 1100 2592 mutandisque
1162 2514 1263 2573 est
1320 2510 1526 2573 omnis
1571 2508 1728 2573 belli
1771 2509 1990 2574 Latini
2037 2516 2104 2575 et
2150 2510 2470 2595 Campani
2513 2512 2791 2576 historia
2837 2510 2943 2593 (de

636 2644 766 2705 quo
825 2619 988 2684 satis
1046 2616 1109 2680 h.
1157 2617 1197 2681 l.
1248 2617 1373 2682 erit
1429 2625 1817 2701 argumenta
1873 2620 2286 2704 requirentes
2344 2619 2428 2685 ad
2486 2641 2566 2686 ea
2610 2619 2939 2702 ablegare,

635 2750 780 2813 quae
837 2727 953 2791 Th.
1002 2726 1462 2791 Mommsenius
1517 2726 1684 2791 Hist.
1744 2727 1929 2792 Rom.
1986 2728 2110 2792 vol.
2169 2728 2201 2791 1
2256 2752 2317 2812 p.
2379 2733 2515 2793 358-
2561 2727 2658 2792 ed.
2718 2728 2774 2790 V
2835 2750 2941 2792 ex-

634 2834 914 2920 posuit),
982 2840 1200 2898 tamen
1246 2855 1580 2917 nunquam
1626 2835 1913 2899 animum
1958 2835 2265 2900 inducere
2311 2838 2527 2920 potui,
2595 2841 2669 2899 ut
2713 2836 2780 2898 in
2828 2856 2940 2898 an·

633 2944 894 3009 nalibus
940 2943 1050 3022 iis,
1121 2941 1357 3026 quibus
1401 2941 1622 3006 Livius
1668 2963 1824 3007 usus
1873 2950 1989 3022 est,
2051 2943 2367 3008 traditum
2412 2943 2613 3009 fuisse
2660 2942 2939 3021 credam,

633 3074 918 3138 pugnam
977 3072 1152 3131 eam,
1221 3051 1286 3114 in
1344 3072 1476 3134 qua
1520 3049 1589 3113 Ρ.
1639 3049 1878 3115 Decius
1922 3049 2069 3115 Mus
2116 3050 2447 3116 devovisse
2493 3073 2562 3117 se
2608 3057 2936 3129 narratur,

631 3167 994 3245 pugnatam
1053 3180 1194 3223 esse
1251 3157 1467 3222 haud
1524 3157 1812 3242 procul
1869 3158 2297 3223 radicibus
2343 3159 2668 3224 Vesuvii
2726 3179 2939 3222 mon-

631 3270 769 3348 tis,
836 3269 1107 3350 ipseque
1177 3266 1341 3330 adeo
1397 3265 1618 3330 Livius
1688 3265 1846 3349 quid
1904 3267 2267 3351 scripserit,
2338 3266 2661 3331 dubitatio
2722 3265 2938 3328 animo

631 3375 824 3458 pulsa
892 3373 1169 3439 subinde
1237 3374 1545 3452 recurrit3
1626 3379 1878 3438 ceteros
1946 3375 2333 3457 scriptoreS‚
2403 3373 2692 3450 VeseriS,
2764 3371 2936 3437 unde

631 3504 852 3565 pugna
898 3480 1301 3565 appellatur,
1362 3478 1473 3542 ubi
1527 3478 1757 3560 fuerit,
1816 3480 1982 3546 adeo
2040 3502 2364 3565 nusquam
2411 3479 2780 3564 significare
2826 3500 2941 3543 no-

630 3595 772 3652 tum
817 3595 946 3669 est,
1016 3594 1118 3666 ut,
1187 3585 1449 3650 fluviine
1497 3607 1580 3650 an
1628 3588 1855 3671 oppidi
1899 3589 1966 3653 id
2013 3611 2249 3654 nomen
2294 3587 2512 3668 fuerit,
2579 3589 2935 3670 ignoretur.

629 3696 721 3760 Ut
767 3696 937 3759 enim
985 3696 1301 3773 omittam,
1349 3692 1507 3775 fingi
1554 3695 1771 3761 animo
1817 3696 1923 3760 vix
1967 3718 2182 3779 posse,
2231 3718 2364 3779 qua
2409 3698 2516 3761 via
2560 3716 2636 3758 ac
2681 3695 2939 3758 ratione

630 3803 912 3867 Romani
976 3802 1100 3866 hoc
1167 3808 1493 3885 tempore,
1575 3810 1808 3868 contra
1872 3804 2145 3868 Latinos
2216 3803 2714 3887 Campanosque
2787 3821 2937 3865 con·

629 3912 887 3975 iunctos
962 3909 1207 3974 bellum
1285 3916 1585 3992 gerentes
1662 3917 1797 3974 tam
1876 3910 2069 3994 longe
2149 3911 2234 3975 ad
2313 3910 2651 3976 meridiem
2718 3929 2940 3973 versus

631 4017 1070 4100 processerint
1136 4017 1201 4080 in
1271 4038 1349 4081 ea
1414 4017 1589 4098 loca,
1673 4039 1818 4103 quae
1886 4019 2143 4102 aliquot
2208 4019 2467 4084 demum
2532 4024 2685 4101 post
2751 4017 2940 4080 annis

630 4124 714 4205 (a.
803 4124 953 4206 327)
1033 4122 1435 4207 Campanum
1515 4147 1744 4209 agrum
1825 4132 2056 4192 contra
2121 4125 2594 4210 Neapolitanos
2675 4132 2936 4189 tuentes

631 4232 931 4313 attigisse
986 4231 1293 4296 videntur
1338 4232 1497 4314 (Liv.
1546 4232 1732 4313 VIII,
1802 4233 1942 4316 22),
2012 4254 2215 4317 quum
2270 4234 2634 4316 praesertim
2680 4233 2767 4297 ad
2814 4231 2937 4296 Ca-

628 4360 827 4424 puam
884 4360 995 4404 eos
1042 4360 1187 4404 cum
1235 4338 1639 4405 Samnitibus
1684 4343 2045 4407 occurrisse
2092 4347 2488 4423 congregato
2533 4340 2625 4405 ibi
2669 4340 2938 4404 Latino·

627 4470 773 4511 rum
831 4454 898 4512 et
943 4445 1423 4530 Campanorum
1468 4449 1783 4514 exercitui
1826 4449 2046 4513 Livius
2091 4449 2231 4530 ipse
2276 4448 2526 4514 scribat
2569 4446 2649 4529 (c.
2701 4446 2798 4530 6),
2852 4481 2942 4491 -
