3230 5282
1347 645 1470 706 723
2229 659 2353 714 Lib.
2391 659 2559 715 XLV.

257 829 577 896 Eumenis
624 827 960 912 fratrem):
1007 829 1384 896 Attalum
1414 851 1623 910 vern,
1671 833 1807 917 qui
1853 828 1976 913 [sic
2013 834 2181 898 enim
2216 855 2337 918 pro
2384 836 2570 918 quia

257 936 711 1022 scribendum]
781 945 1025 1004 aetate
1070 939 1489 1023 proicimus
1547 939 1684 1017 sit,
1753 941 1936 1024 quis
1993 963 2149 1007 non
2193 964 2335 1027 pro
2380 964 2564 1028 rege

256 1046 615 1113 habeat?
671 1068 938 1131 neque
1000 1068 1087 1113 eo
1157 1047 1446 1125 solum,
1516 1048 1707 1130 quia
1772 1053 2052 1115 tantas
2120 1059 2567 1134 praesentes

258 1156 435 1221 eius
481 1176 670 1239 opes
717 1161 1031 1235 cernat,
1097 1154 1237 1220 sed
1303 1155 1511 1238 quod
1567 1155 1781 1221 haud
1840 1157 2326 1242 ambiguum,
2382 1182 2567 1244 pro-

257 1263 582 1346 pediem
626 1269 1155 1347 regnaturum
1203 1283 1394 1343 eum,
1442 1264 1935 1331 infirmitate
1981 1272 2379 1352 aetateque
2424 1268 2568 1332 Eu-

257 1373 510 1438 menis
557 1379 797 1438 esset.
889 1371 1012 1438 Hic
1059 1371 1323 1454 quidem
1368 1373 1742 1439 necessario
1787 1395 1906 1457 pro
1952 1373 2569 1441 Eumenisesset

259 1478 432 1564 [cod.
484 1516 558 1526 —
598 1478 814 1570 besse]
871 1480 1292 1546 scribendum
1346 1480 1732 1547 Eumenis
1792 1481 1922 1547 sit.
2024 1481 2085 1565 (ἓ
2138 1488 2212 1548 15
2259 1483 2566 1550 Dukerus

257 1609 486 1654 verum
529 1590 764 1668 sensit3
809 1595 963 1673 post
1005 1588 1512 1655 infirmitate
1559 1588 1832 1655 excidit:
1894 1610 2070 1656 esse
2127 1612 2568 1675 passurum

257 1706 377 1764 aut
425 1697 633 1763 simile
680 1696 1052 1782 aliquid.)¹)

435 1806 594 1891 Cap.
666 1811 765 1885 21,
833 1812 901 1870 4:
986 1803 1136 1871 Sed
1203 1812 1279 1870 et
1355 1811 1654 1889 praetor
1718 1827 1920 1871 novo
1989 1806 2359 1890 maloque
2427 1830 2561 1875 ex-

261 1913 525 1996 emplo
569 1935 732 1979 rem
779 1914 1206 1996 ingressus
1252 1919 1448 1993 erat,
1498 1912 1709 1998 quod
1755 1920 1940 1979 aute
1985 1934 2138 1980 non
2183 1917 2568 1982 consulto

261 2032 574 2101 senatu,
619 2043 771 2087 non
815 2020 1301 2088 consulibus
1349 2021 1855 2088 certioribus
1903 2022 2170 2103 sactis,
2215 2059 2303 2069 —
2344 2045 2567 2108 roga-

257 2129 564 2195 tionem
609 2129 882 2196 ferret.
972 2130 1227 2194 Livium
1273 2129 1645 2212 scripsisse:
1691 2129 1900 2212 quod
1944 2152 2099 2196 non
2144 2135 2330 2195 ante
2378 2152 2567 2196 con-

260 2238 479 2303 sulto
536 2245 852 2317 senatu,
925 2240 981 2303 si
1040 2259 1234 2322 quem
1279 2238 1608 2303 sententia
1653 2258 1785 2303 non
1831 2236 2025 2304 docet
2072 2236 2183 2321 (—
2226 2238 2419 2320 longe
2465 2245 2568 2304 est

261 2347 437 2411 enim
483 2344 664 2411 aliud
708 2352 896 2412 ante
941 2369 1094 2412 non
1141 2346 1514 2411 consulto
1575 2351 1868 2411 senatu
1915 2345 2166 2425 ferre,
2225 2346 2340 2411 ubi
2385 2353 2567 2412 ante

258 2455 639 2520 necessario
688 2454 772 2518 ad
816 2453 1035 2518 serre
1083 2455 1397 2538 pertinet,
1459 2454 1641 2519 aliud
1697 2453 1908 2519 ferre
1955 2476 2105 2520 non
2153 2461 2339 2519 ante
2384 2475 2568 2520 con-

260 2561 483 2627 sulto
531 2569 819 2627 senatu
864 2562 997 2644 —),
1047 2561 1284 2627 saltem
1329 2561 1669 2647 anaphora
1725 2563 1793 2627 in
1852 2583 2002 2652 non
2050 2562 2468 2645 (nonante
2513 2584 2567 2629 c.

264 2693 339 2749 s.‚
385 2691 538 2735 non
584 2691 791 2736 cons.
841 2692 893 2735 c.
943 2669 1016 2753 f.)
1065 2670 1418 2737 admonere
1478 2671 1694 2738 debet.
1784 2670 2089 2736 Proximo
2134 2692 2325 2737 versu
2368 2671 2570 2737 libra-

261 2778 403 2844 rius
450 2801 572 2863 pro
620 2778 883 2844 ferret
927 2778 1239 2843 vellent
1286 2780 1549 2863 scripsit
1594 2778 1910 2844 uellent
1966 2778 2308 2860 ferrent;
2376 2779 2572 2864 plura

263 2886 521 2970 collegi,
566 2887 667 2952 his
713 2886 1063 2966 adiunctis,
1111 2885 1198 2952 ad
1244 2906 1295 2950 c.
1347 2889 1404 2965 3,
1454 2890 1510 2949 6.

437 2994 598 3080 Cap.
647 2978 764 3075 22,'
794 3000 830 3059 5
882 2994 978 3077 (in
1021 2992 1434 3061 Rhodiorum
1501 3013 1642 3058 sese
1709 2994 2133 3078 purgantium
2199 2997 2266 3059 in
2333 3002 2570 3061 senatu

260 3103 564 3168 Romano
620 3102 981 3184 oratione):
1048 3101 1279 3168 Certe
1346 3100 1665 3184 quidem
1732 3123 1864 3167 vos
1933 3104 2134 3168 estis
2200 3103 2566 3183 Romani,

263 3210 402 3291 qui
448 3208 630 3275 ideo
679 3209 972 3276 felicia
1016 3209 1238 3275 bella
1279 3215 1561 3275 vestra
1605 3230 1817 3290 esse,
1874 3211 2063 3293 quia
2116 3212 2336 3277 iusta
2380 3212 2566 3290 sint,

261 3337 420 3401 prae
465 3318 691 3383 vobis
737 3319 1002 3385 sertia.
1097 3316 1442 3384 Sententia
1487 3317 1831 3401 postulare
1874 3318 2151 3399 videtur,
2197 3326 2274 3383 ut
2318 3318 2569 3384 scriba-

260 3430 401 3491 tur:
472 3423 714 3492 Certe
781 3426 1027 3492 iidem
1091 3446 1228 3493 vos
1298 3426 1500 3492 estis
1567 3426 1934 3505 Romani,
2004 3428 2139 3512 qui
2208 3434 2329 3493 cet.
2432 3425 2570 3492 Nec

261 3540 487 3599 certe
532 3533 845 3617 quidem
890 3535 953 3599 h.
1000 3534 1043 3599 1.
1093 3542 1342 3618 aptum.

436 3640 592 3728 Cap.
641 3645 741 3724 23,
789 3647 826 3707 6
874 3643 971 3725 (in
1015 3643 1247 3709 eadem
1294 3640 1653 3723 oratione):
1701 3640 1979 3725 Neque
2024 3641 2363 3709 fecimus
2407 3643 2569 3726 igi-

259 3756 401 3815 tur
446 3749 894 3835 quidquam
938 3756 1342 3834 tamquam
1386 3750 1672 3814 hostes
1718 3770 1978 3833 neque
2022 3749 2412 3817 bonorum
2457 3772 2571 3817 so-

259 3859 587 3924 ciorum
653 3857 1064 3923 defuimus
1132 3856 1470 3938 officio,
1542 3854 1686 3922 sed
1753 3878 1794 3923 a
1857 3858 2088 3925 vobis
2154 3859 2569 3944 prohibiti

307 4172 358 4239 ¹)
394 4169 571 4225 Miror
606 4187 740 4226 sane
775 4172 1004 4227 iniurias
1041 4172 1280 4242 populi
1313 4170 1600 4227 Romani
1628 4171 1761 4240 (hoc
1792 4172 1941 4228 enim
1967 4171 2175 4227 litterae
2215 4170 2565 4242 significant:

400 4255 683 4310 iniuriis
717 4273 847 4327 pro
885 4258 1252 4323 obnoxios)
1279 4258 1735 4324 commemorari5
1772 4275 1903 4313 nam
1933 4257 2003 4314 de
2031 4257 2339 4312 vicinorum
2372 4275 2570 4329 regum

400 4341 848 4413 populorumque
882 4343 1102 4397 iniuriis
1139 4343 1326 4413 potius
1365 4342 1729 4414 cogitandum
1766 4341 1936 4398 fuisse
1983 4342 2222 4398 videtur.
2278 4342 2391 4398 Sed
2425 4359 2571 4412 pro-

399 4427 527 4481 bra
563 4426 916 4497 (verborum5
954 4428 1033 4483 sic
1081 4429 1228 4483 enim
1265 4428 1469 4485 coniici
1504 4427 1691 4495 video)
1730 4444 1799 4482 ex
1834 4429 1996 4498 regni
2030 4427 2244 4483 viribus
2282 4427 2568 4483 distractis

400 4528 517 4566 non
553 4513 913 4569 timebantur.
987 4513 1187 4583 (1864.)

2106 4616 2209 4669 46*
