3230 5282
1428 619 1552 680 483
2227 632 2349 686 Lib.
2388 631 2642 685 xxxm.

338 808 701 886 ponuntur,
770 801 1085 885 exemplis
1153 802 1308 866 addi
1375 802 1512 866 haec
1578 804 1711 868 tria
1767 809 2068 885 possunt:
2139 802 2266 867 Cic.
2326 803 2509 867 Verr.
2566 803 2642 881 V,

339 914 396 987 9,
443 914 524 973 22
572 917 639 975 61
692 913 788 986 13,
850 913 949 987 32,
1008 931 1127 994 pro
1177 909 1352 974 Cael.
1402 914 1500 990 20,
1549 916 1649 975 50.
1751 910 2002 975 Eodem
2047 910 2243 975 modo
2292 931 2464 994 saepe
2512 910 2643 974 dici

337 1037 687 1100 purgare
755 1018 1165 1082 notissimum
1236 1017 1384 1098 est.)
1495 1018 1702 1083 Miror
1765 1018 1964 1084 talem
2031 1039 2321 1082 errorem
2387 1019 2473 1082 ad
2529 1037 2644 1082 no-

338 1130 550 1190 strum
596 1131 857 1207 tempus
902 1125 1198 1191 latuisse.

1168 1317 1353 1397 Lib.
1424 1316 1815 1397 XXXIII.

509 1445 665 1531 Cap.
728 1454 798 1525 5,
873 1452 978 1525 11,
1062 1447 1175 1511 ubi
1243 1447 1450 1512 codex
1525 1454 1592 1512 et
1659 1447 1805 1513 edd.
1863 1448 2141 1512 habent:
2226 1448 2441 1512 alius
2508 1468 2646 1530 per

332 1555 583 1619 alium
629 1556 968 1619 immissi
1014 1555 1262 1632 radii,
1328 1554 1828 1633 restituendum,
1887 1577 2018 1638 quo
2062 1555 2383 1620 vocabulo
2430 1563 2534 1620 ter
2578 1557 2644 1620 in

330 1663 462 1727 hac
543 1684 614 1727 re
688 1662 912 1727 Livius
994 1684 1155 1727 usus
1238 1671 1370 1740 est,
1448 1663 1682 1742 rami3
1777 1663 1954 1745 apud
2022 1661 2365 1745 Polybium
2435 1673 2644 1742 κεραῖαι

331 1769 789 1852 appellantur-3
856 1770 1027 1834 radii
1083 1770 1166 1833 ab
1222 1791 1293 1833 re
1340 1769 1538 1847 alieni
1587 1777 1758 1834 sunt.
1872 1769 2000 1835 Sed
2046 1777 2368 1852 praeterea
2414 1769 2645 1835 Ussin-

332 1878 482 1960 gius
551 1876 1013 1941 animadvertit
1081 1876 1281 1941 adeo
1349 1876 1456 1957 (et
1528 1877 1730 1942 adeo
1798 1878 2051 1956 acuti)
2109 1897 2323 1959 neque
2381 1878 2436 1941 si
2498 1897 2643 1941 cum

332 1987 561 2050 acuti
605 2005 817 2066 neque
863 1986 917 2047 si
965 2005 1113 2049 cum
1157 2004 1310 2048 non
1356 1986 1841 2066 relinquunt
1887 1987 2355 2067 coniungatur,
2415 1990 2644 2067 aptum

331 2113 478 2157 esse
522 2113 753 2173 neque,
810 2092 990 2173 quod
1038 2094 1094 2156 ei
1141 2091 1556 2174 respondeat,
1613 2091 1971 2173 quidquam
2018 2093 2084 2156 in
2128 2091 2383 2175 Polybii
2426 2091 2643 2156 verbis

333 2221 496 2265 esse.
589 2198 910 2280 (1863.)¹)

508 2306 662 2390 Cap.
733 2311 837 2384 12,
911 2311 979 2370 3:
1059 2307 1508 2372 AEtolorum
1578 2308 1673 2387 (in
1747 2307 2023 2373 concilio
2091 2309 2419 2372 sociorum
2477 2329 2518 2371 a
2572 2306 2642 2370 L.

332 2415 641 2493 Quinctio
688 2414 1010 2479 advocato
1058 2415 1136 2478 de
1183 2415 1433 2497 legibus
1480 2416 1663 2499 pacis
1708 2415 2012 2498 Philippo
2060 2415 2381 2495 dicendis)
2429 2435 2644 2497 aspe-

331 2523 504 2586 rior
562 2522 836 2586 oratio
894 2520 1080 2600 suit,
1150 2524 1281 2602 qui
1351 2544 1608 2605 pauca
1677 2514 2034 2605 praefati,
2101 2529 2326 2587 recte
2398 2530 2644 2605 atque

337 2629 616 2695 ordine
662 2631 1249 2713 imperatorem
1296 2630 1738 2694 Romanum
1786 2631 2091 2709 facere,
2152 2631 2383 2713 quod,
2443 2653 2644 2715 quos

333 2737 535 2802 belli
627 2738 895 2801 socios
987 2737 1460 2813 habuisset,
1552 2758 1720 2801 cum
1812 2740 1913 2803 iis
2005 2741 2816 2818 661111111111166,1·61(385)

331 2846 561 2928 pacis
631 2844 1016 2908 consilia:
1096 2844 1283 2908 falli
1363 2851 1626 2908 autem
1697 2866 1867 2909 eum
1935 2852 2112 2909 tota
2180 2866 2291 2921 re,
2375 2846 2440 2908 si
2508 2852 2648 2908 aut

334 2953 719 3017 Romanis
777 2971 1056 3035 pacem
1116 2959 1256 3015 aut
1316 2950 1641 3015 Graeciae
1703 2937 2173 3016 libertatem
2232 2953 2443 3015 satis
2500 2951 2647 3013 fir-

245 3130 250 3133 ,
336 3080 530 3124 mam
598 3080 678 3122 se
749 3058 1034 3122 credat
1100 3059 1583 3122 relicturum
1652 3060 1817 3122 nisi
1874 3058 2259 3141 Philippo
2317 3065 2460 3121 aut
2516 3078 2646 3121 oc-

337 3168 510 3230 ciso
573 3173 711 3230 aut
770 3187 1015 3247 regno
1063 3166 1297 3249 pulso
1358 3173 1479 3230 cet.
1578 3165 1877 3248 Apparet
1922 3166 2318 3242 attendenti,
2376 3165 2645 3247 partici-

336 3275 518 3357 pium
564 3274 768 3355 praef
781 3274 897 3336 ati
943 3273 1229 3356 pendere
1274 3293 1395 3336 nec
1440 3271 1706 3350 habere,
1768 3274 1873 3336 cui
1921 3271 2332 3354 adiungatur,
2379 3272 2651 3336 verbum

331 3382 625 3459 finitum3
674 3401 827 3444 nam
874 3383 1092 3463 ipsum
1138 3400 1351 3463 neque
1397 3401 1516 3462 pro
1563 3379 1750 3445 finito
1796 3381 1954 3462 poni
1998 3381 2064 3442 in
2113 3382 2437 3444 sententia
2480 3381 2649 3444 rela-

333 3491 472 3554 tiva
528 3494 749 3571 potest
796 3488 957 3569 (qui
1005 3486 1332 3571 praefati
1380 3509 1534 3570 pro:
1593 3489 1728 3570 qui
1785 3486 2103 3570 praefati
2162 3488 2375 3568 sunt)
2432 3510 2647 3570 neque

332 3604 545 3663 totam
591 3597 956 3660 orationem
1002 3595 1372 3676 significare
1419 3595 1567 3678 (pro
1615 3595 2031 3675 dixerunt3
2079 3596 2201 3660 etsi
2249 3595 2470 3660 obstat
2513 3596 2647 3675 iam

333 3704 645 3788 pauca);
693 3711 761 3768 et
806 3704 862 3767 si
909 3704 1057 3784 quis
1105 3703 1190 3766 ad
1236 3702 1570 3785 posterius
1618 3702 1742 3767 hoc
1786 3702 2270 3767 incommodum
2305 3703 2648 3768 vitandum

333 3811 568 3892 fingat,
638 3810 933 3875 indicata
986 3810 1399 3893 praefatione,
1464 3808 1788 3890 reliquam
1850 3811 2216 3875 orationem
2272 3812 2410 3876 sine
2470 3832 2646 3878 com-

333 3920 515 3983 muni
588 3917 849 3982 dicendi
915 3915 1113 3980 verbo
1185 3915 1454 4000 obliqua
1521 3916 1736 3981 forma
1792 3917 2093 4001 adiungi,
2162 3924 2416 3982 evertat
2469 3917 2647 3984 hunc

333 4032 644 4090 conatum
711 4023 1010 4107 paticula
1076 4029 1376 4099 autem,
1457 4044 1601 4105 quae
1679 4026 1746 4087 in
1815 4025 2139 4090 eiusmodi
2206 4026 2491 4090 transitu
2560 4025 2646 4089 ad

331 4132 656 4214 reliquam
737 4131 917 4213 (post
996 4128 1476 4213 praefationem)
1557 4131 1923 4196 orationem
1998 4131 2410 4197 referendam
2488 4133 2647 4215 poni

332 4239 583 4323 nequit.
697 4236 825 4301 Sed
880 4238 948 4301 in
1003 4237 1120 4301 illa
1178 4238 1327 4320 ipsa
1381 4237 1711 4320 particula
1764 4240 1968 4319 inest,
2038 4239 2215 4323 quod
2261 4242 2645 4321 quaerimus;

569 4468 603 4518 '7
637 4464 879 4518 fortasse
918 4468 1291 4519 omittendum
1329 4474 1414 4520 est
1451 4474 1518 4521 et
1555 4470 1704 4522 inter
1740 4441 1902 4521 Nam
1941 4478 1996 4521 et
2033 4472 2206 4536 quia.
2284 4468 2452 4536 1863]

2084 4571 2182 4622 31*
