3230 5282
647 611 771 666 Lib.
810 610 957 663 XXI.
1741 602 1866 663 260

648 803 921 865 prorsus
979 780 1272 846 eiusdem
1325 784 1584 865 generis
1632 793 1775 850 erat
1821 786 2122 851 additum
2168 788 2346 873 apud
2391 787 2774 856 Ciceronem
2816 791 2943 854 Act.

649 891 681 955 1
725 892 794 954 in
838 890 1022 954 Verr.
1074 895 1180 970 18,
1241 896 1320 955 53
1379 890 1668 973 Siculi,
1728 895 1917 977 quod·
1961 916 2065 959 me
2122 903 2394 962 auctore
2449 897 2785 963 sublatum
2837 904 2943 963 est.

482 1006 622 1076 (213)
661 998 886 1081 (Aliud
932 998 1453 1065 additamentum
1498 1002 1566 1065 in
1609 1000 1736 1066 hoc
1782 1001 1951 1067 libro
1996 1010 2153 1086 post
2197 1026 2411 1089 pauca
2457 1008 2699 1089 capita,
2756 1010 2853 1085 25,
2896 1011 2944 1084 5,

651 1129 975 1173 consensu
1022 1106 1390 1186 damnatur,
1434 1109 1840 1175 incertum
1885 1116 2038 1175 ante
2084 1133 2180 1177 an
2227 1119 2377 1196 post
2422 1113 2867 1196 dubium.)¹)

822 1214 1019 1300 *Cap
1071 1221 1183 1294 24,
1243 1220 1299 1280 3.
1404 1216 1967 1294 Quemadmodum
2009 1226 2197 1284 recta
2240 1223 2540 1287 oratione
2588 1222 2942 1287 necessario

651 1332 767 1390 aut
837 1326 933 1390 sic
984 1324 1347 1408 loquimur:
1429 1323 1816 1407 Colloqui
1880 1326 2304 1393 vobiscum
2361 1328 2574 1410 volo;
2643 1330 2764 1396 vel
2819 1350 2943 1394 vos

650 1436 987 1520 propius
1044 1433 1409 1498 accedite
1454 1432 1578 1497 vel
1624 1455 1765 1517 ego
1811 1435 2277 1519 procedam,
2336 1444 2455 1502 aut
2498 1439 2623 1503 sic:
2683 1439 2945 1522 itaque

650 1542 772 1607 vel
827 1564 970 1607 vos
1033 1545 1187 1619 cet„
1253 1562 1444 1607 nemo
1504 1548 1756 1606 autem:
1829 1548 1909 1606 et
1964 1543 2091 1608 vel
2135 1565 2275 1609 vos
2322 1552 2445 1610 cet.
2497 1545 2685 1627 dicit,
2753 1548 2843 1611 sic
2885 1547 2944 1610 in

649 1649 918 1732 obliqua
985 1650 1282 1714 oratione
1351 1649 1594 1713 dicitur
1650 1656 1797 1714 aut:
1867 1649 2230 1736 colloqui
2288 1659 2542 1718 semet
2585 1653 2942 1731 —·velle;

647 1758 773 1823 vel
840 1757 971 1821 illi
1050 1777 1159 1841 pr.
1231 1747 1727 1822 accederent
1808 1765 1930 1823 cet.
1999 1757 2103 1840 (ut
2168 1759 2410 1840 XXIV,
2498 1766 2604 1841 19,
2671 1762 2737 1841 4)
2801 1768 2938 1826 aut:

649 1853 930 1949 itaq'ue
986 1864 1114 1929 vel
1167 1863 1297 1928 illi
1354 1870 1477 1930 cet.
1583 1865 1975 1930 Tollendum
2019 1868 2225 1948 igitur
2269 1888 2418 1932 cum
2465 1868 2723 1934 duobus
2768 1868 2939 1934 codd.

646 1974 1127 2040 recentioribus
1172 1980 1266 2053 et,
1324 1974 1499 2056 quod
1545 1981 1697 2058 post
1741 1973 1955 2039 velle
2001 1973 2291 2054 additur,
2339 1983 2557 2041 ortum
2605 2000 2685 2042 ex
2727 1978 2944 2043 ultima

709 2257 754 2325 ¹)
793 2258 1056 2311 Proximo
1094 2258 1379 2325 superiore
1415 2257 1600 2326 capite
1641 2257 1745 2325 (18,
1785 2260 1849 2310 10
1876 2262 1931 2311 et
1966 2261 2068 2324 11),
2107 2258 2204 2311 ubi
2241 2258 2375 2311 olim
2412 2258 2687 2313 edebatur
2719 2256 2945 2312 foedus

788 2344 942 2409 icit,
996 2360 1169 2408 nunc,
1224 2343 1356 2410 quia
1392 2344 1450 2397 in
1489 2342 1778 2397 codicibus
1820 2348 1907 2397 est
1952 2341 2196 2397 foedus
2242 2343 2440 2409 iecit,
2496 2344 2688 2397 editur
2722 2342 2945 2397 foedus

788 2428 988 2493 fecit,
1043 2428 1317 2480 retinetur
1371 2433 1560 2483 autem
1615 2428 1673 2481 in
1727 2428 1923 2482 eodem
1980 2429 2279 2483 verborum
2334 2429 2549 2483 ambitu
2601 2430 2809 2483 ictum
2851 2431 2945 2479 est

790 2512 1029 2579 (foedus)
1085 2518 1142 2566 et
1195 2515 1365 2578 icta3
1421 2513 1619 2567 debuit
1671 2513 1848 2566 teneri
1894 2513 2064 2566 etiam
2108 2514 2244 2568 icit
2289 2514 2402 2581 vel,
2459 2515 2505 2568 si
2555 2514 2681 2583 quis
2731 2511 2945 2577 mavult,

791 2599 975 2668 ipsum
1022 2598 1162 2653 illud
1209 2599 1400 2665 iecit3
1456 2599 1536 2664 sic
1591 2599 1741 2653 enim
1794 2599 1962 2653 huius
2010 2598 2171 2652 verbi
2213 2599 2520 2672 perfectum
2566 2600 2627 2654 in
2675 2599 2945 2655 codicibus

789 2702 940 2754 saepe
977 2685 1175 2751 scribi,
1230 2685 1347 2738 sive
1393 2684 1466 2737 ad
1508 2684 1718 2737 vocalis
1765 2702 2084 2738 mensuram
2129 2683 2560 2753 significandam
2608 2686 2728 2738 sive
2762 2699 2945 2744 errore,

791 2770 1062 2839 exemplis
1106 2770 1308 2838 positis
1360 2769 1582 2823 ostendi
1629 2766 1831 2837 Opusc.
1871 2769 2044 2822 Acad.
2083 2769 2145 2822 11
2189 2788 2241 2838 p.
2280 2773 2348 2824 35
2396 2776 2513 2824 not.
2599 2769 2772 2840 [Add.
2809 2768 2945 2822 Suet.

792 2856 983 2909 Claud.
1007 2853 1111 2923 25]
1175 2855 1318 2908 Nam
1368 2856 1536 2908 etiam
1573 2855 1635 2908 in
1666 2854 1815 2907 Livii
1852 2854 1975 2907 libr.
2008 2854 2215 2921 XXXI,
2252 2858 2285 2908 2
2321 2859 2458 2909 extr.
2482 2855 2664 2910 codex
2690 2856 2877 2909 Bamb.
2899 2857 2950 2905 et

792 2942 886 2995 alii
913 2942 1091 2996 iecit
1118 2941 1330 2996 habent
1360 2946 1419 2994 et
1454 2940 1573 3007 XL,
1605 2942 1657 3004 8,
1695 2940 1729 2992 9
1759 2939 2023 2993 iecisse
2050 2940 2232 2993 multi.
2299 2940 2476 2993 Paulo
2508 2945 2641 2994 ante
2669 2941 2730 2995 in
2759 2940 2937 2994 eadem

789 3026 1081 3081 foederum
1127 3026 1663 3081 commemoratione
1712 3026 1901 3079 nescio
1940 3025 2077 3093 quid
2114 3025 2320 3079 erroris
2358 3026 2640 3080 obiectum
2677 3027 2755 3080 sit
2785 3023 2947 3080 homi·

790 3113 956 3167 nibus
994 3112 1176 3165 doctis
1216 3111 1485 3177 (Dobre0,
1536 3110 2013 3176 WeissenborniO,
2061 3109 2348 3179 Sauppio).
2420 3111 2595 3165 Recte
2632 3113 2820 3166 omnia
2851 3110 2940 3163 ha-

789 3199 941 3251 bent.
1028 3196 1098 3250 In
1147 3197 1273 3265 ipsa
1316 3196 1414 3249 illa
1461 3196 1801 3263 quaestione,
1857 3196 2049 3250 iurene
2096 3202 2485 3265 oppugnatum
2521 3198 2596 3250 sit
2632 3197 2946 3265 Saguntum,

792 3282 1271 3351 Carthaginiensis
1318 3286 1546 3336 senator
1582 3298 1641 3333 se
1679 3286 2069 3350 separaturum
2108 3283 2216 3348 ait,
2272 3299 2397 3350 quae
2437 3282 2684 3351 separari
2720 3278 2946 3335 Romani

788 3368 1125 3434 voluissent,
1180 3367 1315 3435 quid
1364 3367 1593 3435 publico
1632 3367 1868 3420 consilio
1904 3365 2116 3421 factum
2154 3367 2253 3434 sit,
2309 3367 2442 3434 quid
2479 3384 2581 3421 sua
2616 3373 2819 3436 sponte
2850 3366 2944 3418 im-

791 3458 1078 3521 peratores
1138 3450 1401 3518 fecerint,
1474 3469 1712 3520 eamque
1775 3452 2190 3521 separationem
2256 3453 2515 3521 exemplo
2578 3453 2947 3507 Romanorum

792 3537 1174 3591 adhibiturum
1230 3537 1302 3589 ad
1355 3536 1583 3590 foedera
1637 3538 2088 3607 interpretanda3
2145 3537 2618 3606 quemadmodum
2662 3538 2813 3591 enini
2845 3536 2945 3590 Ro·

789 3624 942 3676 mani
991 3623 1351 3691 negaverint,
1400 3618 1458 3675 se
1503 3622 1600 3676 illo
1646 3623 1872 3677 foedere
1917 3623 2122 3689 teneri,
2170 3623 2320 3691 quod
2356 3622 2420 3676 L.
2458 3623 2723 3677 Lutatius
2760 3618 2947 3678 consul

789 3709 972 3777 primo
1030 3725 1129 3760 sua
1176 3713 1376 3775 sponte
1418 3708 1637 3775 icisset,
1695 3710 1775 3762 sic
1822 3708 2309 3777 Carthaginienses
2352 3726 2470 3763 non
2515 3709 2693 3763 teneri
2738 3707 2948 3763 foedere

793 3793 863 3847 ab
925 3792 1276 3846 Hasdrubale
1341 3793 1460 3845 sine
1521 3793 1748 3862 publica
1812 3793 2359 3864 Carthaginiensium
2422 3794 2764 3849 auctoritate
2825 3793 2946 3854 icto,

792 3895 903 3946 quo
939 3878 1060 3932 solo
1097 3881 1360 3931 caveatur
1396 3877 1738 3946 Saguntinis.
1812 3879 2227 3933 Tantummodo
2266 3879 2823 3933 animadvertendum
2857 3881 2948 3933 est.

789 3964 1124 4033 particulam
1160 3964 1397 4031 itaque
1433 3982 1548 4017 non
1584 3965 1657 4017 ad
1694 3981 1816 4017 eam
1854 3965 2050 4032 solam,
2099 3966 2158 4018 in
2192 3982 2303 4033 qua
2336 3965 2588 4034 ponitur,
2626 3963 2946 4017 sententiam

791 4051 1092 4118 pertinere,
1141 4051 1242 4103 sed
1280 4050 1349 4103 ad
1386 4054 1587 4117 totam,
1638 4067 1762 4117 quae
1800 4050 1932 4103 inde
1969 4050 2211 4117 ducitur,
2249 4050 2709 4119 disputationem,
2746 4049 2815 4102 de
2848 4061 2947 4114 quo

794 4153 897 4188 usu
944 4134 1061 4188 dixi
1098 4136 1232 4189 olim
1270 4136 1342 4190 ad
1378 4134 1485 4188 Cic.
1523 4133 1649 4188 Fin.
1687 4135 1733 4202 I,
1784 4137 1833 4200 6,
1886 4138 1949 4189 18
1984 4155 2037 4206 p.
2076 4139 2158 4188 41.
2242 4133 2395 4205 [Cap.
2439 4137 2530 4202 19,
2583 4139 2607 4188 1
2650 4133 2947 4202 Sagunto

794 4221 1031 4274 excisa
1074 4221 1169 4273 vix
1215 4225 1369 4275 recte
1414 4220 1585 4274 scribi
1633 4219 1897 4274 admonui
1942 4220 2369 4290 Bemerkungen
2414 4221 2554 4275 iiber
2595 4218 2816 4272 Punkte
2858 4215 2950 4268 der

793 4307 888 4360 lat.
936 4306 1189 4375 Sprachl.
1233 4325 1288 4375 p.
1334 4310 1416 4359 21.
1502 4305 1607 4358 Cfr.
1655 4296 2050 4376 tamen'Corp.
2100 4305 2273 4360 Inscr.
2321 4307 2446 4360 Lat.
2492 4303 2556 4358 Π
2605 4322 2659 4374 p.
2697 4307 2813 4369 511,
2861 4298 2949 4353 ubi

793 4397 1003 4462 praeter
1046 4392 1251 4446 Melam
1298 4396 1357 4444 et
1399 4391 1633 4445 Florum
1681 4392 1889 4446 citatur
1935 4392 2258 4461 inscripti0‚
2303 4391 2362 4445 in
2409 4406 2518 4460 qua
2566 4398 2674 4444 est:
2737 4391 2817 4444 ob
2865 4403 2949 4440 re·

794 4480 1119 4533 stitutam
1160 4473 1585 4546 Saguntum]
