3230 5282
1419 620 1541 682 '735
2297 633 2415 688 Lib.
2451 631 2621 727 X13V.

325 807 469 872 dice
536 806 630 871 sic
697 803 1035 871 scribitur:
1126 804 1414 870 Divisa
1492 805 1795 888 aitquae
1871 804 2355 872 Macedoniae
2433 826 2623 889 par-

322 917 529 982 tium
606 912 893 980 usibus
974 914 1387 996 separatis
1457 921 1758 996 quanta
1819 911 2258 998 (Kreyssigius
2328 915 2625 1000 quania

324 1022 522 1090 scribi
602 1020 834 1103 tradit)
913 1022 1339 1089 universos
1420 1021 1689 1088 tendit
1754 1021 2205 1089 Macedonae
2271 1022 2625 1089 formula

326 1133 557 1198 dicta
622 1152 792 1196 cum
858 1130 1084 1213 leges
1143 1151 1456 1213 quoque
1516 1151 1593 1196 se
1664 1131 2038 1196 daturum
2094 1130 2622 1197 ostendisset.

323 1241 531 1306 Prave
579 1246 645 1306 et
682 1239 998 1323 Grynaeus
1045 1245 1112 1304 et
1144 1247 1295 1323 post
1328 1260 1476 1305 eum
1515 1259 1740 1305 omnes
1773 1239 1882 1304 hic
1923 1241 2286 1306 orationem
2319 1240 2624 1306 insistere

323 1350 692 1428 voluerunt,
731 1347 1072 1428 sententia,
1109 1349 1167 1413 si
1198 1354 1380 1414 recte
1416 1370 1451 1414 e
1486 1346 1705 1414 verbis
1729 1347 2029 1426 efficitur,
2067 1348 2260 1432 plane
2298 1368 2623 1432 perversa.

322 1458 493 1524 Nam
536 1458 650 1542 qui
696 1456 791 1522 sic
835 1457 1283 1522 narrationem
1331 1456 1692 1549 concludit:
1762 1455 2111 1523 formula
2170 1457 2392 1522 dicta
2449 1455 2624 1536 (est),

323 1587 558 1650 quum
642 1565 862 1648 leges
950 1585 1273 1648 quoque
1339 1587 1417 1631 se
1501 1565 1881 1631 daturum
1947 1565 2490 1644 ostendisset,
2566 1564 2624 1628 is

324 1674 793 1759 (praeterquam
847 1673 1025 1758 quod
1080 1672 1353 1740 offendit
1416 1682 1571 1759 post
1614 1674 1997 1757 primariam
2041 1673 2434 1739 sententiam
2476 1692 2628 1755 pas-

325 1782 467 1848 siva
520 1780 731 1847 forma
797 1782 936 1847 sine
1002 1802 1298 1866 personae
1364 1782 1626 1848 nomine
1694 1783 1977 1866 positam
2033 1781 2422 1849 secundaria
2480 1800 2627 1845 sen-

322 1891 535 1956 tentia
580 1890 787 1955 active
835 1889 1036 1973 elata)
1084 1913 1229 1956 cum
1274 1891 1782 1974 reprehensione
1829 1890 2053 1975 aliqua
2108 1912 2186 1956 ex
2229 1889 2426 1954 rebus
2470 1895 2624 1954 ante

322 1998 664 2083 promissis
708 2003 967 2063 tantum
1009 2005 1266 2082 partem
1312 1999 1642 2083 expletam
1689 2020 1829 2065 esse
1878 1998 2220 2083 significat.
2290 1996 2416 2074 Qui
2460 2017 2627 2080 prae-

323 2115 429 2174 ter
471 2107 567 2187 id,
613 2107 787 2191 quod
832 2127 1003 2171 nunc
1058 2105 1306 2172 factum
1350 2109 1463 2188 sit,
1507 2114 1831 2192 praeterea
1874 2107 2126 2192 aliquid
2178 2108 2244 2171 in
2290 2111 2627 2190 posterum

322 2217 720 2301 promissum
764 2201 1109 2299 significat,
1151 2217 1208 2281 is
1255 2214 1339 2297 (si
1384 2216 1647 2300 quidem
1690 2216 1798 2281 hic
1845 2217 2056 2282 oratio
2101 2213 2350 2296 finitur)
2397 2233 2617 2279 neces·
2655 2214 2798 2281 (612)

325 2326 503 2391 sario
550 2324 738 2390 dicit:
793 2323 1139 2391 formula
1182 2323 1438 2404 dicta,
1487 2323 1711 2406 leges
1757 2345 2085 2408 quoque·
2121 2347 2201 2391 se
2248 2324 2624 2388 daturum

325 2433 708 2501 ostendit.
798 2432 1112 2498 Extrema
1174 2433 1376 2516 igitur
1428 2433 1628 2498 verba
1684 2454 1831 2499 cum
1886 2434 2114 2517 primis
2181 2429 2462 2518 proximi
2520 2448 2629 2494 ca-

321 2543 482 2627 pitis
528 2540 982 2623 coniungenda
1024 2547 1205 2622 sunt,
1268 2563 1398 2625 qua
1439 2563 1509 2607 re
1558 2540 1843 2622 efficitur
1886 2543 2263 2626 aptissimus
2311 2537 2631 2610 orationis,

327 2651 689 2717 transitus:
736 2649 1233 2716 Macedoniae
1268 2648 1612 2717 formula
1650 2651 1887 2729 dicta,
1926 2673 2157 2734 quum
2189 2651 2411 2734 leges
2449 2667 2628 2729 quo-

330 2781 481 2844 que
532 2781 613 2825 se
661 2757 1033 2823 daturum
1101 2758 1645 2838 ostendisset,
1711 2759 1957 2825 AEtoli
2016 2758 2309 2826 deinde
2355 2760 2628 2838 citati3

327 2870 408 2934 in
453 2889 608 2951 qua
652 2866 1120 2949 cognitione
1178 2874 1299 2932 cet.
1394 2865 1777 2952 Superiora,
1825 2888 1968 2950 quae
2027 2867 2488 2951 disputationis
2545 2865 2626 2931 de

328 2975 718 3042 Macedonia
774 2976 912 3040 sine
967 2974 1101 3040 ullo
1157 2974 1581 3041 incolentium
1639 2974 2046 3042 incommodo
2105 2975 2310 3040 divisa
2367 2973 2628 3039 conclu-

333 3087 584 3151 sionem
653 3084 995 3149 continent
1060 3082 1464 3166 redeuntque
1533 3085 1619 3153 ad
1687 3085 2079 3150 sententiam
2146 3083 2177 3167 ξ
2239 3087 2276 3147 2
2343 3082 2626 3166 positam

330 3193 587 3275 (adeo,
635 3198 941 3275 quanta
983 3190 1460 3273 Macedonia
1504 3198 1742 3271 esset,
1787 3228 1872 3239 —
1917 3192 2400 3257 Macedones
2445 3210 2627 3272 quo-

330 3322 480 3384 que
525 3299 1063 3384 ignorabant),
1111 3301 1205 3365 sic
1240 3300 1585 3367 scribenda
1620 3322 1761 3367 esse
1798 3299 2114 3366 arbitror:
2161 3300 2438 3365 Divisa
2482 3299 2628 3364 ita-

333 3430 480 3492 que
527 3407 1033 3487 Macedonia‚
1081 3409 1432 3492 partium
1477 3410 1764 3475 usibus
1823 3409 2270 3493 separatis,
2328 3413 2630 3491 quanta

329 3518 720 3582 universa
786 3522 1038 3596 esset,
1108 3516 1489 3583 ostendit.
1589 3518 1978 3583 Universam
2044 3517 2497 3583 Macedoniam
2562 3521 2629 3580 et

330 3632 552 3707 partes
600 3625 965 3690 contrarias
1011 3625 1166 3709 poni
1213 3631 1466 3691 certum
1510 3632 1641 3707 est3
1709 3646 1830 3691 nec
1889 3626 1968 3691 de
2015 3624 2381 3692 ostendit
2424 3623 2623 3689 verbo

328 3732 468 3797 ulla
512 3740 612 3798 est
658 3733 1083 3814 dubitatio.¹)

504 3837 662 3925 Cap.
711 3845 810 3921 31,
857 3848 926 3905 4:
973 3840 1161 3907 Tria
1205 3861 1497 3924 genera
1531 3842 1990 3925 principum
2022 3842 2102 3907 in
2138 3842 2627 3908 civitatibus

330 3947 634 4032 (Graecis)
682 3956 943 4030 erant3
1015 3950 1196 4029 duo,
1264 3972 1430 4035 quae
1474 3985 1560 3995 -
1617 3949 1775 4015 sibi
1830 3951 2214 4035 privatim
2260 3971 2449 4033 opes
2492 3971 2628 4032 op-

328 4057 641 4141 pressis
686 4055 1101 4124 faciebant
1157 4058 1661 4124 civitatibus.
1715 4057 1884 4140 (cod.
1932 4060 2351 4124 civitatem
2407 4056 2627 4139 sibi);

382 4327 432 4395 ¹)
472 4324 653 4396 [Quod
699 4329 879 4383 oratio
925 4329 1070 4383 redit
1123 4329 1193 4383 ad
1228 4328 1292 4383 L.
1333 4328 1627 4385 AEmilium
1672 4348 1786 4386 non
1822 4330 2074 4401 proxime
2109 4328 2487 4396 nominatum,
2526 4328 2625 4382 sed

470 4412 541 4469 de
578 4414 733 4469 cuius
771 4416 909 4468 actis
945 4420 1066 4469 tota
1101 4415 1352 4469 narratio
1391 4420 1504 4484 est,
1559 4416 1629 4470 de
1667 4433 1733 4471 eo
1789 4414 1884 4471 cfr.
1924 4433 1972 4472 c.
2011 4416 2094 4481 3⁹7,
2131 4415 2181 4482 ⁵7,
2217 4412 2415 4482 XXXI,
2453 4416 2534 4481 40,
2575 4415 2623 4479 1,

467 4497 797 4569 XXXVIII,
841 4502 921 4568 13,
958 4498 1029 4568 2.]
