3230 5282
1414 603 1530 664 141
2190 589 2201 597 '
2399 615 2524 669 Lib.
2561 615 2625 670 v.

486 784 643 871 Cap.
698 790 796 868 18,
844 792 904 866 4,
961 787 1030 852 in
1075 787 1377 853 oratione
1422 784 1491 850 P.
1540 786 1779 852 Licinii
1823 783 2006 852 Calvi
2052 786 2464 852 tribunatum
2508 789 2627 853 mi-

316 894 504 960 litum
562 895 1015 980 deprecantis,
1083 895 1240 961 olim
1297 894 1648 961 edebatur:
1731 892 1810 960 Si
1879 894 2239 979 collegas
2308 896 2630 962 eosdem

317 1002 718 1085 reficitiS‚
789 1004 1036 1069 etiam
1093 1025 1243 1087 usu
1299 1002 1692 1069 meliores
1737 1001 2043 1085 factos,
2112 1024 2225 1069 me
2271 1005 2425 1070 iam
2470 1028 2630 1072 non

321 1112 666 1177 eundem
721 1148 809 1157 —
861 1112 1184 1179 videtis.
1297 1109 1455 1177 Cod.
1513 1111 1583 1176 M
1651 1112 1765 1177 sit
1832 1111 2232 1195 collegaS,
2300 1112 2351 1178 P
2420 1115 2486 1179 si
2555 1120 2631 1179 et

319 1220 679 1303 collegas
717 1219 849 1302 (HI
899 1226 978 1286 et
1021 1221 1131 1285 sit
1176 1219 1560 1303 collegas,
1603 1218 1695 1283 Ll
1748 1220 1865 1285 sic
1912 1219 2325 1304 collegas),
2372 1242 2453 1287 ex
2499 1244 2630 1307 quo

318 1327 896 1393 Weissenbornius
937 1326 1125 1393 fecit:
1194 1327 1348 1393 Sed
1402 1329 1473 1392 si
1529 1327 1928 1412 collegaS,
1995 1334 2259 1393 retenta
2303 1332 2632 1414 particula

319 1436 790 1516 condicionali,
860 1456 1003 1518 quae
1050 1436 1448 1502 sententiam
1494 1436 1910 1520 pessumdat,
1979 1437 2171 1520 quasi
2217 1437 2481 1503 dubitet
2524 1439 2631 1503 Li-

319 1546 543 1625 cinius,
599 1545 819 1610 sintne
863 1543 1130 1628 collegae
1172 1545 1392 1625 iidem,
1450 1545 1566 1629 qui
1608 1544 1872 1625 fuerint,
1930 1550 1997 1609 et
2041 1545 2234 1626 quasi
2277 1545 2406 1611 hoc
2450 1547 2631 1629 quic-

319 1674 514 1736 quam
582 1652 805 1717 valeat
869 1652 955 1717 ad
1011 1653 1220 1737 ipsius
1274 1653 1447 1719 vires
1507 1660 1576 1718 et
1629 1654 1936 1736 vigorem.
2045 1653 2274 1735 Neque
2333 1654 2506 1719 enim
2566 1657 2631 1721 si

322 1761 494 1845 apud
542 1761 821 1826 Latinos
879 1782 1168 1846 unquam
1223 1763 1292 1826 in
1353 1761 1846 1846 comparatione
1903 1760 1999 1825 ita
2042 1761 2337 1844 ponitur,
2407 1784 2631 1845 quem-

323 1868 680 1934 admodum
762 1867 1151 1934 Germanice
1220 1869 1432 1935 dicas:
1527 1869 1738 1935 Wenn
1817 1868 1922 1933 ihr
1998 1868 2157 1933 aber
2224 1889 2309 1933 an
2374 1871 2633 1936 meinen

321 1975 631 2060 Collegen
696 1996 862 2059 ganz
928 1976 1264 2042 dieselben
1309 1977 1583 2042 Manner
1640 1978 1740 2042 als
1798 1975 2024 2040 friiher
2080 1975 2320 2057 findet,
2388 1998 2460 2043 so
2518 1979 2633 2043 bin

323 2085 427 2149 ich
475 2084 769 2167 dagegen
816 2090 940 2149 cet.
1030 2083 1298 2167 (Latine
1344 2084 1612 2149 dicitur:
1674 2082 1822 2150 Sed
1868 2089 1955 2149 ut
2000 2074 2400 2168 collegas.
2432 2089 2634 2152 ..sic

321 2213 434 2258 me
483 2185 662 2274 cet.)'
740 2190 1172 2258 Scribendum
1219 2200 1383 2273 erat,
1432 2193 1852 2277 apertissime
1896 2192 2067 2257 viam
2112 2194 2632 2261 monstrantibus

323 2300 470 2365 MP:
538 2301 660 2363 Set
728 2300 1099 2384 collegas
1167 2301 1485 2366 eosdem
1551 2299 1920 2383 reficitis
1977 2335 2063 2344 —
2114 2325 2232 2381 —3
2299 2322 2412 2365 me
2481 2303 2635 2368 iam

324 2429 478 2473 non
525 2406 864 2473 eundem
906 2444 992 2454 —
1035 2409 1366 2475 videtis:

495 2513 657 2601 Gap.
706 2518 822 2595 21,
889 2519 926 2579 9
972 2537 1095 2600 pro
1154 2536 1266 2596 00,
1337 2516 1516 2601 quod
1577 2516 1646 2580 in
1706 2514 2044 2580 codicibus
2102 2516 2295 2582 bonis
2353 2517 2635 2583 deterio-

329 2645 605 2708 rumque
671 2624 867 2708 longe
930 2623 1235 2708 plurimis
1302 2629 1373 2690 et
1426 2622 1827 2689 editionibus
1884 2629 2017 2690 est:
2089 2645 2260 2708 quae
2327 2625 2639 2691 similia

329 2735 495 2798 veri
561 2734 758 2812 sint,
828 2732 1249 2798 scribendum
1309 2738 1471 2816 puto
1528 2753 1676 2796 cum
1731 2731 1948 2796 tribus
1995 2731 2175 2816 apud
2218 2731 2636 2798 Drakenbor-

330 2841 546 2905 chium
592 2840 932 2905 codicibus
964 2839 1209 2905 nullius
1242 2860 1363 2924 per
1398 2861 1468 2905 se
1502 2839 1658 2904 fidei
1694 2838 1778 2921 (V
1781 2861 1907 2905 000.
1936 2843 1994 2921 2,
2028 2839 2183 2904 Lov.
2210 2843 2267 2920 3,
2304 2815 2633 2923 Gabi-tn.)

331 2970 493 3032 quse
550 2948 854 3013 similia
907 2948 1119 3013 veris
1178 2948 1371 3028 sint,
1429 2947 1981 3032 quemadmodum
2040 2948 2349 3014 scribitur
2391 2948 2477 3029 X,
2537 2952 2638 3030 20,

328 3061 363 3119 5
428 3056 770 3137 (similia
838 3055 1052 3120 veris
1110 3054 1368 3137 erant)
1438 3062 1503 3120 et
1557 3054 1805 3135 XXIX,
1874 3058 1984 3136 20,
2058 3060 2121 3135 1,
2190 3055 2426 3138 quibus
2470 3056 2636 3122 locis

326 3164 503 3228 nulla
548 3168 652 3228 est
694 3169 969 3246 propter
1015 3162 1378 3229 subiectam
1410 3163 1708 3228 litteram
1741 3183 1770 3224 s
1806 3163 2167 3243 dubitati03
2214 3183 2367 3227 nam
2401 3163 2635 3245 XXVI,

327 3275 436 3350 49,
521 3277 558 3334 6
627 3290 712 3336 ea
790 3271 1092 3335 subiecta
1167 3271 1406 3335 minuit
1472 3272 1943 3336 auctoritatem
1987 3269 2161 3352 (Put.
2212 3270 2638 3337 simillima

326 3380 649 3444 ueneris
704 3377 935 3460 sunt).
1034 3378 1300 3444 Inverso
1346 3378 1598 3459 ordine,
1658 3386 1735 3444 ut
1778 3401 1896 3463 pro
1942 3399 2072 3442 uno
2119 3378 2437 3444 vocabulo
2485 3401 2629 3445 esse
2668 3398 2806 3466 (120)

329 3495 684 3571 utrumque
740 3506 870 3550 non
927 3494 1183 3570 posset,
1252 3486 1579 3571 pluralem
1635 3485 1908 3569 (veris)
1968 3485 2212 3570 plurali
2274 3486 2638 3569 (similia)

335 3594 598 3678 adiungi
645 3615 770 3679 par
815 3600 992 3674 erat3
1058 3594 1369 3659 similia
1422 3616 1803 3660 verorum
1861 3595 2304 3660 molestiorem
2350 3594 2639 3661 habebat

331 3722 578 3766 sonum.
705 3700 1071 3784 (Singulari
1147 3723 1421 3767 numero
1505 3702 1683 3785 apud
1750 3702 2006 3766 Livium
2075 3702 2370 3767 similis
2440 3705 2635 3782 veri,

333 3810 609 3891 positivo
655 3809 900 3892 gradu,
968 3811 1298 3894 reperitur
1341 3817 1473 3890 ter,
1544 3811 1898 3875 similius
1956 3831 2135 3874 vero
2192 3817 2258 3875 et
2304 3810 2634 3875 similli-

330 3937 520 3980 mum
567 3938 752 3982 vero
797 3917 1019 4000 ter.)¹)

390 4188 435 4256 ¹)
473 4189 599 4260 Cap.
638 4192 732 4258 22,
785 4192 819 4244 3
855 4206 1083 4257 vereor,
1138 4197 1201 4243 ut
1245 4207 1278 4242 a
1311 4189 1474 4243 Livio
1523 4206 1688 4258 opes
1733 4193 1987 4257 egestae
2034 4205 2067 4241 a
2102 4187 2291 4242 Veiis
2338 4189 2635 4258 appellatae

467 4275 593 4342 sint,
637 4291 763 4344 quoe
801 4293 869 4329 ex
906 4277 1042 4330 urbe
1079 4280 1524 4345 exportarentur,
1563 4274 1670 4328 etsi
1706 4278 2033 4327 constant-er
2069 4289 2098 4324 a
2134 4272 2326 4329 Veiis
2361 4274 2635 4328 Romam

470 4361 561 4414 ire
595 4367 651 4414 et
689 4360 897 4414 similia
934 4360 1088 4414 dicit.
