3230 5282
635 616 758 671 Lib.
795 614 864 669 X.
1731 599 1856 661 228

639 808 873 872 quam
919 784 1209 865 simile,
1255 784 1319 849 h.
1357 804 1573 869 aeque
1618 783 1819 865 leve)
1855 803 2067 867 neque
2111 782 2249 847 ulla
2294 781 2702 865 significatur
2737 800 2941 864 neque

642 896 741 960 ita
803 893 1445 977 haudquaquam
1499 912 1647 975 par
1693 890 1822 956 dici
1866 896 2120 975 potest3
2179 889 2358 974 quod
2404 895 2627 955 autem
2661 886 2946 953 Alschef-

640 999 820 1067 skius
886 1001 956 1066 id
1014 999 1372 1084 significari
1425 1000 1597 1079 vult,
1669 999 1774 1064 cui
1830 998 2348 1082 haudquaquam
2414 1019 2608 1081 pares
2669 995 2945 1062 Romani

639 1108 847 1174 futuri
894 1109 1057 1189 sint,
1112 1129 1245 1172 non
1287 1108 1384 1172 ita
1431 1107 1559 1172 sibi
1605 1105 1999 1171 diffidebant
2041 1126 2166 1171 nec
2210 1107 2306 1171 ita
2352 1103 2818 1189 desperabant,
2875 1108 2947 1167 ut

640 1238 709 1282 se
775 1237 1194 1300 nequaquam
1265 1214 1444 1280 bello
1512 1235 1709 1298 pares
1776 1214 1918 1279 fore
1986 1214 2362 1293 crederent;
2428 1233 2551 1277 nec
2620 1210 2946 1293 defungi

643 1324 1089 1389 certamine
1154 1323 1450 1407 impari
1517 1328 1793 1406 propter
1858 1323 2070 1406 ipsam
2125 1321 2307 1386 verbi
2364 1326 2703 1399 naturam,
2772 1317 2948 1403 quod

643 1432 724 1497 de
781 1431 957 1497 malo
1003 1430 1499 1496 incommodove
1547 1429 1887 1494 subeundo
1935 1435 2002 1494 et
2047 1429 2420 1513 superando
2464 1428 2764 1512 ponitur,
2822 1426 2949 1491 dici

642 1545 895 1623 potest,
955 1540 1070 1622 qui
1124 1538 1267 1622 ipse
1325 1537 1669 1603 certamini
1721 1537 1936 1621 impar
1994 1536 2197 1619 est¹);
2275 1536 2671 1601 adjectivum
2726 1554 2947 1599 neces-

645 1648 822 1713 sario
871 1646 956 1712 ad
1000 1646 1414 1711 adversarios
1466 1650 1746 1728 spectat.
1825 1645 2060 1726 Itaque
2108 1645 2486 1710 necessario
2536 1641 2951 1708 scribendum

644 1754 934 1818 videtur:
1004 1760 1082 1818 et
1136 1752 1766 1836 haudquaquam
1825 1752 2098 1833 inpari
2145 1750 2734 1835 defungendum
2779 1770 2951 1815 esse

645 1862 1122 1940 certamine,
1191 1866 1267 1925 ut
1322 1862 1421 1925 im
1478 1858 1611 1941 (in)
1669 1867 1824 1944 post
1880 1880 1937 1921 m
1983 1860 2305 1925 exciderit
2360 1858 2470 1941 (de
2528 1881 2657 1943 quo
2715 1858 2951 1924 mendo

645 1969 729 2034 ad
789 1969 910 2048 IX,
967 1973 1082 2048 41,
1142 1973 1180 2032 8
1238 1967 1421 2049 dixi).
1532 1967 1735 2032 Pares
1802 1968 1934 2032 iam
1999 1988 2274 2052 prorsus
2344 1967 2471 2032 sibi
2539 1967 2952 2032 adversarios

644 2077 963 2142 Etruscos
1047 2075 1508 2159 Samnitesque
1599 2076 2014 2156 coniunctos,
2118 2075 2329 2140 Gallis
2421 2074 2722 2155 adscitis,
2811 2073 2952 2140 fore

646 2183 1144 2267 augurabantur
1190 2184 1487 2264 Romani,
1543 2189 1621 2247 ut
1667 2184 1845 2249 omni
1892 2204 2014 2267 ope
2061 2189 2295 2249 contra
2340 2182 2718 2248 enitendum
2761 2188 2952 2247 esset.

649 2289 845 2373 [Novi
904 2291 1325 2357 attractionis
1382 2290 1692 2374 figuram,
1755 2297 1824 2357 et
1868 2297 2090 2355 tamen
2134 2290 2325 2356 valde
2380 2310 2638 2369 vereor,
2693 2311 2778 2354 ne
2838 2288 2872 2373 ἓ
2917 2293 2953 2353 6

645 2399 867 2463 Livius
912 2399 1287 2482 scripserit:
1347 2404 1424 2463 et
1468 2396 1803 2463 fortuna
1846 2399 2065 2482 ipsa,
2121 2399 2407 2479 vereri,
2465 2420 2558 2464 ne
2605 2398 2732 2462 cui
2779 2398 2955 2463 deo·

646 2527 819 2570 rum
897 2507 1147 2571 nimia
1215 2507 1371 2570 iam
1438 2505 1520 2569 in
1589 2527 1670 2571 se
1731 2541 1818 2551 —
1875 2506 2271 2572 videatur.
2360 2506 2532 2572 Nam
2577 2507 2709 2571 alio
2756 2505 2955 2589 signi-

647 2612 854 2679 ficatu
899 2612 1318 2679 fortunam
1364 2614 1632 2679 vereri
1681 2613 1940 2680 dicitur.
2037 2613 2249 2697 1861]

823 2719 981 2805 Cap.
1036 2726 1130 2800 14,
1185 2724 1295 2784 13:
1355 2719 1462 2802 (Q.
1509 2721 1754 2786 Fabius
1799 2721 2126 2788 Maximus
2185 2723 2414 2788 consul
2460 2724 2527 2788 in
2573 2721 2826 2806 proelio
2877 2719 2962 2786 ad

650 2829 986 2894 Tifernum
1029 2828 1114 2892 M.
1142 2828 1443 2893 Fulvium
1489 2834 1555 2893 et
1598 2829 1685 2894 M.
1712 2829 2066 2910 Valerium,
2115 2831 2419 2896 tribunos
2463 2830 2763 2910 militum,
2814 2850 2963 2894 cum

653 2937 989 3019 equitibus
1034 2937 1099 3001 in
1136 2935 1528 3001 Samnitium
1565 2938 1778 3001 aciem
1816 2937 2160 3019 immittit.)
2230 2936 2597 3003 Ceterum
2643 2937 2962 3021 quando

650 3066 741 3109 ne
788 3067 880 3109 ea
925 3065 1245 3128 quoque
1291 3049 1623 3109 tentata
1665 3045 1780 3109 vis
1825 3045 2309 3128 proficeret,
2357 3044 2702 3111 consilio
2747 3065 2965 3127 gras·

652 3152 1019 3232 sandum,
1080 3153 1149 3217 si
1195 3151 1410 3217 nihil
1455 3153 1670 3216 vires
1715 3152 2120 3233 iuvarent,
2178 3161 2431 3233 ratus,
2490 3152 2963 3236 Scipionem

649 3260 1009 3342 legatum
1087 3260 1469 3324 hastatos
1537 3260 1809 3342 primae
1876 3260 2235 3342 legionis
2302 3259 2800 3325 subtrahere
2873 3280 2963 3324 ex

654 3369 829 3431 acie
872 3402 959 3411 -—-
1004 3366 1256 3431 iubet.
1361 3365 1615 3430 Livium
1673 3386 1887 3450 neque
1931 3389 2028 3432 ne
2070 3403 2159 3412 —
2201 3389 2520 3453 quoque
2575 3389 2696 3452 pro
2741 3388 2837 3432 ne
2882 3400 2968 3412 ——

654 3473 977 3557 quidem
1022 3474 1242 3538 dicere
1286 3474 1579 3556 potuisse
1628 3495 1840 3557 neque
1888 3476 2213 3557 quando
2259 3512 2346 3520 —
2388 3475 2843 3560 proficeret
2889 3473 2969 3538 de

652 3578 860 3646 futuri
917 3587 1189 3645 eventus
1250 3581 1483 3645 timore
1542 3579 1635 3660 (si
1690 3580 1904 3647 forte
1965 3605 2058 3648 ne
2123 3604 2218 3648 ea
2261 3583 2579 3666 quidem
2622 3583 2744 3647 vis
2787 3604 2969 3666 pro-

652 3687 1010 3768 ficeret),
1071 3686 1155 3752 ab
1217 3687 1363 3751 aliis
1420 3686 1831 3754 intellectum
1876 3691 2383 3774 expositumque
2430 3696 2547 3755 est.
2656 3688 2785 3755 Sed
2834 3690 2969 3754 sin·

654 3795 823 3879 gulis
868 3795 1084 3860 verbis
1133 3794 1540 3877 corrigendis
1584 3796 1751 3861 nihil
1795 3798 2045 3879 agitur3
2101 3820 2256 3863 nam
2302 3798 2622 3863 excidisse
2669 3796 2973 3880 quaedam

656 3904 998 3968 sententiae
1063 3901 1279 3968 forma
1345 3904 1639 3969 ostendit
1706 3905 1870 3969 satis
1938 3927 2018 3970 ex
2083 3907 2428 3989 particulis
2485 3904 2803 3989 quando
2875 3923 2969 3968 ne

655 4011 1039 4095 perspicua3
1128 4010 1349 4076 fuerat
1435 4018 1659 4076 autem
1750 4013 2008 4095 integra
2094 4012 2501 4080 huiusmodi:
2587 4009 2971 4077 Ceterum

657 4118 1007 4201 quando,
1093 4139 1186 4183 ne
1276 4139 1366 4183 ea
1443 4140 1595 4202 quo
1619 4140 1802 4202 que,
1848 4125 2174 4186 tentata
2250 4121 2374 4186 vis
2454 4139 2704 4202 parum
2780 4140 2969 4204 pro-

715 4369 760 4436 1)
798 4368 967 4435 Quasi
1012 4369 1193 4425 dicas:
1248 4371 1413 4425 einen
1452 4371 1665 4440 Kampf
1712 4373 2049 4428 iiberstehen
2102 4374 2228 4442 (mit
2271 4374 2452 4430 einem
2495 4373 2737 4444 Kampfe
2782 4373 2975 4428 davon

793 4453 1098 4522 kommen),
1135 4456 1265 4511 dem
1298 4473 1431 4511 man
1465 4458 1821 4527 unterliegen
1853 4463 2057 4514 musae.
