3230 5282
559 607 682 662 Lib.
721 607 786 660 X.
1658 599 1783 658 224

559 801 678 862 pro
748 801 1068 845 movere
1136 780 1683 863 (PRottendorf.).
1796 780 2045 860 XLIII,
2130 785 2242 861 21,
2314 785 2344 845 1
2420 787 2601 847 recte
2670 781 2878 848 codex

560 888 893 967 moveri3
939 888 1273 954 Drakenb.
1320 890 1731 972 movere.¹)

734 993 892 1079 Cap.
956 1001 1023 1076 6,
1106 1001 1172 1061 3:
1254 998 1518 1063 Romae
1599 1017 1922 1081 quoque
1990 996 2307 1080 plebem
2374 998 2729 1079 quietam
2795 1005 2877 1062 et

560 1110 1082 1169 exoneratam
1150 1104 1512 1170 deducta
1580 1105 1658 1169 in
1727 1104 2104 1172 colonias
2171 1104 2618 1170 multitudo
2678 1126 2875 1189 prae-

562 1210 860 1275 stabat.
975 1210 1135 1288 Quae
1210 1221 1309 1278 est
1378 1218 1823 1278 exonerata
1878 1213 2157 1297 plebs?
2223 1212 2397 1279 Urbs
2457 1220 2876 1292 exoneratur,

562 1318 993 1386 multitudine
1049 1321 1268 1386 inutili
1325 1321 1458 1386 alio
1506 1321 1823 1401 deducta,
1882 1343 2013 1387 non
2058 1321 2277 1404 pleb8‚
2338 1322 2525 1387 cuius
2571 1322 2686 1386 illa
2727 1322 2881 1404 ipsa

559 1449 717 1513 pars
766 1434 884 1494 est.
999 1428 1174 1506 Quid
1232 1428 1467 1493 deinde
1524 1428 1845 1512 plebem
1890 1435 2417 1496 exoneratam
2461 1437 2877 1513 praestare,

560 1538 751 1620 quasi
811 1543 1025 1602 status
1083 1536 1191 1601 hic
1248 1536 1487 1619 aliquis
1546 1538 1636 1602 sit
1695 1537 2233 1603 conservandus?
2304 1537 2644 1613 Quomodo
2693 1538 2877 1601 deni-

558 1664 688 1728 que
758 1643 944 1728 plebs
1003 1645 1195 1709 simul
1254 1646 1537 1728 quieta
1594 1651 1670 1709 et
1739 1652 2188 1711 exonerata
2241 1646 2641 1729 praestatur?
2704 1644 2879 1710 Nam

560 1752 769 1835 quieti
826 1752 1292 1818 consulebatur
1349 1760 1709 1819 exonerata
1767 1754 1961 1834 urbe,
2029 1774 2159 1819 non
2217 1754 2344 1837 ipsi
2403 1754 2875 1819 exonerationi.

560 1859 840 1925 Omnino
901 1861 1119 1943 agitur
1177 1861 1257 1926 de
1315 1883 1449 1926 una
1505 1862 1760 1944 quiete,
1828 1882 2055 1945 quam,
2126 1868 2200 1926 ut
2254 1860 2418 1927 foris
2476 1850 2762 1927 victoriis
2808 1870 2881 1926 et

556 1966 963 2048 foederibuS,
1035 1970 1132 2033 sic
1180 1968 1356 2032 domi
1403 1968 1679 2034 coloniis
1727 1968 2024 2034 deductis
2069 1973 2334 2052 partam
2377 1991 2636 2049 novum,
2694 1969 2877 2051 quod

556 2076 779 2141 Livius
850 2082 1238 2141 narraturus
1309 2083 1435 2156 est,
1502 2082 1836 2141 certamen
1905 2075 2220 2141 turbavit.
2344 2076 2666 2161 Apparet,
2730 2098 2877 2141 rem

518 2269 521 2272 ἦ
560 2181 863 2248 effectam
910 2183 1259 2266 (quietem)
1308 2205 1456 2249 cum
1503 2205 1704 2249 causa
1749 2182 2272 2267 (exoneratione)
2318 2186 2492 2250 male
2540 2184 2875 2250 confundi.

562 2289 692 2354 Sed
760 2311 841 2356 ea
908 2290 1205 2355 confusio
1274 2290 1546 2356 librario
1613 2291 1925 2373 debetur3
2006 2293 2228 2357 Livius
2307 2294 2401 2358 sic
2478 2293 2874 2376 scripserat:

557 2398 885 2462 Plebem
942 2398 1302 2480 quietam
1362 2406 1809 2465 exonerata
1865 2401 1943 2465 in
2000 2399 2367 2466 colonias
2423 2399 2875 2465 multitudo

559 2505 1037 2588 praestabat.
1143 2505 1497 2589 Eleganter
1553 2513 1620 2572 et
1676 2514 1832 2592 apte
1888 2507 2379 2573 multitudinem
2425 2509 2875 2573 abundantem

560 2620 627 2677 et
695 2612 779 2677 ob
850 2634 994 2678 eam
1064 2633 1331 2679 causam
1396 2622 1989 2700 paupertatemque
2055 2616 2507 2682 turbulentam
2573 2637 2700 2681 non
2756 2615 2875 2681 de-

561 2721 827 2785 ductam
894 2721 1060 2786 dixit
1128 2723 1194 2786 in
1264 2722 1589 2803 colonias,
1670 2724 1785 2788 sed
1852 2731 2166 2807 tanquam
2235 2746 2399 2790 onus
2469 2726 2739 2790 eiectam
2809 2731 2883 2789 et

560 2827 964 2895 exhaustam.
1079 2830 1294 2909 Quum
1362 2833 1706 2915 proprium
1773 2832 2043 2897 verbum
2112 2853 2314 2916 supra
2382 2834 2618 2915 aliquis
2674 2834 2881 2915 scrip-

559 2938 788 3017 sisset,
857 2937 926 3002 id
991 2939 1058 3003 in
1127 2939 1356 3004 ordine
1423 2940 1865 3023 perscriptum
1932 2946 2000 3005 et
2066 2940 2238 3006 male
2306 2961 2451 3006 cum
2519 2941 2881 3023 quietam

563 3044 942 3129 copulatum
1004 3052 1124 3112 est.
1237 3045 1398 3128 (cfr.
1445 3068 1733 3132 prooem.
1784 3070 1845 3130 p.
1901 3048 2027 3129 17.)
2140 3048 2594 3113 Exonerari
2651 3054 2881 3112 autem

564 3153 917 3237 dupliciter
973 3154 1103 3219 dici
1165 3160 1231 3220 et
1290 3154 1372 3220 de
1429 3176 1538 3235 eo,
1609 3156 1715 3220 cui
1771 3176 1935 3221 onus
1993 3156 2306 3236 demitur,
2376 3161 2444 3220 et
2489 3156 2571 3220 de
2616 3156 2760 3239 ipsa
2804 3177 2879 3218 re

393 3274 529 3342 (189)
567 3261 891 3340 tollenda,
973 3282 1116 3343 quae
1190 3263 1370 3327 oneri
1440 3269 1570 3343 est,
1639 3262 1850 3328 lexica
1921 3263 2308 3343 ostendunt,
2376 3264 2616 3347 positis
2684 3263 2883 3328 huius

561 3370 950 3451 posterioris
1021 3368 1520 3451 significationis
1578 3370 1893 3454 exemplis
1949 3371 2201 3452 Plauti,
2270 3370 2564 3451 Senecae,
2630 3371 2874 3450 Taciti3

561 3497 681 3539 nec
739 3476 930 3540 deest
988 3477 1196 3559 ipsius
1253 3477 1448 3556 Livii,
1516 3477 1920 3543 simillimum
1973 3478 2125 3544 huic
2179 3480 2358 3559 1000,
2423 3486 2500 3543 ut
2544 3500 2585 3543 a
2629 3499 2729 3542 me
2776 3485 2883 3544 est

561 3584 929 3662 restitutus,
974 3582 1208 3663 XXIV,
1259 3588 1359 3664 29,
1410 3588 1440 3648 1
1493 3583 1603 3666 (de
1642 3584 2039 3669 Syracusis):
2085 3585 2396 3669 legatio
2441 3608 2882 3670 peroppor-

563 3697 758 3756 tuna
822 3692 992 3756 visa
1047 3691 1145 3756 ad
1199 3692 1805 3758 multitudinem
1860 3694 2370 3760 inconditam
2426 3715 2516 3760 ac
2574 3694 2881 3760 tumul-

562 3803 882 3862 tuosam
939 3800 1558 3865 exonerandam.
1664 3799 2004 3882 (Extremo
2063 3802 2311 3885 capite,
2374 3799 2408 3885 ς
2458 3806 2566 3882 11,
2624 3801 2736 3867 ubi
2794 3801 2882 3866 de

563 3906 863 3990 patriciis
910 3908 1122 3971 minus
1169 3906 1446 3972 firmiter
1488 3909 1952 3974 resistentibus
1997 3909 2126 3993 legi
2173 3910 2253 3974 de
2299 3910 2683 3975 sacerdotiis
2728 3929 2885 3974 cum

564 4013 758 4096 plebe
805 4015 1366 4080 communicandis
1415 4016 1663 4097 agitur,
1723 4017 1924 4081 verba
1980 4017 2076 4080 sic
2120 4017 2647 4100 interpungenda
2691 4022 2878 4082 sunt:

625 4283 671 4348 ¹)
712 4282 868 4352 [Cap.
917 4286 977 4352 4,
1032 4288 1065 4338 2
1113 4285 1229 4338 dixi
1279 4303 1325 4339 a.
1368 4287 1497 4340 1861
1546 4286 1822 4355 suspicari
1867 4304 1956 4342 me
1992 4286 2217 4340 Livium
2260 4287 2546 4356 vigilias
2594 4286 2885 4350 vicatim

704 4373 923 4434 actas,
977 4386 1094 4424 non
1131 4374 1413 4424 exactas
1453 4370 1691 4437 dixisse3
1740 4389 1871 4426 nam
1918 4371 1986 4425 de
2035 4372 2330 4441 diligentia
2375 4390 2561 4427 earum
2599 4373 2887 4440 exigenda

703 4471 819 4507 non
856 4454 963 4522 agi.
1036 4454 1144 4507 Illo
1183 4455 1352 4508 modo
1389 4455 1502 4509 dici
1540 4456 1736 4523 solere,
1773 4475 1923 4511 nunc
1959 4457 2450 4512 Weissenbornius
2487 4455 2758 4525 adnotat]
