3230 5282
1394 624 1518 685 277
2298 636 2423 692 Lib.
2460 637 2608 695 XXI.

307 805 530 892 Neque
604 808 779 873 enim
842 807 1132 874 fractum
1203 807 1531 892 Scipionis
1601 808 1890 874 animum
1945 808 2167 875 Livius
2236 809 2428 889 dicit,
2494 810 2611 874 sed

309 916 662 981 cautiorem
706 915 978 981 factum.

467 1021 626 1107 Cap.
677 1028 778 1103 54,
843 1029 872 1089 1
923 1024 1108 1109 quod
1152 1023 1489 1089 scribitur:
1559 1023 1801 1101 Quem
1858 1023 2000 1090 ubi
2057 1026 2380 1107 equites
2426 1046 2610 1109 quo-

308 1152 448 1213 que
489 1131 850 1213 tegendo
901 1134 1108 1198 satis
1154 1131 1670 1198 latebrosum
1716 1131 1983 1197 locum
2024 1168 2113 1177 —
2155 1133 2608 1216 perlustra·

308 1239 441 1319 vit,
505 1260 736 1305 vereor
801 1261 888 1305 ne
949 1260 1096 1305 cum
1153 1241 1297 1306 cod.
1343 1240 1497 1306 Lov.
1547 1244 1615 1320 3,
1684 1239 1947 1306 Mureto
2005 1240 2287 1325 aliisque
2344 1242 2611 1325 equiti

308 1345 718 1412 scribendum
774 1348 881 1413 sit.
995 1346 1093 1429 (O.
1152 1353 1267 1429 48,
1333 1354 1372 1413 4
1427 1348 1480 1413 P
1535 1347 1873 1431 ceterique
1927 1347 2232 1413 meliores
2287 1347 2608 1429 equites

305 1475 419 1537 pro
487 1453 802 1538 equiti.)
923 1455 1195 1521 Nullum
1277 1458 1448 1521 enim
1513 1476 1730 1540 prosae
1795 1456 2112 1521 orationis
2181 1461 2432 1519 certum
2499 1476 2608 1519 ex-

305 1560 584 1646 emplum
627 1564 796 1641 novi,
841 1563 957 1628 ubi
1005 1563 1265 1629 dativus
1311 1564 1610 1646 gerundii
1657 1565 2114 1629 accusativum
2157 1569 2376 1644 regat3
2434 1563 2610 1646 apud

305 1667 690 1735 Sallustium
759 1668 903 1736 Cat.
963 1677 1003 1735 4
1068 1672 1270 1737 verba
1335 1673 1430 1736 sic
1498 1671 1860 1737 cohaerent:
1928 1692 2202 1755 agrum
2270 1670 2607 1735 colendo

305 1782 438 1842 aut
478 1778 846 1844 venando
890 1780 1136 1844 vitam
1183 1800 1438 1863 agere,
1502 1779 1945 1856 servilibus
1990 1778 2310 1844 officiis
2356 1779 2607 1842 inten-

301 1891 472 1965 tum,
517 1891 594 1950 ut
637 1884 971 1953 ablativus
1017 1887 1125 1952 sit.
1175 1886 1491 1969 (1862.)¹)
1579 1886 1832 1952 Eodem
1877 1888 2091 1971 capite
2140 1884 2174 1969 ἓ
2211 1891 2248 1950 6
2285 1885 2393 1968 (de
2429 1886 2607 1952 Sem·

305 1994 535 2074 pronio
581 2013 874 2077 pugnam
918 1995 1004 2061 ad
1048 1995 1359 2060 Trebiam
1404 1993 1915 2076 committente):
1983 2001 2399 2079 postremo
2446 2016 2607 2060 om-

299 2120 435 2166 nes
479 2102 762 2185 copias
807 2103 904 2167 ad
951 2102 1462 2168 destinatum
1508 2104 1665 2168 iam
1701 2108 1891 2168 ante
1928 2102 2282 2168 consilio
2321 2101 2605 2168 avidus

300 2210 772 2274 certaminis
839 2210 1138 2274 eduxit.
1250 2210 1480 2292 Neque
1547 2210 1644 2275 ad
1703 2210 2205 2276 destinatum
2265 2210 2606 2275 educere

300 2316 574 2398 copias
618 2315 728 2380 hic
772 2316 993 2400 placet
1048 2317 1258 2398 (locus
1305 2319 1476 2383 enim
1522 2319 1620 2383 sic
1666 2317 2023 2400 significari
2066 2318 2362 2398 videtur;
2430 2317 2607 2384 Sem-

297 2425 565 2504 pronius
612 2431 833 2489 autem
877 2447 1008 2490 non
1051 2425 1273 2492 locum
1319 2426 1677 2508 delegerat,
1725 2425 1860 2505 sed,
1907 2447 2037 2510 quo
2073 2426 2405 2492 Hannibal
2449 2448 2599 2509 pro·
2638 2441 2778 2510 (226)

296 2529 590 2611 liciebat,
650 2530 913 2613 ruebat)
969 2554 1182 2617 neque
1241 2532 1573 2598 ablativus
1622 2534 1975 2599 consilio
2019 2536 2089 2599 in
2134 2534 2438 2601 absoluto
2486 2534 2608 2599 hoc

305 2639 632 2724 participii
687 2662 812 2706 usu
868 2640 1167 2722 additus;
1236 2643 1635 2727 omninoque
1704 2640 1799 2708 ad
1858 2640 2364 2709 destinatum
2421 2664 2606 2709 con-

306 2746 490 2813 silio
537 2746 757 2814 facere
793 2748 1045 2833 aliquid
1081 2771 1201 2833 pro
1250 2771 1349 2828 eo,
1397 2749 1577 2834 quod
1623 2755 1726 2814 est
1772 2749 2186 2817 destinato
2236 2750 2606 2830 consilio,

305 2875 568 2937 prorsus
623 2857 937 2922 inusitate
995 2856 1255 2922 dicitur.
1366 2857 1551 2922 Idem
1606 2858 1747 2922 sine
1804 2857 2005 2922 dubio
2062 2857 2169 2924 hic
2225 2879 2410 2925 error
2465 2879 2607 2923 ver-

305 2968 483 3027 satus
529 2969 660 3043 est,
716 2966 831 3046 qui
875 2964 1000 3044 IV,
1059 2968 1171 3044 25,
1230 2970 1267 3029 7
1326 2964 1686 3030 consilia
1743 2964 1838 3029 ad
1894 2963 2198 3030 bellum
2251 2987 2370 3050 pro
2418 2985 2605 3030 con-

305 3069 492 3134 silia
557 3070 652 3136 de
716 3071 939 3136 bello
998 3070 1249 3150 effecit,
1317 3079 1438 3138 aut
1493 3092 1769 3155 prorsus
1827 3073 2076 3137 similis.
2188 3072 2357 3137 Nam
2402 3094 2605 3155 quum

305 3174 514 3243 Livius
606 3180 1011 3264 scripsisset:
1102 3201 1144 3244 a
1222 3178 1648 3244 destinato
1735 3180 1892 3244 iam
1979 3186 2167 3244 ante
2247 3179 2601 3245 consilio

306 3285 582 3351 avidus
653 3286 1160 3365 certaminis,
1232 3307 1352 3351 suo
1420 3285 1534 3350 illo
1589 3288 2075 3371 praepositionis
2132 3286 2227 3351 ab
2286 3308 2408 3351 usu
2453 3285 2604 3368 (hoc

306 3399 431 3456 est:
495 3393 728 3459 avidus
787 3396 1162 3459 certaminis
1218 3400 1495 3477 propter
1541 3395 1891 3458 consilium
1935 3396 2067 3459 iam
2114 3402 2268 3459 ante
2315 3394 2604 3459 destina-

306 3497 480 3580 tum),
526 3503 865 3583 geminato
904 3501 942 3562 «l
987 3500 1236 3566 factum
1282 3508 1381 3566 est
1427 3501 1542 3581 ad,
1590 3501 1847 3581 deinde,
1896 3523 2055 3568 casu
2093 3501 2603 3582 accommodato,

306 3604 827 3674 destinatum.
898 3608 1344 3674 Consilium
1392 3603 1894 3674 destinatum
1937 3604 2161 3675 Livius
2209 3611 2376 3675 dixit
2399 3610 2602 3688 XLII,

309 3717 403 3792 48,
449 3720 501 3795 l,
544 3717 645 3782 ab
692 3716 973 3782 eodem
1018 3716 1376 3782 consilio
1423 3715 1688 3795 XXXII,
1741 3721 1838 3795 14,
1882 3717 2014 3800 8))

359 3902 404 3968 ¹)
437 3901 804 3973 [Woelfflinus
840 3908 1058 3961 nullum
1094 3907 1270 3961 dativi
1306 3907 1625 3976 exemplum
1661 3905 1906 3976 profert,
1953 3908 2077 3976 sed,
2124 3910 2172 3962 si
2208 3909 2426 3977 equiti
2463 3911 2597 3965 scri-

427 3990 609 4060 batur,
647 3992 901 4060 „totum“
930 3993 1248 4060 equitatum
1284 3990 1604 4059 significari.
1643 3991 1958 4046 Prudenter
1988 3998 2262 4063 cauteque
2290 3996 2605 4065 scripsisset

428 4076 809 4131 coniecturam
867 4077 1241 4131 subaudacem
1296 4093 1443 4143 esse,
1497 4076 1822 4131 istiusmodi
1879 4077 2133 4148 perfugia
2178 4081 2604 4135 excusationum

431 4162 487 4211 et
535 4160 849 4215 calumnias
903 4162 1029 4215 aliis
1073 4162 1388 4229 relinquere
1433 4161 1692 4216 debebat.
1781 4161 2007 4231 Eques
2053 4165 2324 4234 singulari
2367 4183 2600 4222 numero

431 4259 598 4310 genus
653 4245 998 4315 significare,
1053 4249 1143 4302 vel
1193 4247 1318 4313 ille,
1371 4263 1538 4315 quem
1592 4248 1667 4301 ob
1712 4247 1881 4301 aliam
1915 4263 2141 4305 causam
2177 4251 2603 4321 adscripseram,

429 4328 581 4383 locus
618 4347 740 4399 cap.
778 4333 848 4385 48
881 4332 1182 4387 admonere
1215 4329 1482 4401 poterat]

354 4409 402 4475 ²)
434 4413 596 4482 Apud
632 4414 964 4471 Ciceronem
1001 4418 1073 4472 ad
1108 4420 1226 4472 Att.
1255 4416 1388 4484 XII,
1429 4420 1508 4484 18,
1552 4421 1576 4469 1
1615 4434 1723 4487 pro
1762 4434 1845 4485 eo,
1884 4419 2036 4488 quod
2073 4419 2287 4474 editur:
2325 4418 2598 4486 refugio

433 4513 463 4550 a
492 4503 558 4554 te
603 4500 1062 4570 admonendo,
1116 4502 1400 4558 sententia
1433 4503 1754 4557 necessario
1791 4505 2056 4573 requirit:
2111 4504 2391 4573 refugio
2428 4503 2483 4571 (a
2519 4519 2603 4556 re·
