3230 5282
1446 642 1563 704 121
2407 653 2534 710 Lib.
2571 654 2664 711 IV.

355 822 591 892 codicis
667 826 1023 909 Puteanei,
1113 849 1318 911 quum
1394 822 1815 892 scribendum
1893 831 2092 891 esset:
2174 825 2272 891 ad
2350 832 2666 910 partem

352 953 625 1017 pugnae
673 936 1293 1020 capessendam,
1354 935 1651 1019 scripsit:
1710 933 1808 1000 ad
1862 939 2176 1018 partem
2220 956 2498 1019 pugnae
2545 955 2665 1001 ca-

351 1043 852 1128 pessendae.¹)
961 1043 1169 1110 Paulo
1236 1049 1393 1128 post
1455 1045 1525 1107 in
1586 1041 1714 1109 hoc
1780 1043 1997 1127 capite
2066 1039 2128 1125 (ἓ
2198 1040 2299 1123 8),
2377 1042 2495 1108 ubi
2562 1044 2659 1109 sic
2693 1057 2838 1127 (101)

353 1149 693 1215 scribitur:
785 1158 875 1217 ut
960 1152 1289 1235 quidem
1367 1150 1678 1233 aliquis
1756 1157 1849 1216 tr.
1928 1150 2028 1234 pl.
2108 1156 2298 1216 ruat
2374 1171 2664 1218 caecus

352 1256 427 1320 in
501 1262 968 1326 certamina
1040 1296 1157 1341 —,
1247 1281 1340 1325 ex
1429 1260 1727 1342 quibus
1807 1280 1956 1343 pro
2038 1264 2262 1323 certo
2342 1257 2663 1340 habeat,

353 1372 662 1448 patres,
719 1367 1119 1434 adversus
1176 1388 1375 1451 quos
1419 1367 1833 1447 tenderet,
1895 1365 2116 1431 bello
2162 1367 2666 1451 inexpiabili

352 1495 426 1538 se
509 1482 1137 1561 persecuturos,
1230 1474 1445 1560 apud
1520 1475 1865 1559 plebem,
1946 1495 2091 1559 pro
2184 1494 2338 1556 qua
2429 1475 2665 1541 dimi-

352 1584 693 1664 caverit,
761 1584 1025 1650 nihilo
1084 1605 1168 1650 se
1221 1583 1833 1650 honoratiorem
1887 1581 2093 1661 fore,
2159 1603 2420 1666 neque
2479 1606 2665 1669 spe-

350 1691 685 1756 randum
749 1710 1007 1774 neque
1072 1690 1654 1776 postulandum
1701 1712 1905 1770 esse,
1972 1690 2138 1755 nihil
2185 1711 2328 1756 esse
2372 1692 2502 1758 loci
2545 1694 2666 1758 im-

354 1797 644 1881 perfecto
702 1799 1089 1865 tenderet
1130 1800 1306 1865 inter
1346 1800 1728 1884 praesentia,
1796 1805 2106 1884 apparet;
2174 1804 2242 1863 et
2286 1800 2524 1881 sensit,
2591 1807 2668 1866 ut

352 1905 507 1988 alia,
554 1908 1163 1989 Weissenbornius,
1223 1909 1360 1989 sed,
1405 1914 1482 1973 ut
1527 1929 1721 1992 saepe,
1766 1909 2027 1973 inanem
2075 1905 2476 1974 defensionis
2519 1929 2665 1991 spe-

351 2016 510 2081 ciem
567 2018 901 2099 quaesivit,
971 2016 1341 2101 adscripto:
1417 2037 1639 2097 „wenn
1684 2037 1755 2081 er
1809 2015 2086 2081 streiten
2138 2014 2391 2096 wiirde3
2459 2016 2668 2082 daher

352 2123 530 2190 nicht
586 2124 932 2191 tendat.“
1039 2123 1198 2202 Quae
1255 2130 1362 2190 est
1404 2124 1674 2191 tandem
1700 2125 1860 2202 ‚haec
1903 2124 2304 2206 perversitas
2350 2130 2418 2189 et
2461 2126 2665 2207 perti-

351 2233 578 2298 nacia?
656 2233 830 2299 Nam
909 2234 979 2297 in
1055 2232 1484 2298 deliberando
1553 2232 1635 2297 de
1699 2232 1927 2297 futuro
1997 2231 2232 2296 Latine
2300 2252 2433 2297 non
2500 2234 2661 2297 dici:

354 2348 659 2407 certum
703 2341 983 2422 habeo,
1027 2346 1329 2426 patreS,
1376 2341 1778 2406 adversus
1822 2360 2024 2423 quos
2070 2338 2503 2420 tenderem,
2548 2362 2665 2406 me

352 2456 958 2531 persecuturos,
1028 2449 1145 2515 sed
1213 2454 1332 2514 aut
1395 2448 1722 2515 tendam
1789 2453 1906 2512 aut
1962 2446 2396 2513 tetendero
2459 2448 2666 2531 (quod

353 2558 629 2627 multum
674 2558 881 2624 distat
924 2558 1010 2624 ab
1056 2579 1137 2623 ea
1178 2556 1420 2637 forma,
1488 2576 1622 2641 qua
1685 2577 1999 2639 negamus
2066 2576 2186 2620 nos
2243 2576 2418 2621 nunc
2443 2542 2449 2546 ⁵
2474 2557 2663 2641 quid·

352 2667 525 2749 piam
568 2666 821 2733 facere:
892 2673 1208 2734 certum
1267 2666 1552 2746 habeo,
1622 2666 1689 2732 si
1744 2665 2195 2742 tenderem,
2264 2685 2420 2729 non
2478 2687 2664 2749 pas·-

346 2777 628 2855 suros),
695 2782 765 2840 et
833 2757 934 2841 ex·
981 2796 1058 2842 eo
1126 2774 1270 2841 fieri
1325 2776 1395 2840 in
1452 2774 1726 2859 obliqua
1781 2773 2079 2839 oratione
2138 2773 2659 2856 tetenderim,

348 2884 596 2949 sciebat
640 2882 942 2968 profecto
989 2885 1164 2968 ipse,
1234 2884 1292 2948 si
1344 2883 1553 2948 libere
1598 2903 1824 2947 verum
1871 2886 2292 2963 sequeretur3
2358 2903 2531 2946 nunc
2577 2884 2664 2948 ad

345 2990 409 3055 id
473 2993 710 3072 etiam,
778 2991 957 3076 quod
1024 3009 1154 3058 uno
1220 2997 1371 3075 post
1433 3012 1626 3056 versu
1691 2990 1845 3055 huic
1913 3010 1992 3054 ex
2061 2989 2236 3054 omni
2302 2995 2494 3073 parte
2561 3011 2662 3056 re-

348 3100 659 3182 spondet:
707 3099 1044 3185 plebem,
1091 3121 1235 3183 pro
1282 3120 1436 3183 qua
1480 3098 2014 3176 dimicaverit,
2062 3095 2365 3161 conivere
2409 3096 2661 3163 maluit.

345 3203 570 3272 Potius
614 3208 846 3290 igitur,
914 3230 1118 3292 quum
1173 3208 1302 3274 hoc
1355 3207 1500 3273 loco
1556 3228 1679 3291 pro
1723 3204 2188 3272 tetenderit
2230 3202 2663 3270 substitutum

344 3316 722 3380 tenderet
775 3315 1125 3382 manifesto
1182 3321 1552 3393 teneamuS‚
1612 3314 1955 3380 admoneri
1998 3333 2116 3377 nos
2161 3311 2521 3395 patiamur,
2585 3321 2662 3379 ut

393 3484 440 3550 ¹)
476 3484 647 3554 Apud
675 3483 998 3540 Ciceronem
1034 3502 1140 3555 pro
1184 3485 1352 3539 domo
1388 3486 1473 3553 32,
1508 3486 1578 3538 87
1608 3483 1824 3538 editur:
1876 3484 1958 3536 ad
2000 3481 2490 3551 sempiternam
2528 3500 2661 3537 me·

471 3571 764 3624 moriam
838 3572 1203 3641 temporis;
1275 3570 1470 3639 inepte
1544 3569 1795 3624 abundat
1860 3567 2230 3636 temporis;
2293 3565 2394 3621 sed
2457 3566 2658 3622 Cicero

475 3656 807 3725 scripserat:
863 3656 946 3711 ad
999 3656 1405 3726 sempiterni
1450 3654 1854 3709 memoriam
1889 3654 2242 3722 temporis.
2333 3653 2502 3722 Apud
2537 3654 2660 3708 Pla-

471 3745 666 3796 tonem
712 3740 798 3809 (ut
843 3743 1015 3796 etiam
1060 3741 1318 3796 Groecum
1364 3741 1682 3809 exemplum
1717 3739 1947 3808 ponam)
1986 3740 2058 3794 de
2092 3739 2343 3808 Legibus
2378 3738 2430 3806 1,
2475 3740 2577 3794 633
2612 3741 2658 3794 Β

471 3827 760 3882 scribitur:
809 3835 875 3881 ἴτι
921 3836 1076 3882 τοίνυν
1113 3835 1196 3882 καὶ
1230 3829 1284 3881 τὸ
1318 3838 1540 3901 τέταρτον
1579 3835 1721 3892 ἔγωγ.
1758 3829 1989 3901 πιιριξμην
2026 3829 2086 3879 ἄν
2123 3836 2295 3891 λέγειν,
2339 3827 2393 3878 τὸ
2428 3833 2538 3897 πυρὶ
2571 3829 2659 3887 τὰς

471 3917 773 3985 καρτερήσεις
806 3922 895 3966 τῶν
930 3916 1197 3980 ἀλγηδόνων
1233 3916 1356 3967 πολὺ
1384 3913 1501 3986 παρ’
1533 3917 1639 3980 ἡμῖν
1677 3915 1945 3978 γιγνόμενον
1984 3919 2032 3964 ἲν
2072 3934 2123 3965 τι
2150 3923 2255 3972 ταῖς
2284 3912 2400 3983 πρὸς
2425 3915 2658 3978 ἀλλήλους

473 4011 572 4058 ταῖς
595 4006 737 4071 χερσὶ
766 4001 947 4065 μάχαις
976 4006 1059 4053 καὶ
1091 4007 1141 4053 ὃν
1173 4002 1415 4071 ἁρπαγαῖς
1437 4006 1531 4053 τισὶ
1564 4001 1643 4052 διὰ
1679 4008 1858 4052 πολλῶν
1891 4006 2072 4063 πληγῶν
2102 3999 2327 4050 ἑκάστοτε
2361 4008 2656 4064 γιγνομένων.

470 4081 620 4136 Nihil
656 4085 908 4152 apertius
944 4101 1111 4153 quam
1147 4085 1422 4154 scriptum
1458 4084 1594 4137 olim
1631 4082 1828 4139 fuisse:
1867 4091 1917 4138 ιν
1955 4088 2195 4155 ἁρπαγαῖς
2230 4088 2324 4135 τισὶ
2358 4083 2438 4137 διὰ
2476 4094 2657 4138 πολλῶν

472 4177 653 4233 πληγῶν
706 4172 935 4224 ἑκάστου
988 4179 1295 4237 γιγνομέναις.
1393 4169 1524 4224 Non
1575 4170 1764 4223 minus
1819 4173 2098 4238 apertum,
2162 4167 2410 4222 eiusdem
2465 4170 2655 4238 operis

469 4253 612 4309 libro
649 4253 703 4307 11
739 4271 793 4322 p.
831 4256 936 4308 657
970 4255 1016 4308 Β
1054 4255 1412 4310 scribendum
1456 4271 1600 4309 esse:
1656 4259 1714 4317 ὡς
1758 4258 1785 4321 ἦ
1828 4264 1909 4321 τῆς
1953 4259 2114 4320 ἡδονῆς
2158 4261 2240 4307 καὶ
2286 4258 2436 4321 λύπης
2472 4257 2654 4320 ζήτησις

470 4351 551 4395 τοῦ
580 4350 719 4415 καινῇ
750 4349 897 4408 ζητεῖν
929 4345 1006 4395 αἰὶ
1034 4351 1238 4414 μουσικῇ
1264 4350 1482 4413 χρῆσθαι
1521 4341 1689 4408 σχεδὸν
1723 4344 1779 4394 οὐ
1808 4343 2019 4407 μεγάλην
2052 4342 2157 4394 τινὰ
2191 4343 2396 4406 δύναμιν
2420 4347 2513 4406 flu
2536 4342 2654 4412 πρὸς

471 4429 521 4480 τὸ
551 4435 834 4501 omps-tque
864 4430 947 4493 τὴν
980 4439 1373 4500 καθιερωθεῖσαν
1388 4435 1583 4499 χορείαν
1606 4433 1902 4480 ὶπικαλοῦσα
1925 4429 2212 4499 ἀρχαιότητα
2236 4424 2652 4492 (antiquitatem

471 4512 828 4580 obiiciendo).
919 4511 1032 4566 Sed
1082 4517 1274 4566 tamen
1327 4515 1562 4580 propter
1608 4521 1805 4584 χορείαν
1861 4517 1917 4565 et
1971 4516 2260 4583 ἀρχαιότητα
2305 4509 2519 4563 factum
2564 4513 2654 4562 est

471 4604 805 4653 Ικικαλοῦσσν.
