3230 5282
1403 588 1522 650 159
2360 602 2484 658 Lib.
2522 603 2615 658 VI.

316 769 397 833 ad
481 770 631 836 hoc
727 778 1097 837 servatos
1186 793 1276 836 ex
1376 772 1757 838 hostibus
1835 774 2052 837 cives
2131 773 2614 855 (commemo-

313 878 590 960 rasse),
661 880 881 945 inter
948 901 1149 963 quos
1210 878 1278 943 C.
1340 878 1771 945 Servilium
1835 901 2025 963 mag.
2085 902 2256 965 equ.
2317 883 2612 948 absen-

313 993 452 1050 tem
533 987 911 1051 tent-atim.
1023 988 1215 1052 Hunc
1272 988 1592 1069 dignitate
1653 994 2108 1072 praestantem,
2179 991 2413 1054 ceteris
2469 992 2611 1055 uni-

311 1114 479 1158 verse
531 1097 1077 1175 commemoratis,
1125 1096 1519 1160 nominatim
1563 1117 1697 1160 suae
1743 1097 2003 1161 virtutis
2050 1102 2288 1163 testem
2321 1098 2612 1163 Manlius

311 1205 851 1268 commemoravit.
947 1203 1158 1284 1861.)

462 1309 623 1394 Cap.
677 1316 789 1391 24,
852 1317 948 1376 10.
1051 1312 1368 1376 Romanis
1426 1312 1800 1395 legionibus
1870 1313 2001 1376 iam
2046 1312 2436 1378 Volscorum
2492 1315 2609 1377 im-

307 1423 446 1501 petu
516 1419 803 1484 turbatis
871 1425 938 1483 et
1004 1439 1210 1503 prope
1276 1420 1344 1483 in
1411 1418 1632 1502 fugam
1699 1421 1937 1499 versis,
2005 1420 2159 1484 dum
2225 1420 2310 1483 M.
2370 1419 2609 1484 Furius

307 1546 580 1608 pugnam
639 1534 705 1592 et
762 1526 1059 1611 peditum
1117 1527 1325 1592 aciem
1368 1529 1695 1607 restituit,
1765 1528 1934 1592 alter
1977 1528 2282 1592 tribunus
2327 1527 2611 1592 militum

306 1635 553 1716 equites
626 1655 706 1698 ex
775 1633 991 1698 altera
1044 1640 1237 1717 parte
1294 1636 1573 1700 arcessit
1631 1635 1716 1700 ad
1773 1657 1963 1719 opem
2017 1635 2380 1699 ferendam:
2453 1634 2608 1718 Op-

304 1740 567 1806 timum
611 1742 871 1806 visum
919 1748 1044 1807 est
1088 1742 1168 1806 in
1211 1740 1755 1807 fluctuantem
1800 1744 2053 1807 aciem
2097 1742 2319 1807 tradi
2355 1763 2607 1825 equos

306 1854 376 1912 et
427 1849 796 1932 pedestri
854 1870 1118 1933 pugna
1172 1849 1554 1914 invadere
1609 1849 1944 1915 hostem.
2046 1848 2195 1914 Non
2253 1850 2607 1933 disputabo

301 1956 544 2037 multis;
594 1965 940 2022 senserunt
986 1958 1159 2021 enim
1204 1957 1336 2021 iam
1381 1957 1514 2036 alii,
1584 1979 1824 2041 equOS,
1894 1979 2061 2040 quos
2108 1958 2363 2040 equites
2408 1957 2605 2021 relin-

302 2073 525 2145 quant,
586 2066 931 2149 perinepte
991 2065 1119 2129 dici
1167 2065 1419 2144 tradi,
1478 2066 1607 2129 nisi
1654 2065 1970 2144 addatur,
2029 2065 2265 2148 quibus
2312 2065 2603 2129 custodi-

302 2171 436 2234 endi
492 2171 878 2251 tradantur,
946 2173 1235 2256 ineptius
1294 2174 1493 2237 etiam
1550 2173 1772 2237 tradi
1830 2173 1907 2236 in
1966 2173 2215 2237 aciem
2262 2179 2329 2237 et
2384 2172 2603 2235 tradi

299 2276 368 2340 in
430 2279 972 2345 fluctuantem
1040 2280 1322 2360 aciem,
1403 2302 1602 2362 quam
1669 2279 2086 2344 vehementer
2152 2279 2604 2363 perturbaturi

301 2394 507 2467 erant3
579 2394 647 2452 et
700 2386 997 2453 nonnihil
1052 2387 1373 2452 hactenus
1419 2388 1503 2451 ab
1553 2410 1663 2468 eo,
1733 2387 1849 2452 ubi
1893 2387 2279 2471 pugnabant
2323 2387 2599 2469 pediteS,

297 2490 431 2558 loco
488 2497 748 2578 equites
807 2496 1052 2561 afuisse
1101 2495 1323 2560 Livius
1383 2496 1547 2559 satis
1594 2502 1820 2579 aperte
1868 2494 2260 2577 significavit
2318 2500 2384 2559 et
2428 2517 2601 2559 nunc

301 2598 544 2667 demum
623 2603 691 2667 in
771 2624 915 2669 eam
994 2609 1251 2687 partem
1332 2608 1399 2668 et
1477 2604 1544 2668 in
1624 2603 1907 2687 primum
1985 2604 2201 2668 locum
2269 2602 2597 2686 progredi.

300 2706 521 2793 Itaque
569 2733 793 2795 equos,
840 2733 875 2776 e
924 2712 1161 2794 quibus
1209 2711 1719 2791 descendebant,
1778 2712 2150 2776 necessario
2197 2716 2348 2794 post
2392 2712 2599 2775 aciem

295 2816 702 2900 reliquerunt.
813 2818 1122 2900 Omnino,
1194 2820 1249 2884 si
1294 2818 1457 2884 nihil
1502 2820 1684 2883 aliud
1728 2826 2040 2883 narratur
2087 2817 2590 2900 significaturve,

297 2924 412 2988 nisi
479 2948 680 3008 equos
745 2927 1046 3007 relictos,
1128 2934 1274 2993 tota
1341 2926 1726 2991 fluctuantis
1794 2928 1958 2992 aciei
2025 2928 2272 2991 mentio
2341 2948 2598 3009 perver-

297 3032 543 3097 sissima
599 3041 716 3099 est.
832 3035 964 3099 Sed
1031 3056 1110 3100 ea
1173 3057 1306 3099 non
1365 3035 1644 3101 obscure
1702 3034 1786 3099 ad
1844 3034 2041 3099 aliam
2101 3055 2237 3098 rem
2295 3035 2597 3115 pertinet,

297 3141 467 3204 cuius
525 3144 654 3206 iam
711 3143 780 3206 in
836 3142 1054 3207 verbis
1117 3144 1504 3226 optimum
1560 3143 1813 3206 visum
1858 3148 1986 3206 est
2032 3139 2427 3221 significatio
2475 3144 2594 3204 est.

293 3243 498 3312 Causa
552 3251 726 3314 enim
782 3251 1144 3329 indicatur,
1212 3271 1327 3314 cur
1397 3251 1655 3332 equites
1714 3249 2005 3332 pedestri
2065 3268 2287 3330 pugna
2332 3248 2592 3311 hostem

294 3352 654 3437 invaserint,
705 3379 824 3423 suo
873 3359 1111 3422 omisso
1157 3359 1492 3442 pugnandi
1539 3379 1795 3440 genere.
1880 3356 1969 3421 Ut
2015 3357 2187 3420 enim
2235 3355 2319 3420 ad
2354 3354 2597 3432 hostes,

293 3462 674 3541 quibuscum
731 3465 950 3529 adhuc
1011 3466 1135 3530 soli
1181 3466 1439 3548 pedites
1485 3466 1765 3530 Romani
1812 3464 2227 3548 pugnabant,
2297 3464 2593 3548 perveni-

291 3578 453 3648 rent,
522 3573 692 3637 inter
757 3572 1052 3657 peditum
1121 3574 1384 3638 ordines
1455 3579 1521 3637 et
1591 3575 1766 3637 circa
1834 3593 1947 3638 eos
2004 3573 2301 3652 angustis
2361 3572 2595 3655 spatiis

290 3680 754 3757 penetrandum
802 3687 976 3760 erat3
1023 3681 1091 3744 id
1139 3682 1193 3744 si
1240 3682 1428 3765 equis
1475 3681 1834 3745 insidentes
1872 3679 2183 3757 facerent,
2229 3680 2595 3763 periculum

290 3791 442 3864 erat,
490 3807 576 3854 ne,
612 3790 787 3853 acies
834 3809 1048 3872 nuper
1093 3788 1367 3852 turbata
1409 3788 1688 3852 necdum
1733 3787 2009 3852 firmiter
2053 3787 2363 3851 restituta
2410 3785 2594 3867 (fluc-

289 3893 503 3974 tuans)
581 3917 899 3978 equorum
974 3897 1155 3979 ipsos
1224 3895 1489 3959 ordines
1557 3896 1933 3977 urgentium
2002 3893 2295 3959 motibus
2361 3915 2591 3958 rursus

289 4001 797 4081 perturbaretur.
915 4001 1288 4085 Scripserat
1345 4002 1601 4067 Livius:
1672 4002 2076 4086 Optimum
2136 4002 2393 4065 visum
2451 4008 2590 4080 est,

290 4122 402 4168 ιοι
454 4109 532 4171 in
578 4111 1120 4175 fluctuantem
1165 4111 1420 4175 aciem
1468 4109 1634 4172 trudi
1679 4131 1928 4193 equos
1976 4116 2054 4175 et
2088 4107 2241 4190 (hoc
2277 4114 2395 4188 est,
2442 4115 2594 4192 post

289 4216 720 4296 negationem:
795 4218 958 4299 sed)
1019 4217 1398 4302 pedestri
1465 4238 1734 4300 pugna
1800 4217 2189 4281 invadere
2258 4217 2587 4281 hostem.

289 4317 545 4386 Excidit
586 4346 737 4390 non
785 4326 869 4391 ob
918 4328 1030 4405 in3
1077 4326 1349 4390 alterius
1394 4325 1613 4388 mendi
1662 4324 1906 4406 (tradi
1942 4347 2062 4409 pro
2101 4324 2351 4405 trudi)
2389 4345 2594 4388 causa

290 4449 410 4492 non
456 4435 782 4513 quaeritur.
893 4433 1189 4517 Apparet
1234 4440 1488 4512 autem,
1558 4453 1676 4497 cur
1743 4433 1959 4498 oratio
2020 4433 2115 4497 sic
2170 4433 2426 4497 variata
2484 4431 2589 4510 sit,
