3230 5282
1431 572 1550 647 109
1600 587 1609 596 ·
2387 595 2515 652 Lib.
2551 594 2644 650 Ν.

334 771 836 855 eripuerint?
894 766 1297 836 Consules
1344 776 1680 854 paratos
1728 790 1903 835 esse
1951 768 2197 834 duces
2242 768 2472 853 prius
2518 768 2647 832 ad-

333 899 607 944 versus
656 877 931 945 scelus
977 878 1271 943 civium
1317 898 1551 962 quam
1585 877 1980 943 adversus
2013 876 2372 943 hostium
2407 895 2642 941 arma.

333 985 654 1071 Apparet,
709 985 1207 1069 languidissime
1249 985 1434 1051 illam
1478 984 1957 1051 condicionem:
2026 985 2093 1049 si
2136 984 2517 1069 patribus
2560 1018 2648 1029 —-

333 1092 580 1159 etiam
648 1094 1115 1179 eripuerint
1180 1092 1517 1159 adhaerere
1582 1092 1956 1159 vehementi
2009 1091 2512 1175 interrogationi
2569 1112 2649 1156 ex

331 1199 790 1284 superioribus
854 1207 1046 1284 aptae.
1160 1201 1402 1266 Verum
1469 1220 1600 1267 non
1668 1199 1878 1267 solum
1933 1200 2251 1284 languida
2293 1199 2434 1265 haec
2477 1205 2649 1279 sunt,

332 1307 447 1373 sed
504 1329 785 1392 prorsus
841 1328 1166 1392 perversa.
1281 1308 1593 1375 Hostium
1663 1309 1836 1375 enim
1906 1329 2087 1392 spem
2144 1307 2469 1373 incitabat
2525 1303 2646 1379 Ca,-

331 1414 534 1480 nuleii
579 1436 709 1480 vox
751 1421 1014 1481 tantum
1056 1436 1188 1481 non
1235 1416 1467 1482 ducem
1513 1437 1583 1483 se
1628 1417 1710 1482 iis
1756 1415 2147 1501 profitentiS,
2205 1435 2326 1480 nec
2373 1435 2452 1480 ea
2498 1435 2647 1499 spes

335 1521 398 1586 in
443 1544 524 1589 eo
570 1523 981 1603 vertebatur,
1038 1522 1120 1589 de
1166 1544 1296 1606 quo
1341 1523 1566 1590 hostes
1611 1522 1776 1589 nihil
1821 1524 2114 1590 audituri
2161 1529 2369 1602 erant,
2428 1528 2648 1587 utrum

333 1628 585 1696 tribuni
633 1632 893 1697 animos
937 1629 1241 1715 patribus
1287 1633 1685 1716 eripuissent
1727 1653 1949 1698 necne.
2050 1632 2198 1698 Non
2243 1632 2455 1695 minus
2501 1651 2647 1714 per-

335 1758 519 1803 verse
586 1737 745 1804 huic
808 1740 1313 1823 interrogationi
1380 1745 1447 1805 et
1505 1740 1875 1806 condicioni
1933 1739 2280 1804 subiicitur
2334 1744 2648 1820 tanquam

335 1864 742 1929 consequens
788 1846 1134 1912 consulum
1176 1849 1576 1931 promissum
1622 1847 1990 1913 condicioni
2036 1846 2135 1910 illi
2178 1867 2447 1929 prorsus
2494 1867 2649 1912 con-

337 1954 646 2018 trarium:
717 1950 1116 2020 Consules
1181 1960 1518 2039 paratos
1585 1975 1767 2020 esse
1826 1960 1951 2019 cet.
2061 1952 2365 2038 Debebat
2410 1953 2649 2019 saltem

336 2060 495 2126 dici:
565 2059 722 2127 Sed
787 2061 1168 2127 consules
1236 2067 1361 2127 cet.
1480 2059 1727 2127 Omnia
1792 2061 1933 2126 haec
1999 2061 2162 2127 vitia
2228 2082 2360 2125 una
2425 2060 2650 2127 littera

337 2175 595 2234 mutata
676 2176 743 2234 et
819 2170 1036 2235 oratio
1103 2168 1337 2235 melius
1407 2169 1723 2235 distincta
1792 2169 2084 2234 sanabit:
2165 2191 2423 2235 nonne
2502 2167 2648 2234 Ca·

334 2276 620 2342 nuleio
692 2276 894 2342 duce
965 2298 1046 2343 se
1116 2282 1604 2361 speraturos
1666 2275 2168 2360 Capitolium
2225 2282 2468 2361 atque
2526 2300 2647 2343 ar-

334 2405 495 2450 cem
558 2384 953 2450 scandere
1009 2386 1295 2470 posse?
1384 2384 1462 2447 M
1521 2384 1904 2469 patribus
1960 2383 2278 2449 tribuni
2331 2419 2418 2429 ——
2476 2387 2647 2450 ani-

335 2514 500 2557 mos
546 2493 793 2559 etiam
838 2492 1331 2577 eripuerint,
1381 2493 1760 2558 consules
1806 2498 2137 2577 paratos
2185 2514 2358 2558 esse
2406 2493 2648 2559 duces

336 2606 464 2664 cet.
567 2599 775 2666 Recte
821 2620 862 2665 a
904 2599 1418 2686 reprehensione
1477 2599 1884 2667 detestabilis
1932 2599 2274 2667 consulum
2321 2601 2651 2667 sententia

336 2708 514 2773 vocis
586 2709 797 2775 oratio
863 2709 1267 2775 convertitur
1323 2709 1407 2774 ad
1467 2709 2020 2774 exhortationem:
2094 2710 2149 2773 si
2203 2709 2398 2775 modo
2446 2710 2645 2775 animi
2685 2727 2790 2794 (90)

337 2822 604 2898 patrum
639 2813 832 2882 fracti
865 2836 997 2882 non
1031 2818 1184 2898 sint,
1227 2838 1356 2882 non
1402 2815 1747 2883 defuturos
1794 2817 1875 2881 iis
1912 2814 2111 2881 duces
2148 2815 2230 2880 ad
2263 2837 2403 2882 rem
2438 2817 2654 2901 publi-

337 2944 490 2988 cam
525 2923 1077 3007 vindicandam.¹)
1144 2924 1353 2990 Paulo
1389 2931 1563 3003 ante,
1607 2922 1640 3007 ἓ
1670 2928 1766 3004 10,
1808 2923 1921 2989 ubi
1957 2925 2023 2987 in
2049 2923 2275 2989 codice
2300 2923 2654 3009 archetypo

339 3031 499 3095 fuit:
571 3030 817 3096 finem
873 3054 1026 3098 non
1081 3032 1274 3097 fieri
1332 3053 1571 3116 posse
1630 3033 1708 3097 in
1769 3032 2041 3096 eadem
2101 3032 2655 3100 civitatetri-

336 3138 606 3204 bunos
652 3138 924 3222 plebis
971 3145 1050 3204 et
1092 3146 1371 3224 patres
1417 3161 1613 3220 esse,
1673 3140 2025 3205 admodum
2069 3161 2316 3217 vereor,
2372 3160 2452 3203 ne
2500 3160 2656 3204 casu

334 3245 567 3329 aliquo
648 3267 728 3310 ex
807 3248 1148 3331 superiore
1212 3246 1357 3313 loco
1426 3246 1487 3330 (ἓ
1555 3246 1622 3329 4)
1689 3246 1797 3311 hic
1871 3247 2160 3330 repetita
2229 3247 2360 3310 sint
2427 3246 2653 3311 verba:

333 3353 586 3418 finem
629 3376 782 3419 non
827 3354 1034 3434 fieri,
1090 3354 1355 3421 sublato
1402 3377 1555 3421 non
1603 3362 1757 3420 ante
1803 3376 2064 3438 posse,
2111 3353 2656 3438 scribendumque

333 3463 455 3526 sit:
495 3460 914 3526 —iterum
958 3481 1434 3528 concessum
1481 3484 1678 3528 esse.
1745 3462 1929 3527 Non
1974 3483 2214 3546 posse
2261 3462 2336 3526 in
2383 3463 2658 3527 eadem

335 3569 691 3634 civitate
739 3577 864 3635 cet.
1521 3560 1530 3568 ⁶

521 3675 679 3761 Cap.
728 3681 798 3757 4,
855 3680 923 3741 9:
994 3675 1153 3743 Cur
1210 3679 1414 3743 enim
1470 3699 1631 3743 non
1689 3674 2113 3755 confertiS,
2180 3699 2269 3741 ne
2318 3679 2431 3742 sit
2476 3699 2658 3743 con-

336 3782 672 3848 nubium
738 3783 1138 3851 divitibus
1198 3806 1288 3851 ac
1342 3783 1886 3869 pauperibus?
1958 3782 2116 3860 Quae
2175 3785 2260 3848 sit
2316 3784 2661 3865 sententia,

334 3900 408 3956 et
470 3912 591 3974 per
648 3913 719 3957 se
767 3899 1073 3975 apparet,
1130 3898 1199 3958 et
1242 3892 1558 3973 ostendit,
1618 3892 1795 3975 quod
1843 3892 2141 3975 sequitur
2186 3890 2246 3974 (ἓ
2299 3890 2432 3973 11);
2503 3890 2661 3957 Cur

396 4110 444 4175 ¹)
482 4107 566 4164 Ni
610 4125 716 4179 pro
767 4111 822 4163 si
866 4109 1274 4165 restituendum
1313 4110 1513 4166 Tacito
1551 4112 1697 4165 Ann.
1737 4109 1841 4178 IV,
1886 4112 1953 4165 28
1992 4115 2153 4164 extu:
2211 4111 2417 4179 idque
2466 4112 2545 4180 (se
2583 4111 2661 4164 in-

483 4200 789 4249 nocentem
844 4192 985 4262 esse)
1039 4194 1254 4251 facile
1317 4196 1680 4251 intellectu
1736 4194 1817 4263 (Q.
1870 4195 2068 4249 Vibius
2124 4196 2529 4263 asseverabat),
2595 4198 2657 4247 n!

479 4279 950 4348 proderentur
1003 4279 1149 4348 alii3
1203 4298 1341 4336 non
1394 4282 1566 4336 enim
1623 4298 1691 4335 se
1745 4279 1996 4335 caedem
2040 4282 2394 4349 principis
2442 4288 2503 4335 et
2552 4300 2661 4334 res

481 4380 705 4418 novas
752 4381 882 4419 uno
928 4366 1127 4421 socio
1163 4367 1530 4435 cogitasse.
1614 4364 1851 4434 (Itaque,
1888 4367 2000 4419 nisi
2034 4368 2222 4434 plures
2260 4367 2661 4431 indicarentur,

481 4466 606 4504 rem
641 4447 833 4505 fictam
871 4466 1009 4518 esse,
1046 4467 1322 4521 apparere
1359 4450 1621 4517 dicebat.)
