3230 5282
644 596 768 652 Lib.
805 594 972 651 XLV.
1735 583 1858 644 728

441 833 456 852 μ
809 767 964 852 Cap.
1014 772 1113 848 26,
1163 772 1203 838 3.
1246 768 1493 835 editur:
1564 766 1702 833 ubi
1771 768 2027 851 prima
2091 767 2467 836 Phanota
2524 770 2603 834 ei
2646 768 2954 846 dedita,

466 884 822 953 (606)tota
887 877 1423 948 multitudine
1491 898 1662 943 cum
1741 875 2031 942 infulis
2101 878 2419 944 obviam
2490 877 2771 943 effusa.
2873 877 2949 942 In

637 985 860 1051 codice
907 991 1037 1052 est:
1086 986 1366 1052 dedita
1409 986 1898 1052 totomnium
1941 985 2576 1052 multitudinem.
2668 985 2955 1051 Videtur

633 1093 871 1160 latere:
953 1094 1352 1174 deditast,
1423 1096 1632 1161 omni
1710 1093 2242 1162 multitudine
2310 1102 2432 1160 cet.
2547 1093 2648 1159 Ex
2714 1093 2953 1172 omni,

634 1210 950 1287 sequente
993 1224 1074 1280 ι,
1119 1211 1349 1268 natum
1395 1202 1764 1270 omnium.
1836 1199 1964 1268 Sed
2009 1202 2134 1269 hoc
2177 1202 2317 1269 leve
2365 1209 2501 1283 est;
2549 1201 2715 1268 illud
2748 1200 2951 1286 paulo

632 1312 910 1394 graviuS,
977 1307 1156 1394 quod
1222 1314 1511 1374 extremo
1582 1312 1801 1395 capite
1848 1309 1910 1394 (§
1964 1314 2068 1391 15)
2131 1333 2398 1395 prorsus
2470 1331 2802 1396 perverse,
2871 1318 2945 1375 ut

631 1418 792 1483 mihi
870 1419 1135 1503 quidem
1210 1417 1498 1494 videtur,
1580 1417 1928 1484 scribitur:
2007 1419 2209 1486 Inde
2274 1421 2352 1485 in
2420 1427 2589 1485 tres
2659 1425 2951 1504 partes

632 1525 730 1608 (L.
777 1527 1073 1605 Anicius)
1119 1526 1548 1609 Illyricum
1595 1525 1909 1608 divisit3
1977 1549 2217 1594 unam
2263 1550 2428 1594 eam
2473 1527 2717 1606 fecit,
2778 1547 2946 1610 quae

633 1656 883 1719 supra
928 1635 1151 1701 dicta
1195 1643 1351 1713 est,
1399 1635 1741 1700 alteram
1790 1636 2199 1722 Labeatas
2249 1658 2547 1716 omnes;
2596 1637 2949 1701 tertiam

628 1731 1178 1826 Agrauonitas
1225 1750 1306 1809 et
1351 1743 1831 1810 Rhizonitas
1890 1752 1966 1811 et
2024 1744 2490 1812 Olciniatas
2558 1743 2949 1810 accolas-

630 1872 776 1934 que
823 1873 1110 1916 eorum.
1199 1851 1399 1917 Nulla
1466 1852 1637 1916 enim
1686 1873 1841 1936 pars
1888 1874 2134 1937 supra
2200 1854 2423 1919 dicta
2481 1862 2632 1932 est,
2690 1851 2809 1918 sed
2853 1851 2947 1917 de

628 1960 932 2026 omnibus
980 1959 1216 2044 Illyriis
1284 1959 1532 2025 dictum
1600 1963 1994 2046 proprieque
2064 1962 2365 2045 quaedam
2433 1962 2513 2028 de
2582 1960 2952 2038 nonnulliS,

628 2069 830 2134 etiam
897 2068 976 2133 de
1042 2068 1154 2148 iis,
1223 2069 1336 2154 qui
1390 2070 1458 2133 in
1514 2070 1718 2134 tertia
1775 2076 2144 2155 ponuntur,
2208 2069 2486 2136 adiecta.
2576 2070 2653 2135 In
2711 2068 2948 2134 codice

627 2175 963 2241 scribitur:
1034 2197 1279 2261 supra
1347 2176 1648 2242 dictam
1717 2185 1854 2243 est.
1947 2179 2169 2244 Livius
2237 2180 2585 2264 scripsisse
2642 2178 2947 2242 videtur:

627 2305 792 2369 quae
841 2305 1086 2369 supra
1130 2286 1359 2347 Issa·
1408 2289 1549 2350 est.
1620 2284 1783 2351 Pars
1834 2288 2369 2371 septentrionalis
2415 2287 2659 2371 Illyrici
2707 2284 2793 2350 ab
2837 2284 2949 2349 in·

624 2391 765 2456 sula
817 2392 1001 2457 litori
1047 2392 1308 2458 obiecta
1364 2391 1806 2476 significatum
1875 2416 2119 2479 supra
2180 2404 2401 2461 autem
2446 2415 2579 2461 non
2628 2400 2768 2458 tam
2813 2414 2945 2477 pro

622 2500 842 2564 ultra
886 2497 1121 2583 (magis
1167 2498 1253 2565 ad
1297 2502 1848 2585 septentrionem)
1896 2503 2029 2570 dici
2074 2503 2336 2569 videtur
2383 2525 2580 2588 quam
2641 2501 2724 2567 de
2781 2522 2945 2566 con-

622 2609 886 2687 tinenti,
944 2609 1011 2674 in
1078 2628 1275 2692 quam
1340 2629 1379 2674 a
1435 2610 1630 2677 litore
1677 2611 1913 2677 insulae
1968 2612 2269 2697 proximo
2338 2611 2722 2679 ascenditur
2780 2608 2939 2692 (auf

624 2716 740 2782 der
781 2716 967 2782 Hohe
1013 2739 1138 2783 von
1182 2717 1374 2799 Issa),
1443 2718 1772 2803 quomodo
1820 2726 1886 2785 et
1933 2721 2142 2787 Groeci
2196 2727 2333 2801 ὑπὲρ
2391 2720 2618 2787 dicunt
2680 2726 2748 2785 et
2790 2717 2926 2784 Pli-

619 2826 767 2891 nius
811 2825 891 2890 H.
927 2825 1005 2891 N.
1053 2825 1353 2906 XXXIII,
1402 2830 1457 2906 7,
1511 2832 1633 2892 114
1677 2826 1947 2909 (citatus
1981 2830 2114 2895 iam
2151 2850 2192 2895 a
2235 2828 2499 2895 Dukero
2547 2827 2636 2893 ad
2684 2827 2922 2905 XLIII,

621 2938 721 3015 21,
770 2935 867 3017 6):
919 2956 1164 3019 supra
1208 2934 1615 3020 Ephesum
1652 2942 1718 3001 et
1752 2936 1891 3020 ipse
1926 2937 2062 3003 fere
2097 2938 2317 3003 Livius
2358 2936 2625 3019 (XXIII,
2675 2941 2775 3013 32,
2823 2937 2931 3017 2):

619 3066 873 3130 supra
918 3042 1421 3111 Suessulam.

789 3151 945 3237 Cap.
997 3155 1097 3231 27,
1148 3157 1182 3216 5
1231 3151 1375 3233 (ubi
1407 3151 1513 3216 ·de
1561 3151 1631 3215 L.
1681 3150 1869 3217 Pauli
1920 3173 2038 3236 per
2082 3152 2409 3218 Graeciam
2474 3153 2714 3218 itinere
2771 3173 2929 3218 nar-

613 3262 787 3328 ratio
833 3259 1088 3344 incipit)
1136 3260 1558 3345 Kreyssigius
1606 3266 1673 3324 et
1719 3259 2297 3350 Weissenbornius
2345 3261 2667 3339 codicem,
2711 3263 2926 3326 minu-

610 3369 766 3435 tulis
814 3368 1145 3434 erroribus
1192 3369 1509 3453 exceptis,
1557 3369 1769 3433 secuti
1815 3369 1906 3434 sic
1972 3370 2408 3453 scripserunt:
2478 3370 2924 3435 Auctumni

613 3475 786 3542 fere
832 3482 1144 3559 tempus
1190 3483 1384 3554 erat,
1434 3474 1663 3541 cuius
1710 3478 2106 3562 temporis
2145 3478 2389 3542 initio
2436 3478 2532 3542 ad
2577 3478 2922 3543 circum-

615 3584 964 3650 eundam
1056 3584 1453 3650 Graeciam
1544 3585 2099 3670 visendaque,
2191 3608 2361 3670 quae
2449 3585 2925 3651 nobilitata

611 3691 825 3758 fama
857 3694 1169 3758 maiora
1215 3691 1559 3757 auribus
1599 3700 1947 3778 accepta
1980 3701 2170 3760 sunt
2208 3715 2446 3777 quam
2481 3693 2755 3759 oculis
2790 3715 2924 3759 no·

611 3807 982 3879 scuntur,
1041 3807 1131 3865 ut
1176 3801 1519 3880 statuit,
1567 3802 2020 3885 praeposito
2069 3804 2374 3868 castris
2421 3801 2486 3867 C.
2539 3800 2922 3886 Sulpicio

613 3908 878 3989 Gallo,
924 3908 1353 3992 profectus
1400 3930 1568 3973 cum
1615 3909 1831 3974 haud
1875 3930 2163 3994 magno
2208 3912 2600 3976 comitatu
2643 3945 2729 3956 —
2772 3930 2921 3994 per

609 4016 1120 4083 Thessaliam
1202 4014 1573 4099 Delphos
1656 4017 1892 4100 petit.
1997 4017 2279 4083 Multum
2361 4039 2430 4084 se
2499 4018 2915 4102 Kreyssigius

608 4131 906 4209 torquet3
952 4124 1039 4190 ad
1084 4129 1450 4189 extremum
1494 4131 1719 4190 tamen
1765 4132 1945 4191 recte
1992 4127 2299 4209 coniungi
2345 4132 2568 4210 putat:
2617 4126 2713 4191 ad
2758 4128 2913 4191 cir·

743 4396 910 4445 rent.
983 4391 1125 4446 Nam
1181 4409 1340 4462 pars
1395 4393 1785 4461 legatorum
1822 4393 2053 4450 Romae
2094 4395 2442 4451 ’substitit
2475 4396 2771 4450 Livianum
2807 4400 2907 4459 est,

742 4493 897 4545 pars
933 4503 1002 4514 —
1039 4478 1381 4545 substitit,
1419 4495 1580 4547 quse,
1630 4497 1777 4549 quae
1826 4487 2227 4549 agerentur,
2277 4482 2522 4550 sciret,
2568 4499 2684 4537 non
2730 4480 2905 4536 Livia-

741 4579 889 4616 num.
968 4563 1133 4631 1864]
