3230 5282
1459 592 1578 653 525
2258 604 2378 657 Lib.
2419 604 2666 657 XXXVI.

366 780 625 860 paratio
710 777 1125 859 praemiorum
1194 775 1383 839 Acilii
1466 776 1878 857 militumque
1950 775 2390 840 Romanorum
2457 786 2521 840 et
2589 800 2664 840 ex

365 885 575 950 altera
643 892 830 967 parte
890 883 1176 966 Philippi
1244 882 1423 947 nullo
1497 882 1692 947 modo
1766 884 1861 946 ita
1922 903 2069 946 cum
2128 882 2497 947 AEtolorum
2559 884 2667 947 de-

363 995 721 1058 minutione
770 992 1071 1074 componi
1119 997 1365 1073 potest,
1437 996 1507 1052 ut
1565 994 1695 1055 non
1757 996 2015 1054 tantum
2063 991 2666 1063 interesse-Roma-

363 1122 595 1165 norum
644 1100 933 1177 dicatur,
993 1097 1365 1162 AEtolorum
1410 1097 1581 1161 vires
1631 1098 1850 1173 minui,
1909 1104 2224 1178 quantum
2271 1120 2400 1164 non
2447 1101 2666 1180 inique

365 1208 672 1273 distribui
750 1209 922 1271 inter
998 1206 1333 1269 Romanos
1412 1204 1919 1287 Philippumque
2002 1206 2289 1270 victoriae
2371 1208 2666 1289 praemia,

366 1316 502 1380 haec
570 1317 740 1379 enim
800 1314 1179 1379 distributio
1239 1312 1400 1377 nihil
1460 1334 1605 1375 cum
1665 1313 1780 1376 illa
1837 1312 2278 1378 deminutione
2337 1315 2666 1378 coniuncti

273 1451 281 1462 ·
363 1423 579 1487 habet.
692 1423 1034 1488 Postremo
1093 1442 1171 1484 ne
1230 1420 1315 1487 ad
1373 1422 1867 1503 grammaticam
1917 1421 2181 1502 quidem
2229 1422 2441 1485 oratio
2488 1431 2666 1486 recte

369 1531 692 1611 procedit,
749 1530 1129 1613 pravissime
1177 1551 1255 1591 ex
1300 1526 1435 1591 his:
1504 1549 1655 1592 non
1704 1549 1951 1611 supra
1994 1527 2304 1593 modum
2351 1528 2667 1612 Philip-

366 1661 541 1721 pum
592 1659 957 1703 crescere
1007 1638 1353 1718 negatione
1401 1643 1768 1719 propagata
1814 1636 1897 1699 ad
1945 1636 2227 1699 alterum
2275 1636 2669 1715 membrum;

363 1748 454 1810 sic
515 1747 685 1810 enim
750 1745 1041 1826 intellegi
1112 1751 1544 1827 oport-et:,et
1615 1750 1995 1826 quantum
2062 1745 2446 1820 interest,
2516 1766 2663 1808 non

362 1856 733 1918 vict-oriae
805 1853 1203 1936 praeniiuin
1276 1861 1350 1915 te.
1419 1856 1539 1914 cet.
1601 1850 1949 1932 (quantum
2008 1852 2314 1929 interest,
2384 1873 2509 1915 non
2568 1854 2664 1916 ita

361 1964 584 2045 inique
634 1961 833 2026 dividi
881 1958 1212 2043 praemia);
1274 1959 1557 2023 debebat
1605 1959 1838 2023 saltem
1888 1958 2044 2022 dici:
2113 1979 2253 2023 nec
2299 1961 2666 2024 victoriae

365 2079 512 2133 tuae
560 2077 681 2166 cet.
785 2068 874 2133 Ut
934 2087 1104 2131 nunc
1152 2067 1492 2142 scribitur,
1554 2066 1795 2130 dicitur
1843 2067 2278 2130 Romanorum
2329 2068 2666 2142 interesse,

362 2180 456 2241 sic
515 2177 716 2241 dividi
779 2176 1063 2259 praemia.
1178 2174 1405 2255 Itaque
1476 2181 1729 2238 certum
1789 2180 1890 2237 est
1951 2172 2117 2237 hanc
2176 2175 2256 2238 de
2316 2196 2422 2252 e0‚
2494 2175 2666 2257 quod

367 2286 806 2349 Romanorum
854 2283 1140 2359 intersit,
1214 2282 1601 2346 sententiam
1664 2281 1765 2345 his
1820 2281 2035 2345 verbis
2093 2283 2460 2346 terminari:
2533 2285 2667 2347 At-

363 2393 498 2474 qui
557 2414 615 2454 n.
677 2397 721 2453 t.
784 2393 822 2453 i.
885 2412 980 2469 n.,
1040 2388 1486 2453 AEtolorum
1547 2409 1738 2470 opes
1795 2425 1877 2433 —
1936 2391 2215 2467 minui,
2284 2398 2667 2471 qua-ntum

360 2521 512 2562 non
560 2520 800 2581 supra
844 2498 1152 2562 modum
1199 2497 1326 2560 Ph.
1375 2517 1761 2561 crescere.
1856 2498 2093 2561 Verum
2141 2497 2271 2575 illa,
2318 2519 2459 2580 quae
2506 2520 2668 2582 prae-

363 2614 544 2671 terea
591 2606 960 2682 adhaerent,
1032 2605 1210 2671 nullo
1268 2604 1462 2668 modo
1520 2605 1602 2668 ab
1660 2606 2122 2688 interpretanti
2173 2605 2401 2670 addita
2449 2609 2669 2689 putari

364 2721 671 2797 possunt,
742 2716 1049 2796 quoniam
1120 2734 1238 2777 nec
1308 2713 1627 2776 eiusmodi
1698 2712 1944 2777 habent
2002 2716 2318 2777 orationis
2376 2714 2669 2789 forman»,

366 2822 479 2886 sed
537 2844 655 2905 per
714 2844 781 2886 se
840 2830 1088 2886 rectam
1150 2829 1215 2884 et·
1272 2821 1637 2897 Liviauam,
1698 2842 1817 2883 nec
1876 2821 2238 2903 quidquam
2297 2831 2426 2897 est,
2496 2821 2668 2902 quod

365 2929 494 2994 illis
563 2929 778 2993 verbis
848 2949 1154 2992 enarrare
1224 2929 1525 3010 cuiquam
1596 2928 1657 2990 in
1728 2936 2011 2991 mentem
2071 2930 2288 2991 venire
2348 2931 2669 3009 potuerit,

368 3058 637 3120 prorsus
707 3058 877 3099 nova
943 3058 1047 3100 res
1118 3036 1178 3098 in
1242 3037 1323 3098 iis
1382 3042 1949 3098 commemoratur.
2066 3033 2177 3115 [Et
2237 3035 2466 3099 eadem
2526 3057 2668 3100 sen-

367 3147 576 3209 tentia
636 3147 701 3207 in
762 3143 991 3208 eadem
1038 3166 1107 3207 re
1155 3141 1330 3226 apud
1378 3141 1801 3206 Plutarchum
1852 3143 2117 3223 ponitur
2162 3141 2437 3206 Flamin.
2489 3163 2541 3205 c.
2596 3149 2669 3206 15

366 3274 442 3316 ex
505 3249 822 3334 Polybio]
915 3251 1087 3329 Quid
1157 3251 1357 3331 igitur
1424 3249 1877 3313 censebimus?
1957 3248 2289 3313 Accidisse
2349 3250 2471 3313 hoc
2526 3249 2670 3314 loco

370 3359 747 3441 putabimus
795 3361 859 3421 in
909 3358 1131 3423 codice
1178 3365 1554 3422 nostrorum
1604 3356 1931 3440 principe,
2003 3356 2177 3437 quod
2223 3364 2288 3420 et
2335 3358 2398 3420 in
2448 3359 2671 3439 primae

367 3473 431 3529 et
491 3468 553 3529 in
613 3467 824 3529 tertiae
883 3465 1148 3529 decadis
1195 3465 1532 3529 codicibus
1576 3471 1952 3527 nostrorum
2002 3463 2372 3547 archetypis
2420 3465 2671 3548 aliquo·

367 3575 491 3638 ties
539 3574 858 3638 accidisse
908 3574 1346 3637 demonstravi
1384 3572 1493 3653 (ad
1530 3571 1701 3649 vul,
1754 3575 1850 3648 10,
1903 3576 1976 3634 13
2016 3595 2076 3655 p.
2120 3576 2238 3634 163
2289 3579 2355 3636 et
2406 3577 2542 3649 164,
2589 3573 2667 3636 ad

367 3681 571 3757 XXII,
625 3685 720 3755 10,
771 3685 806 3744 3
855 3704 915 3764 p.
965 3685 1109 3758 236,
1158 3680 1242 3744 ad
1290 3679 1489 3758 XXX,
1540 3686 1596 3755 5,
1643 3684 1683 3742 4
1730 3703 1791 3762 p.
1831 3680 1981 3759 320)
2030 3687 2097 3743 et
2142 3682 2205 3743 in
2256 3679 2380 3743 hac
2427 3680 2671 3744 decade

367 3789 603 3852 iterum
667 3788 985 3852 accidisse
1034 3788 1500 3851 demonstrabo
1547 3789 1612 3850 in
1663 3786 1804 3864 XL,
1872 3790 1979 3862 13,
2046 3793 2070 3850 l
2125 3797 2189 3850 et
2237 3792 2302 3863 2,
2367 3794 2435 3850 ut
2483 3808 2672 3852 voces

369 3895 651 3976 aliquot,
720 3897 999 3978 primum
1073 3917 1295 3960 errore
1366 3898 1656 3973 omissae,
1728 3895 1992 3968 deinde,
2065 3917 2262 3976 quum
2335 3903 2551 3960 essent
2609 3897 2670 3958 in

368 4005 657 4085 margine
708 4003 1059 4079 adnotatae,
1108 4003 1324 4066 alieno
1374 4002 1515 4067 loco
1564 4003 1846 4067 orationi
1894 4004 2358 4067 insererentur.
2441 4002 2675 4067 Omnia

370 4111 540 4173 enim
588 4112 950 4174 rectissime
999 4110 1364 4187 habebunt,
1422 4110 1504 4185 si,
1565 4110 1669 4173 his
1715 4110 1928 4174 verbis
1976 4111 2112 4174 sine
2163 4111 2359 4174 ullius
2406 4110 2672 4192 syllaba·

370 4225 482 4280 aut
549 4217 785 4281 litterae
855 4220 1221 4282 mutatione
1281 4217 1489 4299 (quod
1546 4219 1759 4299 ipsum
1818 4218 2115 4281 veritatis
2174 4218 2481 4280 indicium
2544 4219 2672 4296 est)

367 4333 520 4388 ante
590 4325 729 4390 illa:
811 4325 1054 4408 Atqui
1122 4348 1269 4389 non
1338 4332 1647 4389 tantum
1715 4326 2071 4389 interest
2139 4324 2506 4402 translatiS,
2573 4326 2665 4387 sic
2702 4339 2845 4410 (424)

369 4435 581 4499 oratio
651 4434 953 4498 decurret
1021 4431 1081 4515 (ξ
1144 4439 1212 4511 8,
1272 4438 1338 4510 9,
1408 4433 1540 4513 10);
1611 4432 1919 4512 Ecquid
1988 4431 2247 4509 vides,
2319 4440 2394 4495 te
2452 4466 2539 4475 -
2597 4433 2672 4495 in
