3230 5282
1558 612 1681 674 357
2443 626 2567 681 Lib.
2605 624 2777 680 XXV.

466 806 761 864 mentum
820 797 1116 883 Capuam
1174 796 1683 878 devehendum):
1765 804 2389 883 castrorumque
2444 800 2777 865 formam

469 915 547 973 et
603 908 1048 973 militarem
1112 906 1474 972 ordinem
1520 907 1918 972 immixtis
1978 908 2454 991 agrestibus
2501 908 2604 974 iis
2649 930 2779 973 ex·
2853 894 2856 897 ¹

439 1018 722 1082 ,ternis
790 1004 1223 1081 sublatum.
1336 1014 1449 1081 Iis
1509 1016 1563 1080 si
1622 1014 1709 1079 ad
1766 1022 1989 1081 castra
2041 1015 2354 1096 refertur,
2423 1023 2499 1082 ut
2545 1038 2774 1082 conce-

462 1126 725 1204 damus,
782 1130 1074 1208 agrestes
1128 1129 1308 1189 recte
1353 1124 1656 1189 castris
1700 1124 2140 1189 immisceri
2188 1124 2350 1205 dici,
2420 1123 2656 1191 saltem
2702 1134 2769 1193 et
2805 1129 2948 1204 (292)

463 1232 872 1300 incommode
934 1232 1233 1298 abundat
1288 1240 1357 1297 et
1411 1254 1560 1297 cum
1604 1252 1844 1314 magna
1890 1232 2320 1316 ambiguitate
2366 1234 2540 1299 inter
2585 1234 2778 1300 abla-

462 1343 629 1408 tivos
677 1363 878 1426 pravo
924 1342 1068 1406 loco
1116 1340 1587 1423 interponitur3
1635 1340 1919 1405 debebat
1963 1347 2141 1405 certe
2178 1341 2339 1406 dici:
2386 1342 2772 1409 immixtis

461 1452 565 1516 iis
623 1448 1098 1533 agrestibus
1155 1449 1549 1528 externis;
1607 1449 1753 1530 quis
1811 1449 1983 1513 enim
2041 1429 2246 1513 dicat:
2314 1451 2774 1517 immiscen-

464 1566 600 1624 tur
655 1566 1025 1642 agrestes
1086 1558 1393 1623 castris
1449 1557 1816 1620 externi?
1895 1556 1964 1621 Si
2021 1564 2391 1639 agrestes
2449 1580 2585 1624 eos
2643 1582 2774 1625 ex-

461 1674 743 1733 ternos
786 1666 1163 1749 intellegaS,
1230 1673 1350 1731 aut
1403 1664 1545 1729 hos
1603 1669 1722 1728 aut
1766 1664 1959 1730 illos
2008 1664 2137 1730 dici
2186 1663 2488 1732 debuisse
2532 1670 2775 1733 sentias

470 1781 537 1839 et
596 1775 729 1840 alio
788 1775 1018 1840 ordine
1074 1774 1278 1838 verba
1334 1774 1507 1857 poni.
1622 1772 1752 1837 Sed
1812 1772 1991 1856 quod
2045 1771 2580 1840 Weissenbornio
2641 1797 2767 1840 ex-

466 1884 724 1948 ternis
781 1883 1068 1947 inaniter
1111 1881 1410 1947 additum
1454 1881 1745 1960 videtur,
1810 1879 2000 1945 valde
2058 1880 2144 1945 ad
2199 1903 2339 1946 rem
2396 1884 2775 1967 appositum

462 1992 531 2056 id
598 1991 995 2056 adiectivum
1062 2011 1207 2055 esse
1274 1988 1724 2072 intellegetur,
1796 1989 1853 2053 si
1919 1989 2013 2053 sic
2079 1990 2566 2073 scripserimus:
2634 1993 2775 2056 im-

462 2100 740 2164 mixtis
808 2098 1284 2182 agrestibus
1355 2104 1427 2161 et
1480 2099 1586 2163 iis
1645 2098 2037 2162 externis.
2151 2097 2425 2164 Solvunt
2481 2099 2774 2165 ordinem

461 2206 816 2272 militarem
886 2213 1254 2272 castrorum
1311 2207 1591 2270 immixti
1650 2205 2023 2287 (militibus)
2082 2213 2375 2287 agrestes
2432 2208 2610 2291 iique
2667 2231 2776 2273 ex-

461 2316 632 2381 terni
677 2322 745 2379 et
790 2315 1173 2398 alienigenae
1221 2313 1425 2396 (quod
1469 2316 1538 2378 in
1583 2314 1848 2378 Punicis
1893 2314 2128 2379 castris
2177 2313 2494 2399 Campani
2541 2316 2777 2398 erant),

463 2423 853 2508 quibuscum
898 2422 1154 2487 nullum
1201 2429 1302 2488 est
1346 2424 1665 2488 sermonis
1714 2424 2193 2502 commercium,
2250 2424 2469 2490 nullus
2515 2425 2777 2509 imperii

461 2531 1004 2597 admonitionisve
1047 2530 1441 2596 intellectus.
2279 2596 2292 2609 ,

636 2638 795 2724 Cap.
871 2644 977 2719 14,
1056 2645 1097 2704 4
1167 2639 1275 2722 (de
1356 2641 1850 2724 oppugnatione
1930 2648 2300 2706 castrorum
2378 2640 2777 2724 Hannonis):

460 2747 828 2812 Proxime
876 2755 1132 2831 portae
1176 2747 1525 2813 hostium
1576 2755 1753 2814 erat
1797 2748 2090 2814 cohors
2136 2749 2493 2832 Peligna,
2541 2750 2776 2814 cuius

462 2854 900 2938 praefectus
948 2856 1234 2921 Vibius
1280 2857 1597 2921 Accaus
1645 2863 2067 2940 arreptum
2113 2857 2508 2921 vexillum
2555 2863 2776 2921 trans

462 2962 759 3028 vallum
815 2964 1170 3030 hostium
1225 2965 1586 3029 traiecit.
1691 2964 2104 3029 Adiectivum
2148 2965 2502 3049 propius
2547 2963 2772 3028 Livius

464 3093 611 3135 cum
679 3072 902 3136 dativo
972 3072 1308 3137 coniunxit
1378 3070 1749 3155 (propius
1817 3072 2065 3152 vero),
2131 3073 2495 3156 proxime
2549 3073 2617 3135 in
2674 3072 2773 3151 iis,

463 3200 609 3262 quae
656 3186 941 3259 exstant,
988 3200 1329 3260 nusquam.
1397 3179 1643 3244 Porta
1678 3180 1937 3245 omnino
1974 3201 2173 3263 prave
2209 3186 2776 3259 commemoratur,

462 3289 773 3369 quoniam
830 3295 897 3353 et
955 3295 1108 3353 ante
1163 3286 1226 3370 (ἓ
1277 3287 1339 3369 1)
1389 3288 1608 3353 Livius
1666 3289 2000 3354 Romanos
2057 3309 2176 3372 per
2231 3287 2474 3352 vallum
2531 3285 2776 3352 fossas·

463 3417 588 3478 que
645 3397 1009 3480 irrumpere
1066 3398 1133 3460 in
1189 3397 1409 3461 animo
1466 3395 1808 3476 habuisse,
1877 3417 2007 3461 non
2051 3418 2170 3480 per
2218 3403 2506 3480 portam,
2578 3396 2774 3478 signi-

462 3502 685 3568 ficavit
730 3507 797 3569 e't
841 3505 909 3568 id
956 3525 1161 3582 nunc,
1231 3525 1430 3587 quum
1478 3504 1707 3570 Vibius
1770 3504 2012 3569 milites
2070 3505 2255 3584 signo
2302 3509 2486 3568 trans
2532 3504 2776 3568 vallum

462 3611 742 3677 traiecto
789 3613 1153 3691 incitasset,
1199 3612 1447 3677 factum
1494 3618 1724 3676 narrat
1770 3611 1830 3694 (ἓ
1859 3610 1943 3693 5).
2014 3611 2328 3677 Senserat
2371 3611 2511 3676 haec
2556 3612 2775 3676 mendi

461 3718 708 3784 indicia
743 3719 1343 3800 Weissenbornius;
1391 3721 1790 3786 Gronovium
1835 3726 2094 3785 tantum
2143 3741 2335 3784 casus
2381 3742 2510 3784 non
2557 3727 2776 3785 rectus

464 3827 850 3892 offenderat.
965 3828 1397 3893 Scribendum
1466 3828 1756 3893 videtur:
1835 3827 2204 3893 Proxima
2282 3829 2489 3891 forte
2570 3827 2776 3892 hosti

464 3943 642 4000 erat
699 3936 993 4001 cohors
1046 3936 1406 4017 Peligna.
1518 3935 1723 3999 Error
1794 3943 1979 4001 ortus
2038 3958 2120 4001 ex
2174 3943 2429 4019 portae
2484 3935 2774 4019 (porte)

462 4066 583 4128 pro
629 4044 704 4109 fo
722 4050 844 4109 rte
892 4046 1160 4128 scripte,
1206 4045 1313 4108 cui
1358 4043 1595 4108 deinde
1642 4043 2204 4108 accommodatum
2252 4050 2351 4108 est
2394 4043 2775 4124 hostium3

463 4151 845 4232 (hostium
914 4174 1135 4218 errore
1204 4174 1325 4236 pro
1381 4149 1603 4218 hosti
1661 4158 1780 4217 aut
1838 4151 2226 4217 hostibus
2285 4153 2604 4235 scriptum
2663 4153 2775 4217 de-

461 4262 819 4326 monstravi
864 4260 976 4341 IX,
1026 4265 1127 4341 37,
1176 4265 1213 4324 3
1260 4266 1329 4325 et
1374 4260 1452 4339 X,
1511 4265 1612 4339 40,
1678 4260 1816 4340 12);
1882 4260 2011 4324 nisi
2057 4260 2206 4343 quis
2252 4260 2603 4326 hostium
2650 4259 2776 4324 huc

463 4391 541 4435 ex
612 4368 1040 4450 sequentibus
1099 4367 1423 4450 (vallum
1480 4367 1863 4449 hostium)
1920 4375 2206 4433 tractum
2262 4368 2581 4451 suspicari
2638 4388 2774 4430 ma-
