3230 5282
563 636 687 690 Lib.
727 637 953 691 XXVII.
1659 624 1781 685 398

734 807 888 891 Cap.
939 812 1048 889 38,
1106 814 1176 874 9:
1260 809 1613 874 Senatus
1681 808 2030 873 liberam
2098 813 2606 890 potestatem
2680 828 2874 872 con-

562 916 886 982 sulibus
943 916 1144 983 fecit
1205 924 1284 983 et
1343 916 1820 1001 supplendi,
1910 915 2114 980 unde
2172 916 2519 994 vellent,
2592 922 2669 979 et
2726 915 2875 978 eli-

561 1025 800 1106 gendi
846 1024 937 1090 de
975 1026 1342 1090 omnibus
1382 1024 1911 1100 exercitibuS,
1962 1045 2159 1105 quos
2194 1022 2516 1100 vellent,
2566 1044 2869 1105 permu-

560 1132 949 1214 tandique
999 1140 1077 1199 et
1118 1155 1208 1198 ex
1253 1133 1717 1217 provinciis,
1770 1153 1966 1213 quos
2007 1153 2042 1196 e
2091 1153 2174 1196 re
2223 1131 2557 1215 publica
2607 1125 2875 1196 cense-

561 1248 744 1305 rent
781 1262 975 1321 esse,
1014 1241 1519 1306 traducendi.
1578 1241 1713 1305 Nec
1737 1239 1856 1303 ulli
1880 1239 2073 1304 facile
2100 1260 2241 1303 esse
2272 1243 2583 1322 poterant
2607 1237 2869 1316 militeS,

560 1369 721 1430 quos
748 1346 1183 1431 (singulatim)
1209 1370 1288 1413 ex
1322 1349 1677 1433 provinciis
1716 1347 1977 1411 traduci
2016 1368 2051 1411 e
2087 1368 2158 1411 re
2191 1346 2462 1431 publica
2496 1355 2690 1428 esset,
2725 1354 2792 1412 et
2815 1350 2871 1412 si

561 1455 864 1537 fuissent,
930 1457 1056 1522 hoc
1112 1458 1562 1522 contineretur
1618 1457 1955 1541 superiore
2011 1455 2124 1520 illo
2183 1456 2429 1538 capite,
2500 1477 2632 1538 quo
2680 1462 2864 1538 pote-

467 1591 472 1596 ·
559 1571 693 1629 stas
751 1565 1037 1629 dabatur
1103 1566 1458 1644 exercitus,
1515 1564 1690 1629 unde
1745 1564 2021 1642 vellent,
2078 1563 2428 1646 supplendi
2489 1571 2555 1627 et
2612 1563 2692 1627 de
2740 1585 2874 1626 om—

559 1674 752 1738 nibus
798 1674 1194 1738 exercitibus
1241 1672 1555 1755 eligendi3
1601 1694 1720 1737 nec
1766 1678 1944 1737 recte
1992 1671 2233 1735 dicitur
2278 1692 2368 1735 ex
2414 1671 2876 1754 provinciis

559 1780 1029 1860 traducere,
1096 1781 1278 1845 nulla
1324 1781 1584 1858 addita,
1654 1801 1787 1862 quo
1834 1779 2301 1857 traducantur,
2370 1777 2498 1843 loci
2545 1779 2867 1861 significa-

559 1890 754 1955 tione.
822 1888 972 1953 Una
1002 1889 1229 1954 littera
1263 1889 1565 1953 detracta
1595 1909 1817 1952 veram
1853 1888 2250 1970 scripturam
2284 1888 2617 1952 restituet:
2666 1895 2745 1952 et
2784 1909 2874 1951 ex

558 1997 1028 2081 provinciis,
1077 2015 1216 2074 quo
1262 2019 1296 2060 e
1340 2018 1422 2061 re
1469 1996 1804 2080 publica
1852 2002 2282 2060 censerent
2328 2017 2522 2074 esse,
2575 1996 2861 2060 tradu-

561 2104 813 2170 cendi.
913 2104 1315 2169 Permissum
1371 2112 1475 2169 est
1532 2103 1949 2181 consulibus,
2017 2110 2092 2168 ut
2149 2103 2496 2187 suppletos
2544 2104 2871 2168 exercitus

561 2215 1096 2296 exercituumque
1152 2219 1379 2296 partes
1438 2218 1894 2295 permutarent
1955 2217 2022 2275 et
2070 2217 2258 2275 extra
2302 2211 2466 2276 fines
2512 2233 2646 2276 suae
2693 2214 2875 2295 quis·

562 2343 688 2404 que
734 2320 1087 2404 provinoiae
1135 2319 1512 2385 educerent.

734 2426 892 2511 Cap.
962 2434 1073 2506 40,
1148 2432 1254 2491 10:
1339 2450 1482 2512 per
1550 2429 1997 2492 extremum
2074 2427 2324 2492 finem
2394 2429 2567 2510 agri
2637 2428 2874 2492 Lari-

558 2536 777 2600 natis
847 2535 1273 2601 ducentem
1342 2537 1420 2599 in
1488 2535 2000 2602 Sallentinos
2070 2536 2518 2600 exercitum
2566 2536 2873 2600 Hanni-

394 2643 831 2727 (325)balem
899 2645 1315 2728 expeditis
1385 2644 1863 2710 cohortibus
1930 2644 2274 2710 adortus
2334 2644 2403 2709 C.
2462 2644 2874 2709 Hostilius

563 2752 927 2817 Tubulus
972 2753 1528 2836 incomposito
1577 2753 1878 2836 agmini
1925 2752 2397 2817 terribilem
2441 2753 2874 2818 tumultum

559 2861 874 2925 intulit.
972 2860 1285 2925 Larinum
1346 2861 1678 2943 quomodo
1737 2861 2035 2943 attigerit
2077 2860 2410 2925 Hannibal
2469 2882 2548 2925 ex
2592 2861 2875 2925 Bruttiis

563 2974 632 3033 et
686 2969 966 3033 Lucanis
1034 2969 1102 3032 in
1161 2967 1562 3033 Sallentinos
1623 2970 1765 3033 iens
1823 2975 1891 3033 et
1945 2968 2275 3051 quomodo
2333 2990 2454 3052 per
2497 2969 2871 3032 Larinatem

564 3098 824 3160 agrum,
902 3078 1012 3159 qui
1080 3097 1120 3139 a
1186 3076 1472 3141 Tarento
1552 3076 1690 3142 fere
1757 3077 2034 3157 triginta
2100 3077 2410 3140 milliaria
2478 3076 2876 3141 Germanica

563 3250 706 3257 ——0j
813 3252 826 3255 -
867 3251 1019 3256 —.—.-—-

698 3346 1035 3402 ferociori
1088 3364 1280 3415 quam
1333 3364 1454 3415 pro
1508 3348 1641 3416 ing.
1682 3348 1889 3402 Graec.
1940 3353 2160 3415 gente.
2252 3345 2396 3401 Nam
2441 3364 2561 3416 pro
2608 3348 2875 3402 AEtolis

696 3432 892 3485 Livius
969 3433 1216 3486 scribere
1288 3433 1485 3485 maluit
1548 3450 1717 3502 quam
1779 3433 2164 3486 AEtolorum
2238 3436 2477 3502 propter
2549 3434 2868 3488 omnium.

696 3515 972 3570 Nimirum
1021 3517 1352 3585 simpliciter
1398 3517 1540 3572 illud
1585 3519 1767 3587 ipsum
1813 3518 2159 3572 ferociori
2210 3546 2280 3555 —
2314 3525 2521 3587 gente
2566 3520 2866 3572 restituen-

698 3601 829 3655 dum
878 3608 990 3669 est,
1038 3601 1188 3669 quod
1226 3602 1512 3656 Gronovio
1550 3603 1892 3657 in·mentem
1929 3608 2174 3657 venerat.
2256 3604 2343 3657 Ex
2380 3608 2589 3673 gente
2639 3612 2873 3674 propter

698 3687 1086 3741 Graecorum
1143 3687 1356 3741 factum
1412 3689 1643 3757 gentis
1699 3692 1758 3742 et
1804 3688 1855 3742 ei
1902 3691 2101 3757 postea
2147 3689 2636 3743 accommodatum
2683 3689 2866 3743 fero·

696 3773 929 3826 cioris.
1015 3771 1165 3841 [Cap.
1213 3775 1305 3838 32,
1352 3774 1384 3825 5
1419 3773 1723 3827 videndum
1771 3790 1842 3827 ne
1887 3791 2062 3841 equus
2110 3791 2302 3843 regem
2351 3774 2611 3828 effudisse
2647 3775 2873 3829 dicatur

697 3875 909 3927 super
953 3864 1169 3926 capnt
1215 3858 1569 3927 prolapsum,
1624 3875 1743 3912 non
1788 3876 1905 3927 per
1951 3863 2187 3927 caput3
2240 3858 2505 3914 facillime
2550 3865 2683 3929 post
2728 3878 2870 3914 sum

697 3943 909 3996 excidit
954 3960 1041 3996 su.
1132 3942 1236 3996 Ofr.
1277 3943 1469 4009 XXII,
1515 3946 1575 4011 3,
1630 3948 1708 3997 11.
1800 3943 1930 4013 Cap.
1968 3945 2062 4009 33,
2117 3946 2150 3995 7
2195 3944 2350 4012 quod
2395 3944 2752 3999 desideratur
2798 3945 2871 3998 ad

697 4029 1015 4082 orationem
1059 4027 1448 4095 vinciendum,
1496 4029 1776 4083 excidisse
1825 4029 2050 4083 videtur
2084 4034 2217 4097 post
2251 4029 2569 4097 tradunt,
2617 4032 2865 4085 scriben-

696 4113 940 4181 dumque
987 4130 1135 4168 esse:
1190 4113 1501 4180 tradunt3
1557 4117 1631 4181 et,
1689 4115 1759 4168 id
1804 4113 1986 4182 qnod
2033 4119 2136 4167 cet.
2212 4112 2339 4184 Cap.
2381 4118 2475 4181 34,
2518 4118 2739 4169 14-15
2788 4116 2868 4169 sic

697 4200 881 4251 oratio
926 4199 1384 4269 interpungenda
1431 4206 1537 4253 est:
1592 4200 1750 4254 Hoec
1785 4228 1854 4236 —
1890 4201 2337 4268 castigabant
2379 4207 2639 4269 patres,
2689 4206 2759 4255 et
2793 4201 2867 4254 M.

694 4283 968 4336 Furium
1006 4290 1466 4338 memorantes
1495 4285 2028 4352 —restituisse3
2067 4291 2144 4339 ut
2173 4286 2659 4341 —leniendam
2697 4304 2867 4352 esse,

695 4368 927 4422 adnisi
975 4386 1204 4423 omnes
1246 4397 1319 4407 —
1364 4370 1697 4425 fecerunt.
1786 4370 1870 4424 Et
1923 4371 2169 4439 pertinet
2216 4370 2287 4424 ad
2331 4371 2455 4424 illa:
2511 4371 2752 4425 adnisi
2795 4400 2866 4408 —-

693 4454 795 4509 fec
810 4460 1023 4508 erunt.
1101 4452 1272 4522 1863]
