3230 5282
1509 627 1589 689 95
2432 638 2555 693 Lib.
2593 638 2690 692 m.

395 808 580 887 Quae
639 812 710 904 si
766 814 845 878 in
904 834 1096 897 rege
1142 818 1214 875 et
1259 831 1401 875 ιιιο
1447 809 1757 890 eodem,
1814 810 1940 877 hoc
1984 816 2115 891 est,
2172 816 2239 876 et
2283 810 2488 876 simul
2543 832 2695 892 uno,

396 919 578 1002 quod
634 928 912 1005 perapte
958 923 1359 999 contrarium
1405 920 1675 1005 ponitur
1718 918 1880 984 illis:
1941 940 2165 1003 quem
2220 919 2571 985 laturum
2616 920 2696 984 in

394 1033 509 1090 tot
552 1029 934 1112 privatis.
1026 1028 1236 1106 Quam
1280 1027 1492 1110 facile,
1550 1028 1752 1094 semel
1798 1027 2042 1111 scripto
2089 1046 2143 1108 e,
2190 1048 2269 1093 ex
2313 1034 2506 1094 tuno
2548 1026 2727 1094 fieri'

395 1138 694 1221 potuerit
734 1143 917 1220 tum,
967 1143 1170 1223 patet.
1262 1136 1508 1220 (1875.)

568 1243 765 1330 *Cap
810 1251 916 1327 40,
961 1251 1031 1310 7:
1078 1245 1266 1311 Alia
1309 1245 1751 1323 sententia,
1799 1244 2170 1328 asperior
2212 1243 2292 1308 in
2326 1245 2692 1328 speciem,

396 1353 550 1418 vim
585 1354 978 1420 minorem
1015 1352 1445 1438 aliquanto
1480 1352 1789 1434 habuit,
1838 1373 2002 1436 quae
2036 1352 2438 1436 patricios
2474 1352 2695 1418 coire

400 1461 498 1526 ad
537 1462 1039 1546 prodendum
1074 1462 1567 1546 interregem
1599 1460 1956 1525 iubebat.
2041 1458 2455 1525 Censendo
2493 1460 2695 1524 enim

399 1589 935 1655 quoscunque
994 1571 1526 1655 magistratus
1574 1589 1785 1648 esse,
1855 1569 1989 1651 qui
2036 1573 2404 1633 senatum
2448 1566 2695 1633 habe-

395 1685 601 1757 rent,
658 1678 1113 1759 iudicabat,
1174 1699 1373 1763 quos
1419 1677 1790 1761 privatos
1834 1674 2155 1742 fecerat
2198 1681 2486 1740 auctor
2529 1676 2693 1740 nul-

393 1786 561 1851 lius
622 1783 813 1852 Soti
871 1786 1252 1852 faciendi.
1352 1786 1563 1851 Locus
1622 1784 1728 1849 hic
1775 1789 1842 1849 et
1886 1783 2231 1850 emendare
2278 1789 2344 1848 et
2388 1804 2695 1848 enarrare

403 1896 788 1960 conantium
836 1894 1071 1960 studiis
1116 1894 1486 1960 celebratus
1531 1898 1665 1974 est,
1725 1913 2002 1977 quorum
2046 1897 2266 1957 tamen
2309 1912 2499 1956 nemo
2546 1889 2694 1956 effe-

398 2003 523 2082 cit,
589 2008 665 2067 ut
730 2001 1169 2068 tolerabiliter
1234 2001 1731 2086 appellarentur
1785 1999 1881 2064 illi
1939 2000 2393 2082 quicunque
2449 2001 2694 2083 magi-

398 2116 749 2191 stratus;
806 2131 987 2176 nam:
1058 2109 1334 2175 iudico
1394 2116 1473 2176 te
1528 2130 2081 2194 quemcunque
2123 2108 2693 2190 >magistratum

394 2239 582 2284 esse
640 2240 762 2302 pro
819 2239 928 2299 ec,
995 2218 1173 2302 quod
1231 2224 1360 2283 est:
1430 2217 1698 2283 iudico
1752 2224 1832 2282 te
1886 2217 2455 2299 magistratum
2500 2237 2693 2297 esse,

391 2326 999 2411 qualiscunque
1045 2347 1145 2407 es,
1188 2346 1375 2409 nugae
1419 2346 1615 2391 merae
1663 2330 1843 2404 sunt3
1890 2324 1944 2388 si
1986 2327 2213 2407 posset
2255 2324 2391 2388 ulla
2433 2325 2688 2390 ratione
2725 2334 2834 2403 (⁷9)

391 2436 495 2500 ita
541 2434 672 2499 dici
705 2456 1064 2518 pronomen
1101 2432 1306 2518 (quod
1350 2454 1481 2498 non
1524 2431 1795 2516 potest),
1846 2430 2353 2515 significaretur:
2403 2453 2694 2498 censeo

393 2543 481 2606 in
543 2549 621 2607 te
679 2563 832 2607 uno
879 2562 1150 2607 omnes
1195 2542 1726 2625 magistratus
1770 2541 2062 2605 inesse.
2173 2538 2401 2624 Neque
2448 2541 2509 2606 ei
2554 2562 2694 2606 sen-

396 2652 657 2731 tentiae,
738 2672 934 2734 quam
1001 2650 1237 2716 Petrus
1304 2649 1599 2715 Nannius
1667 2669 1809 2715 esse
1896 2648 2133 2714 debere
2222 2648 2412 2728 vidit,
2502 2650 2695 2715 satis-

395 2759 620 2825 facere
661 2759 907 2824 nudum
958 2758 1383 2838 censend0‚
1451 2757 1754 2824 Dukerus
1798 2763 1976 2822 recte
2022 2756 2513 2838 animadvertit;
2581 2757 2695 2822 sed

394 2868 499 2947 id,
569 2866 744 2950 quod
804 2867 1245 2947 desideratur,
1311 2887 1440 2931 non
1497 2866 1716 2950 explet
1771 2866 1889 2930 ita
1944 2871 2060 2929 aut
2113 2864 2291 2944 hoc,
2359 2865 2532 2949 quod
2587 2864 2695 2929 hic

393 2975 801 3060 requirebat.
891 2975 1038 3040 Una
1078 2976 1304 3040 littera
1348 2976 1672 3053 restituta,
1721 2995 1918 3056 quam
1961 2973 2366 3057 pronominis
2412 2973 2498 3037 ad
2541 2973 2694 3037 vici-

397 3105 561 3148 num
626 3082 1106 3149 substantivum
1173 3104 1377 3167 prava
1443 3081 1958 3148 accommodatio
2028 3081 2349 3165 corrupit,
2418 3065 2695 3145 efficitur

399 3212 662 3256 verum:
745 3187 1159 3256 Censendo
1239 3192 1444 3256 enim
1523 3190 2079 3275 quodcunque,
2156 3189 2695 3271 magistratus

397 3319 621 3378 esse,
679 3300 815 3383 qui
876 3299 1700 3378 senatumhaberent,
1744 3296 2192 3362 iudicabat:
2260 3297 2446 3361 Denn
2492 3295 2696 3360 durch

394 3407 522 3471 das
569 3407 868 3487 Votiren‚
934 3406 1212 3472 welcher
1268 3405 1436 3472 auch
1490 3409 1720 3471 immer
1765 3405 1881 3470 der
1924 3404 2142 3470 Inhalt
2187 3405 2303 3470 des
2347 3405 2499 3470 Voti
2544 3426 2695 3484 war,

394 3513 716 3580 erkannte
775 3516 869 3580 sie
913 3536 998 3580 an
1046 3513 1397 3597 (dadurch,
1464 3514 1619 3579 dass
1665 3534 1846 3595 man,
1894 3534 2024 3578 was
2069 3513 2238 3578 auch
2283 3514 2538 3593 immer,
2582 3536 2694 3579 vo—

392 3624 576 3703 tirte,
622 3622 942 3689 erkannte
988 3645 1138 3689 man
1185 3621 1387 3705 an).¹)
1457 3620 1584 3687 Sed
1632 3621 1821 3706 plura
1865 3622 1944 3686 de
1988 3621 2113 3687 hoc
2158 3623 2372 3706 capite
2420 3621 2696 3687 dicenda

394 3736 574 3796 sunt.
677 3730 845 3795 Nam
890 3729 1088 3816 paulo
1133 3738 1285 3816 post
1331 3729 1392 3813 (ξ
1438 3729 1503 3813 9)
1553 3729 1625 3794 L.
1673 3727 2011 3795 Cornelius
2054 3729 2536 3812 Maluginensis,
2581 3731 2691 3811 qui

393 3837 654 3903 occulte
717 3837 1118 3905 decemviros
1163 3839 1503 3919 tuebatur,
1572 3838 1915 3902 dictitasse
1960 3843 2289 3916 narratur,
2333 3837 2557 3902 mirari
2603 3858 2692 3916 se,

392 3967 686 4031 quonam
751 3945 890 4011 fato
959 3945 1325 4027 incidisset,
1405 3951 1491 4011 ut
1571 3945 2095 4024 decemviros,
2175 3945 2308 4028 qui
2384 3944 2689 4010 decem-

390 4056 749 4120 viratum
816 4055 1256 4139 petissent,
1335 4059 1473 4119 aut
1546 4055 1749 4119 socii
1823 4059 1961 4118 aut
2027 4053 2107 4117 hi
2162 4053 2497 4119 maxime
2557 4074 2692 4137 op-

455 4242 502 4306 ¹)
540 4239 627 4294 Ne
670 4248 825 4294 certa
868 4245 928 4294 et
972 4240 1237 4294 facillima
1272 4242 1623 4296 correctione
1658 4244 1876 4307 utatur,
1929 4239 2413 4295 Weissenbornius
2448 4240 2686 4294 incredi—

532 4325 730 4381 biliter
781 4331 1006 4381 enarrat
1057 4343 1526 4395 quoscunque,
1580 4331 1646 4380 ut
1699 4327 1774 4380 sit
1825 4326 2277 4395 magistratus
2332 4343 2502 4394 esse,
2556 4327 2692 4394 qui·

535 4428 800 4481 cunque
861 4409 1198 4481 (quicunque
1259 4412 1624 4481 magistratus
1642 4412 1690 4481 ?)
1757 4411 1909 4465 sint.
2006 4412 2249 4466 Putatne
2300 4410 2502 4467 Latine
2556 4410 2689 4464 dici:

532 4495 948 4552 Ciceronem
987 4497 1448 4566 quemcunque
1483 4497 1970 4568 philosophum
2006 4497 2274 4553 iudico?
