3230 5282
1432 613 1554 674 717
2307 621 2429 676 Lib.
2467 602 2631 676 xnv.

342 800 542 860 erant
584 794 807 860 Persei
851 796 1269 862 solitudinem
1316 803 1383 862 et
1426 797 1901 878 calamitatem3
1947 796 2143 877 filius,
2190 816 2384 878 quem
2433 794 2641 860 solum

341 903 650 967 comitem
683 902 934 984 habuit,
980 905 1173 969 simul
1214 906 1279 969 in
1316 904 1592 970 eandem
1623 905 2066 970 calamitatem
2101 904 2414 988 delapsus
2449 903 2641 968 mise-

338 1010 722 1077 rabiliorem
758 1017 1012 1095 patrem
1035 1011 1359 1078 ‘faciebat
1410 1012 1655 1094 (1864.)
1728 1012 2037 1096 Sequitur
2071 1011 2301 1078 eadem
2345 1009 2408 1094 ἐι
2455 1010 2506 1075 Ρ
2525 1032 2641 1076 ro·

344 1118 573 1201 gredi
619 1118 921 1201 (Perseus
966 1119 1051 1184 ad
1095 1119 1429 1185 AEmilium
1475 1119 1831 1203 consulem)
1877 1140 2034 1205 prae
2081 1119 2265 1185 turb
2285 1140 2325 1184 a
2369 1140 2407 1185 o
2424 1139 2642 1184 ccur-

342 1229 700 1293 rentium
744 1227 838 1293 ad
885 1229 1449 1311 spectaculum
1504 1251 1659 1295 non
1713 1235 2076 1314 poterat,
2144 1228 2401 1292 donec
2468 1247 2643 1293 con-

342 1335 470 1400 sul
514 1336 857 1401 lictores
923 1336 1321 1416 misisset,
1367 1337 1503 1419 qui
1546 1343 1668 1401 cet.
1759 1333 2014 1402 Codex:
2082 1336 2333 1402 donec
2376 1355 2417 1399 a
2462 1355 2643 1400 con-

346 1441 521 1507 sule
566 1441 912 1510 lictores
958 1445 1406 1536 mis-issent,
1452 1466 1530 1509 ex
1576 1465 1706 1528 quo
1743 1444 2161 1530 Kreyssigius
2207 1449 2275 1508 et
2316 1442 2643 1507 Weissen-

349 1549 622 1616 bornius
678 1549 974 1617 fecerunt
1018 1553 1161 1617 mis
1179 1553 1243 1617 si
1292 1573 1327 1617 e
1344 1574 1374 1618 s
1389 1574 1522 1617 sen
1537 1559 1596 1634 t;
1665 1533 2056 1633 debuerant,
2113 1552 2313 1617 etiam
2369 1551 2639 1635 propius
2675 1565 2816 1632 (596)

352 1659 441 1723 ad
486 1660 731 1725 codicis
780 1661 1202 1743 scripturam:
1263 1662 1404 1725 mis
1420 1663 1486 1725 si
1535 1681 1564 1726 s
1582 1682 1682 1725 un
1699 1671 1744 1725 t..
1832 1660 1997 1725 Nam
2044 1660 2112 1724 in
2155 1659 2276 1724 tali
2321 1657 2645 1742 significa·

350 1768 529 1832 tione
574 1770 892 1852 temporis
939 1775 1006 1833 et
1050 1771 1144 1833 rei
1190 1790 1338 1833 vere
1383 1769 1652 1834 tandem
1699 1768 1889 1833 factae
1921 1769 2140 1833 Livius
2174 1767 2327 1849 (nisi
2369 1768 2437 1831 in
2484 1766 2647 1831 obli-

243 1887 246 1888 ’
348 1895 482 1959 qua
528 1877 850 1958 oratione)
899 1876 1153 1942 donec
1197 1898 1326 1941 non
1373 1876 1567 1942 aliter
1608 1878 1735 1941 nisi
1782 1898 1927 1941 cum
1972 1876 2311 1940 indicativi
2355 1873 2645 1960 perfecto

352 1985 558 2067 ponit.
651 1983 922 2051 Viderat
963 1985 1032 2050 id
1081 1986 1463 2064 Gronovius,
1510 1986 1643 2067 qui,
1692 1985 1933 2066 codicis
1975 1986 2316 2068 scripturae
2358 1985 2646 2066 ignaruS,

351 2093 580 2157 misit
635 2092 832 2158 scribi
889 2093 1165 2158 volebat.
1255 2091 1417 2173 (Cfr.
1467 2114 1611 2176 quae
1670 2092 1750 2158 de
1796 2092 1997 2173 XXX,
2060 2097 2155 2173 12,
2190 2098 2241 2157 8
2288 2090 2644 2172 adnotavi.)

522 2198 681 2285 Cap.
718 2205 775 2282 8,
820 2207 860 2264 4
910 2199 1051 2282 (ubi
1082 2201 1381 2266 AEmilius
1418 2201 1663 2265 Persea
1697 2200 2130 2284 adloquitur):
2177 2201 2401 2266 Nunc
2445 2220 2648 2279 vero,

352 2329 588 2392 quum
646 2315 724 2373 et
776 2307 992 2373 bello
1049 2310 1310 2392 patris
1376 2309 1497 2373 tui
1549 2343 1636 2353 —
1687 2308 2217 2374 interfuisses
2285 2314 2366 2372 et
2422 2308 2646 2391 pacis

352 2422 644 2499 postea
717 2452 802 2463 —
866 2417 1376 2483 meminisset
1433 2416 1897 2498 consilium,
1974 2438 2308 2499 quorum
2366 2423 2446 2481 et
2500 2417 2647 2479 vim

351 2522 572 2589 bello
619 2531 700 2590 et
743 2524 990 2589 fidem
1035 2526 1114 2589 in
1162 2545 1361 2609 pace
1407 2531 1791 2608 expertus
1837 2546 2075 2604 essee,
2121 2546 2292 2590 cum
2338 2527 2440 2590 iis
2486 2511 2663 2590 tibi‘

352 2631 652 2698 bellum
719 2654 893 2699 esse
952 2653 1184 2718 quam
1261 2655 1531 2719 pacem
1596 2632 1883 2699 malle?
1969 2634 2074 2700 Sic
2142 2634 2348 2700 codex
2413 2633 2646 2700 mendo

351 2740 909 2824 (meminisset)
956 2750 1024 2807 et
1069 2743 1417 2807 omissione
1463 2749 1832 2826 corruptus.
1922 2742 2345 2808 Scribendum
2392 2748 2521 2808 est:
2562 2778 2652 2790 —
2713 2776 2728 2791 ·

351 2852 891 2930 meminisseS,
940 2852 1146 2936 quod
1191 2850 1349 2914 fuit
1394 2850 1827 2915 consilium
1878 2885 1965 2895 —
2019 2850 2300 2915 malle?
2344 2872 2506 2929 non,
2575 2857 2649 2915 ut

351 2958 576 3042 vulgo:
645 2961 852 3042 quod
918 2960 1386 3039 consilium3
1452 2979 1663 3040 neque
1710 2959 1881 3022 enim
1925 2957 2194 3023 verbum
2237 2957 2467 3023 abesse
2513 2957 2647 3023 ullo

352 3068 551 3134 modo
601 3070 674 3132 in·
714 3069 834 3134 tali
878 3069 1395 3150 interrogatione
1439 3072 1677 3150 potest.

522 3175 674 3260 Cap.
711 3182 781 3257 ¹9,
829 3155 898 3240 4':
967 3174 1487 3242 Macedonum
1548 3174 1907 3240 obscura
1964 3173 2385 3239 admodum
2437 3172 2649 3239 fama

348 3305 606 3366 usque
673 3284 769 3350 ad
814 3285 1284 3368 Philippum
1328 3283 1675 3367 Amyntae
1730 3283 1999 3348 filium
2054 3283 2241 3363 fuit3
2308 3283 2498 3348 inde
2557 3303 2646 3347 ac

349 3413 487 3477 per
532 3414 707 3457 eum
756 3414 1122 3472 crescere
1189 3414 1438 3477 quum
1485 3392 1928 3476 coepisset,
1995 3392 2333 3475 Europae
2400 3413 2479 3457 se
2524 3399 2643 3457 ta·

351 3521 517 3565 men
565 3500 883 3566 finibus
929 3502 1376 3579 continuit,
1422 3500 1819 3566 Graeciam
1865 3520 2170 3565 omnem
2216 3505 2297 3564 et
2340 3505 2646 3583 partem

346 3608 707 3675 Thraciae
754 3617 998 3695 atque
1043 3609 1364 3693 Illyrici
1402 3608 1789 3691 amplexa.
1838 3607 2321 3691 Superfudit
2357 3608 2647 3673 deinde

351 3738 433 3782 se
477 3719 555 3783 in
600 3718 867 3783 Asiam
913 3725 989 3783 et
1053 3753 1138 3764 —
1205 3718 1496 3796 omnia,
1565 3737 1718 3801 qua
1774 3716 2199 3781 Persarum
2264 3752 2351 3762 —-
2415 3718 2645 3801 impe·

347 3826 553 3890 rium
594 3825 893 3905 fuerat,
963 3847 1119 3890 suae
1185 3826 1542 3891 dicionis
1597 3825 1815 3891 fecit.
1906 3825 2224 3891 Arabas
2289 3826 2476 3891 hinc
2531 3825 2649 3890 In·

350 3934 719 4019 diamque
761 3970 849 3979 —
892 3935 1389 4018 peragravit.
1478 3933 1774 4018 Apparet
1817 3934 1956 4000 haec
2012 3934 2354 4019 (partem
2411 3933 2648 3998 Thra-

349 4043 489 4107 ciae
555 4043 925 4127 amplexa
992 4050 1059 4108 et
1126 4065 1280 4108 suae
1347 4043 1702 4108 dicionis
1769 4043 1997 4124 fecit)
2056 4065 2184 4108 non
2229 4044 2520 4126 potuisse
2568 4042 2648 4107 de

348 4150 528 4216 fama
595 4152 742 4216 dici.
831 4151 1064 4233 Itaque
1132 4151 1546 4234 Kreyssigius
1604 4161 1755 4235 post.
1797 4151 2321 4216 Macedonum
2376 4152 2649 4216 inseruit

347 4279 708 4342 regnum,
779 4261 999 4339 simul,
1069 4265 1142 4324 ut
1208 4269 1349 4324 turn
1393 4280 1657 4324 necesse
1704 4265 1875 4337 erat,
1935 4258 2308 4341 amplexa
2363 4260 2431 4324 in
2492 4280 2647 4323 am-

347 4367 673 4451 plexum
717 4374 991 4433 mutato.
1082 4367 1210 4433 Sed
1255 4390 1335 4432 ne
1396 4389 1724 4450 regnum
1782 4367 2045 4448 quidem
2101 4367 2457 4449 quidquam
2515 4388 2647 4432 suae

347 4474 624 4557 dicionis
645 4476 822 4553 facit,
842 4475 1081 4541 nedum
1104 4477 1380 4560 populos
1405 4483 1473 4540 et
1494 4476 1793 4558 regiones
1820 4481 2141 4558 peragret.
2174 4475 2383 4540 Unum
2410 4484 2511 4541 est
2534 4498 2649 4539 no-

348 4605 515 4664 men,
563 4586 668 4649 cui
736 4592 801 4650 et
843 4584 1097 4667 reliqua
1152 4584 1540 4649 conveniant
1583 4590 1652 4647 et
1706 4583 2082 4665 amplexa
2124 4605 2254 4648 non
2300 4590 2647 4662 mutatum,
