3230 5282
1505 608 1625 667 557
2311 621 2433 676 Lib.
2472 623 2726 678 XXXIX.

408 787 720 870 gradibus
744 794 813 852 et
835 788 1172 853 ordinibus
1198 788 1572 852 distinctum
1597 796 1742 854 erat
1758 791 2021 872 {itaque
2046 791 2543 876 multiplicando
2570 795 2728 876 (vel-

411 903 485 958 ut
540 894 965 977 duplicando)
1024 895 1411 960 servabatur
1469 896 1697 960 eadem
1767 899 2107 979 proportio
2127 923 2141 978 ;
2211 901 2265 964 si
2325 903 2727 983 stipendium

411 1003 542 1065 iam
590 1023 706 1085 per
752 1024 821 1068 se
868 1002 1078 1066 maius
1127 1005 1324 1067 etiam
1373 1004 1670 1086 pluribus
1730 1005 2034 1087 partibus
2082 1014 2351 1071 auctum
2399 1016 2576 1073 esset
2620 1009 2726 1090 (ut

409 1109 594 1173 miles
642 1110 820 1174 verbi
866 1131 1067 1174 causa
1124 1110 1223 1174 bis
1281 1111 1627 1174 denarium
1695 1114 2025 1195 acciperet
2040 1164 2053 1191 ,
2126 1116 2427 1179 centurio
2490 1125 2726 1199 quater

409 1217 618 1294 binos,
667 1238 866 1299 eques
913 1219 1126 1282 sexies
1174 1218 1448 1299 ternos),
1495 1219 1934 1284 intolerabilis
1978 1221 2298 1301 iniquitas
2331 1229 2497 1287 nata
2533 1231 2722 1288 esset.

409 1324 644 1406 Itaque
691 1325 944 1388 Livium
988 1325 1083 1388 sic
1131 1326 1473 1406 scripsisse
1519 1333 1832 1409 apparet:
1903 1328 1967 1391 M
1985 1328 2042 1391 il
2059 1330 2078 1391 i
2094 1328 2211 1392 tib
2228 1351 2271 1392 u
2288 1351 2318 1393 s
2366 1350 2464 1410 qu
2481 1351 2521 1394 a
2535 1330 2576 1393 d
2590 1353 2623 1394 r
2643 1352 2683 1395 a
2697 1368 2723 1380 -

407 1451 656 1512 genos
724 1431 959 1496 binos
1028 1433 1414 1496 denarios
1474 1432 1790 1511 divisit,
1862 1435 2162 1518 duplex
2218 1438 2722 1517 centurioni,

406 1540 712 1622 triplex
758 1542 836 1603 in
885 1561 919 1604 e
937 1541 1204 1622 quites
1254 1539 1510 1620 (eadem
1558 1543 1875 1605 varietate
1922 1544 2434 1608 constructionis
2482 1551 2550 1608 et
2594 1566 2710 1609 nu·
2745 1558 2897 1627 (453)

407 1648 588 1724 meri,
617 1646 1057 1727 quaxxxw,
1086 1653 1185 1726 52,
1217 1652 1322 1710 11:
1348 1649 1535 1710 —in
1571 1649 1892 1730 pedites
1931 1650 2194 1728 divisi,
2223 1650 2520 1734 duplex
2552 1672 2723 1715 cen-

404 1755 745 1832 turioni,
813 1756 1117 1836 triplex
1165 1755 1453 1835 equiti,
1523 1754 1716 1833 XLV,
1778 1760 1886 1834 34,
1934 1761 2000 1820 5:
2073 1757 2153 1821 in
2219 1759 2571 1838 equitem
2644 1793 2719 1804 —

402 1861 827 1945 peditibus
850 1897 938 1907 —
961 1862 1122 1926 divi
1142 1863 1387 1926 deren
1408 1862 1590 1942 tur),
1611 1869 1690 1926 et
1724 1864 1995 1946 stipen
2015 1863 2226 1928 dium
2265 1865 2560 1947 duplex
2600 1866 2723 1930 de-

405 1967 542 2032 dit.
570 1966 784 2044 Quum
807 1969 925 2034 illa
948 1971 1260 2053 triplex
1295 1971 1372 2032 in
1410 1970 1684 2050 equite
1702 1990 1732 2032 s
1757 1991 1875 2034 suo
1903 1971 2047 2035 loco
2073 1978 2253 2036 mota
2277 1981 2514 2050 essent,
2533 1972 2720 2037 addi-

405 2081 546 2138 tum
614 2084 745 2155 est,
812 2084 888 2141 ut
943 2078 1345 2142 contrarium
1412 2083 1602 2154 esset,
1672 2078 1749 2140 in
1811 2099 1852 2159 p
1869 2099 1902 2142 e
1919 2077 2085 2142 dite
2102 2100 2162 2157 S,
2222 2099 2342 2160 pro
2411 2101 2542 2163 quo
2587 2102 2721 2144 non

403 2191 581 2247 recte
627 2182 1205 2248 Drakenborchius
1252 2185 1330 2246 in
1376 2183 1508 2246 mil
1526 2184 1546 2246 i
1561 2190 1589 2247 t
1604 2204 1639 2247 e
1656 2204 1685 2247 s
1744 2184 1940 2247 scribi
2000 2186 2234 2264 voluit,
2291 2206 2438 2249 cum
2483 2189 2722 2251 vitiosa

408 2290 849 2371 abundantia;
898 2299 1119 2355 cetera
1164 2296 1346 2355 recte
1395 2290 1779 2355 emendavit.
1797 2291 1853 2372 ¹)

576 2396 731 2481 Cap.
782 2403 839 2478 9,
888 2404 954 2461 6:
1015 2399 1219 2461 Huic
1277 2396 1623 2480 (Hispalae)
1683 2398 2192 2463 consuetudo
2241 2401 2472 2464 iuxta
2517 2403 2718 2466 vici·

413 2506 758 2570 nitatem
827 2528 984 2580 cum
1040 2505 1364 2569 AEbutio
1421 2499 1601 2569 fuit.
1692 2505 2179 2587 Praepositionis
2237 2507 2465 2572 iuxta
2522 2511 2720 2592 signi-

406 2611 622 2677 ficatio
671 2614 888 2679 aliena
933 2613 1190 2678 videtur
1205 2664 1219 2691 ,
1281 2613 1710 2695 suspicorque
1769 2614 2083 2696 scriptum
2142 2613 2371 2680 fuisse:
2443 2617 2576 2680 iun
2593 2626 2720 2681 cta

403 2722 476 2784 vi
497 2723 622 2785 cin
640 2723 799 2787 itat
817 2744 869 2786 e.
962 2720 1098 2799 (Sic
1134 2722 1265 2785 iam
1313 2719 1864 2803 Heerwagenius)
1944 2721 2251 2803 Ussingio
2310 2724 2377 2785 in
2434 2732 2717 2788 mentem

402 2838 672 2894 venerat
718 2836 899 2895 orta
945 2851 1034 2893 ex
1083 2829 1376 2892 vicinit
1394 2849 1436 2891 a
1452 2834 1559 2906 te,
1605 2828 1862 2910 longius
1911 2849 1952 2891 a
1996 2828 2351 2892 codicibus.
2401 2830 2644 2911 (1865.)

577 2935 734 3020 Cap.
791 2942 883 3014 17,
943 2940 979 2999 7
1039 2935 1149 3015 (de
1207 2934 1795 2999 Bacchanaliorum
1841 2934 2246 2999 antistitibus
2294 2937 2716 3017 comprehen-

454 3180 505 3246 ¹)
544 3180 1006 3251 Cap.8,7(falsi
1041 3186 1278 3245 testes,
1311 3178 1496 3231 falsa
1534 3178 1732 3245 signa
1761 3177 2316 3245 testimoniaque
2353 3184 2420 3231 et
2455 3179 2719 3233 indicia

542 3284 618 3319 ex
656 3267 894 3321 eadem
933 3265 1233 3320 officina
1270 3261 1582 3327 exibant)
1620 3262 1739 3315 iure
1779 3261 2013 3314 offendit
2050 3261 2243 3315 eadem
2281 3280 2370 3317 res
2410 3264 2495 3316 bis
2532 3265 2721 3332 posita

544 3355 602 3405 et
638 3350 996 3405 incommode
1033 3350 1248 3404 variata
1285 3350 1536 3415 (testes
1575 3375 1641 3384 —
1678 3346 2142 3412 testimonia);
2181 3346 2279 3399 sed
2316 3347 2467 3416 quod
2504 3353 2715 3402 testa-

538 3442 908 3504 mentaque
964 3435 1341 3499 substituitur,
1395 3433 1572 3486 multo
1630 3431 1827 3485 melius
1882 3432 2298 3485 testimonia
2344 3437 2412 3485 et
2448 3431 2719 3487 indicia

543 3538 711 3589 quam
749 3525 1174 3575 testamenta
1210 3524 1276 3571 et
1310 3517 1587 3570 indicia
1624 3516 2059 3585 coniunguntur.
2116 3517 2206 3569 Me
2238 3517 2464 3585 quidem
2487 3517 2722 3572 offendit

541 3605 665 3659 hoec
718 3603 1013 3658 hominum
1064 3619 1366 3670 rerumque
1422 3602 1706 3670 copulatio
1762 3599 1948 3667 (falsi
2005 3608 2257 3668 testes,
2315 3603 2523 3669 signa
2572 3604 2720 3670 cet),

427 3680 434 3685 ’
541 3707 864 3758 vereorque,
902 3706 972 3741 ne
1008 3689 1202 3743 Livius
1251 3673 1411 3740 nihil'
1438 3686 1741 3754 scripserit
1774 3686 1883 3739 nisi
1918 3686 2065 3741 hoec:
2121 3686 2238 3739 sed
2288 3684 2473 3739 falsa
2520 3687 2721 3755 signa

544 3775 1095 3841 testimoniaque
1132 3776 1198 3826 et
1233 3770 1502 3824 indicia
1540 3788 1617 3831 ex
1656 3770 1889 3823 eadem
1927 3769 2219 3824 officina
2256 3771 2559 3824 exibant.
2609 3771 2715 3825 Er-

541 3861 688 3913 roris
726 3865 919 3913 tamen
967 3858 1246 3927 originem
1293 3873 1408 3910 non
1457 3855 1699 3909 invenio.
1772 3853 1873 3923 §6
1910 3860 2062 3909 recte
2097 3855 2355 3910 Dukerus
2402 3857 2718 3924 suspicatus

542 3961 665 3998 esse
701 3944 927 3997 videtur
963 3943 1174 4012 aliquid
1212 3941 1508 4007 excidisse,
1548 3939 1700 4008 quod
1739 3940 1820 3994 sic
1865 3938 1980 3993 fere
2017 3940 2394 4009 supplendum
2432 3940 2717 3993 existimo:

543 4047 739 4097 quum
776 4030 1011 4083 vinum
1048 4028 1304 4082 animos
1345 4025 1764 4076 incendisset
1812 4028 1881 4077 et
1928 4042 2058 4077 nox
2098 4030 2165 4078 et
2202 4024 2400 4076 mixti
2437 4022 2719 4078 feminis

542 4131 760 4168 mares
796 4142 863 4152 -
901 4114 1280 4167 discrimen
1317 4126 1506 4164 omne
1542 4107 1837 4177 pudoris
1876 4109 2413 4162 exstinxissent.
2524 4109 2721 4175 (Amor

542 4200 614 4253 ab
669 4199 775 4253 hac
832 4199 1152 4268 promiscua
1205 4195 1444 4250 libidine
1499 4194 1713 4246 alienus
1771 4197 1873 4257 est,
1930 4193 2136 4248 nedum
2192 4192 2502 4259 amores.)
2576 4192 2631 4261 [ξ
2685 4196 2720 4247 8

542 4283 1031 4339 clandestinas
1070 4281 1298 4337 caedes
1350 4297 1383 4332 a
1417 4277 1578 4332 Livio
1617 4276 1928 4345 appellatas
1966 4284 2121 4345 put0‚
2160 4294 2275 4330 non
2307 4277 2718 4343 intestinas,

544 4385 714 4436 quum
764 4368 1083 4436 proesertim
1120 4365 1379 4430 addatur,
1417 4361 1701 4417 interdum
1762 4376 1832 4413 ne
1882 4378 2120 4429 corpora
2169 4361 2391 4429 quidem
2438 4362 2719 4416 exstitisse

543 4451 614 4504 ad
652 4452 1015 4521 sepulturam.
1076 4447 1245 4516 1865]

231 4846 1290 5166 Γ
1519 5026 2083 5246 Ιχ..-
