<?xml version="1.0" encoding="UTF-8"?>
<!DOCTYPE html PUBLIC "-//W3C//DTD XHTML 1.0 Transitional//EN"
    "http://www.w3.org/TR/xhtml1/DTD/xhtml1-transitional.dtd">
<html xmlns="http://www.w3.org/1999/xhtml" xml:lang="en" lang="en">
 <head>
  <title>
</title>
<meta http-equiv="Content-Type" content="text/html;charset=utf-8" />
  <meta name='ocr-system' content='tesseract 3.04.00' />
  <meta name='ocr-capabilities' content='ocr_page ocr_carea ocr_par ocr_line ocrx_word'/>
</head>
<body>
  <div class='ocr_page' id='page_1' title='image "./emendationesliv03madvgoog_0325.png"; bbox 0 0 3230 5282; ppageno 0'>
   <div class='ocr_carea' id='block_1_1' title="bbox 1470 629 2683 695">
    <p class='ocr_par' dir='ltr' id='par_1_1' title="bbox 1470 629 2683 695">
     <span class='ocr_line' id='line_1_1' title="bbox 1470 629 2683 695; baseline 0.002 -5"><span class='ocrx_word' id='word_1_1' title='bbox 1470 629 1591 690; x_wconf 88' lang='lat'>313</span> <span class='ocrx_word' id='word_1_2' title='bbox 2319 642 2441 695; x_wconf 88' lang='lat' dir='ltr'><strong>Lib.</strong></span> <span class='ocrx_word' id='word_1_3' title='bbox 2481 642 2683 695; x_wconf 86' lang='lat' dir='ltr'>XXIII.</span> 
     </span>
    </p>
   </div>
   <div class='ocr_carea' id='block_1_2' title="bbox 376 813 2865 3790">
    <p class='ocr_par' dir='ltr' id='par_1_2' title="bbox 376 813 2865 3790">
     <span class='ocr_line' id='line_1_2' title="bbox 376 813 2690 897; baseline 0 -19"><span class='ocrx_word' id='word_1_4' title='bbox 376 814 612 892; x_wconf 78' lang='lat' dir='ltr'>tradit,</span> <span class='ocrx_word' id='word_1_5' title='bbox 684 813 967 897; x_wconf 88' lang='lat' dir='ltr'>cogitari</span> <span class='ocrx_word' id='word_1_6' title='bbox 1025 814 1166 879; x_wconf 80' lang='lat' dir='ltr'>vult</span> <span class='ocrx_word' id='word_1_7' title='bbox 1222 814 1303 878; x_wconf 90' lang='lat' dir='ltr'>de</span> <span class='ocrx_word' id='word_1_8' title='bbox 1361 814 1776 879; x_wconf 86' lang='lat' dir='ltr'>senatoribus</span> <span class='ocrx_word' id='word_1_9' title='bbox 1832 821 1985 877; x_wconf 90' lang='lat' dir='ltr'>ante</span> <span class='ocrx_word' id='word_1_10' title='bbox 2045 813 2129 877; x_wconf 87' lang='lat' dir='ltr'>ab</span> <span class='ocrx_word' id='word_1_11' title='bbox 2189 835 2266 878; x_wconf 92' lang='lat' dir='ltr'>eo</span> <span class='ocrx_word' id='word_1_12' title='bbox 2324 814 2387 877; x_wconf 93' lang='lat' dir='ltr'>in</span> <span class='ocrx_word' id='word_1_13' title='bbox 2437 814 2690 878; x_wconf 89' lang='lat' dir='ltr'>curiam</span> 
     </span>
     <span class='ocr_line' id='line_1_3' title="bbox 379 921 2688 1005; baseline 0 -19"><span class='ocrx_word' id='word_1_14' title='bbox 379 923 625 986; x_wconf 88' lang='lat' dir='ltr'>accitis.</span> <span class='ocrx_word' id='word_1_15' title='bbox 716 922 806 986; x_wconf 84' lang='lat' dir='ltr'>Et</span> <span class='ocrx_word' id='word_1_16' title='bbox 850 922 989 986; x_wconf 86' lang='lat' dir='ltr'>haec</span> <span class='ocrx_word' id='word_1_17' title='bbox 1038 921 1409 1003; x_wconf 79' lang='lat' dir='ltr'>similiaque</span> <span class='ocrx_word' id='word_1_18' title='bbox 1454 923 1522 986; x_wconf 91' lang='lat' dir='ltr'>in</span> <span class='ocrx_word' id='word_1_19' title='bbox 1567 921 1712 986; x_wconf 89' lang='lat' dir='ltr'>aliis</span> <span class='ocrx_word' id='word_1_20' title='bbox 1757 922 1917 985; x_wconf 90' lang='lat' dir='ltr'>locis</span> <span class='ocrx_word' id='word_1_21' title='bbox 1964 922 2441 1004; x_wconf 82' lang='lat' dir='ltr'>excogitantur,</span> <span class='ocrx_word' id='word_1_22' title='bbox 2487 944 2688 1005; x_wconf 91' lang='lat' dir='ltr'>quum</span> 
     </span>
     <span class='ocr_line' id='line_1_4' title="bbox 378 1029 2688 1112; baseline 0 -19"><span class='ocrx_word' id='word_1_23' title='bbox 378 1030 445 1093; x_wconf 91' lang='lat' dir='ltr'>in</span> <span class='ocrx_word' id='word_1_24' title='bbox 490 1030 715 1094; x_wconf 88' lang='lat' dir='ltr'>codice</span> <span class='ocrx_word' id='word_1_25' title='bbox 762 1029 833 1107; x_wconf 91' lang='lat' dir='ltr'>P,</span> <span class='ocrx_word' id='word_1_26' title='bbox 880 1051 921 1093; x_wconf 89' lang='lat' dir='ltr'>a</span> <span class='ocrx_word' id='word_1_27' title='bbox 968 1052 1098 1111; x_wconf 92' lang='lat' dir='ltr'>quo</span> <span class='ocrx_word' id='word_1_28' title='bbox 1144 1051 1273 1094; x_wconf 92' lang='lat' dir='ltr'>uno</span> <span class='ocrx_word' id='word_1_29' title='bbox 1321 1031 1698 1112; x_wconf 79' lang='lat' dir='ltr'>pendemus,</span> <span class='ocrx_word' id='word_1_30' title='bbox 1744 1029 2079 1094; x_wconf 85' lang='lat' dir='ltr'>videamus</span> <span class='ocrx_word' id='word_1_31' title='bbox 2123 1029 2219 1093; x_wconf 90' lang='lat' dir='ltr'>ita</span> <span class='ocrx_word' id='word_1_32' title='bbox 2263 1029 2688 1112; x_wconf 85' lang='lat' dir='ltr'>neglegenter</span> 
     </span>
     <span class='ocr_line' id='line_1_5' title="bbox 377 1136 2690 1220; baseline 0.001 -20"><span class='ocrx_word' id='word_1_33' title='bbox 377 1136 670 1202; x_wconf 87' lang='lat' dir='ltr'>litteram</span> <span class='ocrx_word' id='word_1_34' title='bbox 729 1159 784 1200; x_wconf 79' lang='grc' dir='ltr'>ιι</span> <span class='ocrx_word' id='word_1_35' title='bbox 843 1144 1156 1202; x_wconf 74' lang='lat' dir='ltr'>extremae</span> <span class='ocrx_word' id='word_1_36' title='bbox 1222 1137 1434 1203; x_wconf 85' lang='lat' dir='ltr'>vocali</span> <span class='ocrx_word' id='word_1_37' title='bbox 1506 1136 1661 1202; x_wconf 88' lang='lat' dir='ltr'>addi</span> <span class='ocrx_word' id='word_1_38' title='bbox 1719 1136 2091 1213; x_wconf 84' lang='lat' dir='ltr'>detrahive‚</span> <span class='ocrx_word' id='word_1_39' title='bbox 2158 1144 2233 1201; x_wconf 89' lang='lat' dir='ltr'>ut</span> <span class='ocrx_word' id='word_1_40' title='bbox 2285 1157 2498 1220; x_wconf 89' lang='lat' dir='ltr'>pauca</span> <span class='ocrx_word' id='word_1_41' title='bbox 2556 1138 2690 1202; x_wconf 91' lang='lat' dir='ltr'>sint</span> 
     </span>
     <span class='ocr_line' id='line_1_6' title="bbox 381 1244 2688 1329; baseline -0.001 -19"><span class='ocrx_word' id='word_1_42' title='bbox 381 1247 631 1329; x_wconf 88' lang='lat' dir='ltr'>capita,</span> <span class='ocrx_word' id='word_1_43' title='bbox 700 1248 767 1311; x_wconf 88' lang='lat' dir='ltr'>in</span> <span class='ocrx_word' id='word_1_44' title='bbox 838 1245 1079 1329; x_wconf 90' lang='lat' dir='ltr'>quibus</span> <span class='ocrx_word' id='word_1_45' title='bbox 1149 1266 1280 1309; x_wconf 91' lang='lat' dir='ltr'>non</span> <span class='ocrx_word' id='word_1_46' title='bbox 1336 1245 1401 1308; x_wconf 89' lang='lat' dir='ltr'>in</span> <span class='ocrx_word' id='word_1_47' title='bbox 1457 1244 1582 1311; x_wconf 90' lang='lat' dir='ltr'>hoc</span> <span class='ocrx_word' id='word_1_48' title='bbox 1626 1266 1865 1327; x_wconf 88' lang='lat' dir='ltr'>genere</span> <span class='ocrx_word' id='word_1_49' title='bbox 1913 1251 2197 1322; x_wconf 92' lang='lat' dir='ltr'>erretur,</span> <span class='ocrx_word' id='word_1_50' title='bbox 2268 1266 2398 1309; x_wconf 92' lang='lat' dir='ltr'>non</span> <span class='ocrx_word' id='word_1_51' title='bbox 2453 1265 2688 1327; x_wconf 89' lang='lat' dir='ltr'>pauca,</span> 
     </span>
     <span class='ocr_line' id='line_1_7' title="bbox 379 1352 2687 1436; baseline 0 -19"><span class='ocrx_word' id='word_1_52' title='bbox 379 1354 447 1418; x_wconf 90' lang='lat' dir='ltr'>in</span> <span class='ocrx_word' id='word_1_53' title='bbox 492 1353 729 1435; x_wconf 89' lang='lat' dir='ltr'>quibus</span> <span class='ocrx_word' id='word_1_54' title='bbox 779 1352 1115 1436; x_wconf 86' lang='lat' dir='ltr'>saepius.¹)</span> <span class='ocrx_word' id='word_1_55' title='bbox 1227 1353 1457 1436; x_wconf 84' lang='lat' dir='ltr'>Itaque</span> <span class='ocrx_word' id='word_1_56' title='bbox 1504 1352 2035 1418; x_wconf 88' lang='lat' dir='ltr'>Weissenbornio</span> <span class='ocrx_word' id='word_1_57' title='bbox 2093 1353 2161 1416; x_wconf 88' lang='lat' dir='ltr'>in</span> <span class='ocrx_word' id='word_1_58' title='bbox 2219 1359 2500 1417; x_wconf 88' lang='lat' dir='ltr'>mentem</span> <span class='ocrx_word' id='word_1_59' title='bbox 2557 1373 2687 1417; x_wconf 91' lang='lat' dir='ltr'>uon</span> 
     </span>
     <span class='ocr_line' id='line_1_8' title="bbox 377 1457 2687 1544; baseline -0.001 -19"><span class='ocrx_word' id='word_1_60' title='bbox 377 1462 554 1525; x_wconf 80' lang='lat' dir='ltr'>venit</span> <span class='ocrx_word' id='word_1_61' title='bbox 595 1462 884 1526; x_wconf 91' lang='lat' dir='ltr'>retinere</span> <span class='ocrx_word' id='word_1_62' title='bbox 933 1482 985 1525; x_wconf 92' lang='lat' dir='ltr'>c.</span> <span class='ocrx_word' id='word_1_63' title='bbox 1037 1466 1092 1540; x_wconf 85' lang='lat'>5,</span> <span class='ocrx_word' id='word_1_64' title='bbox 1144 1464 1220 1524; x_wconf 90' lang='lat'>13</span> <span class='ocrx_word' id='word_1_65' title='bbox 1269 1462 1541 1544; x_wconf 89' lang='lat' dir='ltr'>genito</span> <span class='ocrx_word' id='word_1_66' title='bbox 1589 1462 1667 1525; x_wconf 92' lang='lat' dir='ltr'>in</span> <span class='ocrx_word' id='word_1_67' title='bbox 1714 1461 2043 1526; x_wconf 87' lang='lat' dir='ltr'>Italiam</span> <span class='ocrx_word' id='word_1_68' title='bbox 2090 1457 2434 1541; x_wconf 86' lang='lat' dir='ltr'>(PCVoss.,</span> <span class='ocrx_word' id='word_1_69' title='bbox 2480 1458 2687 1538; x_wconf 91' lang='lat' dir='ltr'>Harl.,</span> 
     </span>
     <span class='ocr_line' id='line_1_9' title="bbox 382 1567 2686 1650; baseline 0 -17"><span class='ocrx_word' id='word_1_70' title='bbox 382 1568 565 1649; x_wconf 85' lang='lat' dir='ltr'>cett.)</span> <span class='ocrx_word' id='word_1_71' title='bbox 611 1575 728 1634; x_wconf 89' lang='lat' dir='ltr'>aut</span> <span class='ocrx_word' id='word_1_72' title='bbox 794 1574 899 1648; x_wconf 88' lang='lat'>13,</span> <span class='ocrx_word' id='word_1_73' title='bbox 967 1575 995 1632; x_wconf 93' lang='lat'>1</span> <span class='ocrx_word' id='word_1_74' title='bbox 1044 1568 1381 1633; x_wconf 86' lang='lat' dir='ltr'>facilius</span> <span class='ocrx_word' id='word_1_75' title='bbox 1441 1570 1735 1633; x_wconf 88' lang='lat' dir='ltr'>scitum</span> <span class='ocrx_word' id='word_1_76' title='bbox 1793 1576 1915 1633; x_wconf 90' lang='lat' dir='ltr'>est</span> <span class='ocrx_word' id='word_1_77' title='bbox 1971 1567 2174 1650; x_wconf 89' lang='lat' dir='ltr'>(quod</span> <span class='ocrx_word' id='word_1_78' title='bbox 2231 1575 2450 1633; x_wconf 89' lang='lat' dir='ltr'>tamen</span> <span class='ocrx_word' id='word_1_79' title='bbox 2509 1589 2686 1633; x_wconf 87' lang='lat' dir='ltr'>ama-</span> 
     </span>
     <span class='ocr_line' id='line_1_10' title="bbox 379 1675 2687 1757; baseline 0 -16"><span class='ocrx_word' id='word_1_80' title='bbox 379 1683 587 1742; x_wconf 89' lang='lat' dir='ltr'>torem</span> <span class='ocrx_word' id='word_1_81' title='bbox 666 1677 901 1741; x_wconf 91' lang='lat' dir='ltr'>habuit</span> <span class='ocrx_word' id='word_1_82' title='bbox 979 1676 1215 1741; x_wconf 88' lang='lat' dir='ltr'>fortem</span> <span class='ocrx_word' id='word_1_83' title='bbox 1297 1675 1658 1755; x_wconf 90' lang='lat' dir='ltr'>hominem,</span> <span class='ocrx_word' id='word_1_84' title='bbox 1727 1675 2270 1757; x_wconf 87' lang='lat' dir='ltr'>Alschefskium);</span> <span class='ocrx_word' id='word_1_85' title='bbox 2350 1676 2466 1740; x_wconf 88' lang='lat' dir='ltr'>sed</span> <span class='ocrx_word' id='word_1_86' title='bbox 2535 1696 2687 1741; x_wconf 89' lang='lat' dir='ltr'>ecce</span> 
     </span>
     <span class='ocr_line' id='line_1_11' title="bbox 381 1778 2740 1868; baseline 0 -20"><span class='ocrx_word' id='word_1_87' title='bbox 381 1785 594 1850; x_wconf 90' lang='lat' dir='ltr'>subito</span> <span class='ocrx_word' id='word_1_88' title='bbox 642 1786 707 1849; x_wconf 89' lang='lat' dir='ltr'>in</span> <span class='ocrx_word' id='word_1_89' title='bbox 755 1806 898 1868; x_wconf 90' lang='lat' dir='ltr'>cap.</span> <span class='ocrx_word' id='word_1_90' title='bbox 958 1789 1052 1864; x_wconf 92' lang='lat'>12,</span> <span class='ocrx_word' id='word_1_91' title='bbox 1119 1790 1192 1848; x_wconf 84' lang='lat'>15</span> <span class='ocrx_word' id='word_1_92' title='bbox 1241 1784 1643 1849; x_wconf 87' lang='lat' dir='ltr'>defenditur:</span> <span class='ocrx_word' id='word_1_93' title='bbox 1705 1786 1783 1848; x_wconf 92' lang='lat' dir='ltr'>in</span> <span class='ocrx_word' id='word_1_94' title='bbox 1842 1784 2389 1850; x_wconf 85' lang='lat' dir='ltr'>desectionem</span> <span class='ocrx_word' id='word_1_95' title='bbox 2437 1792 2688 1849; x_wconf 90' lang='lat' dir='ltr'>totam</span> <span class='ocrx_word' id='word_1_96' title='bbox 2731 1778 2740 1783; x_wconf 42' lang='lat'>⁶</span> 
     </span>
     <span class='ocr_line' id='line_1_12' title="bbox 383 1891 2688 1975; baseline 0.001 -20"><span class='ocrx_word' id='word_1_97' title='bbox 383 1891 715 1955; x_wconf 88' lang='lat' dir='ltr'>Italiam</span> <span class='ocrx_word' id='word_1_98' title='bbox 761 1913 967 1970; x_wconf 79' lang='lat' dir='ltr'>esse,</span> <span class='ocrx_word' id='word_1_99' title='bbox 1029 1894 1186 1974; x_wconf 90' lang='lat' dir='ltr'>quia</span> <span class='ocrx_word' id='word_1_100' title='bbox 1230 1891 1520 1956; x_wconf 89' lang='lat' dir='ltr'>nondum</span> <span class='ocrx_word' id='word_1_101' title='bbox 1564 1892 1872 1957; x_wconf 86' lang='lat' dir='ltr'>absoluta</span> <span class='ocrx_word' id='word_1_102' title='bbox 1917 1891 2197 1957; x_wconf 85' lang='lat' dir='ltr'>defectio</span> <span class='ocrx_word' id='word_1_103' title='bbox 2247 1893 2351 1957; x_wconf 91' lang='lat' dir='ltr'>sit.</span> <span class='ocrx_word' id='word_1_104' title='bbox 2455 1891 2688 1975; x_wconf 90' lang='lat' dir='ltr'>Itaque</span> 
     </span>
     <span class='ocr_line' id='line_1_13' title="bbox 382 2000 2690 2083; baseline 0 -19"><span class='ocrx_word' id='word_1_105' title='bbox 382 2000 662 2083; x_wconf 88' lang='lat' dir='ltr'>posthac</span> <span class='ocrx_word' id='word_1_106' title='bbox 708 2021 841 2065; x_wconf 92' lang='lat' dir='ltr'>non</span> <span class='ocrx_word' id='word_1_107' title='bbox 888 2002 957 2065; x_wconf 92' lang='lat' dir='ltr'>in</span> <span class='ocrx_word' id='word_1_108' title='bbox 1007 2021 1237 2083; x_wconf 90' lang='lat' dir='ltr'>opere,</span> <span class='ocrx_word' id='word_1_109' title='bbox 1295 2001 1363 2063; x_wconf 91' lang='lat' dir='ltr'>in</span> <span class='ocrx_word' id='word_1_110' title='bbox 1409 2000 1663 2079; x_wconf 89' lang='lat' dir='ltr'>itinere,</span> <span class='ocrx_word' id='word_1_111' title='bbox 1719 2002 1786 2064; x_wconf 92' lang='lat' dir='ltr'>in</span> <span class='ocrx_word' id='word_1_112' title='bbox 1833 2000 2267 2083; x_wconf 85' lang='lat' dir='ltr'>expeditione,</span> <span class='ocrx_word' id='word_1_113' title='bbox 2326 2000 2393 2063; x_wconf 91' lang='lat' dir='ltr'>in</span> <span class='ocrx_word' id='word_1_114' title='bbox 2442 2001 2690 2082; x_wconf 89' lang='lat' dir='ltr'>cogita-</span> 
     </span>
     <span class='ocr_line' id='line_1_14' title="bbox 382 2106 2689 2190; baseline 0.001 -20"><span class='ocrx_word' id='word_1_115' title='bbox 382 2108 560 2171; x_wconf 91' lang='lat' dir='ltr'>tione</span> <span class='ocrx_word' id='word_1_116' title='bbox 626 2107 849 2189; x_wconf 90' lang='lat' dir='ltr'>aliqua</span> <span class='ocrx_word' id='word_1_117' title='bbox 915 2108 1314 2173; x_wconf 85' lang='lat' dir='ltr'>similibusve</span> <span class='ocrx_word' id='word_1_118' title='bbox 1382 2128 1523 2172; x_wconf 88' lang='lat' dir='ltr'>esse</span> <span class='ocrx_word' id='word_1_119' title='bbox 1591 2108 1912 2183; x_wconf 89' lang='lat' dir='ltr'>dicemur,</span> <span class='ocrx_word' id='word_1_120' title='bbox 1992 2107 2060 2171; x_wconf 93' lang='lat' dir='ltr'>in</span> <span class='ocrx_word' id='word_1_121' title='bbox 2139 2106 2374 2190; x_wconf 90' lang='lat' dir='ltr'>quibus</span> <span class='ocrx_word' id='word_1_122' title='bbox 2456 2106 2689 2172; x_wconf 89' lang='lat' dir='ltr'>mediis</span> 
     </span>
     <span class='ocr_line' id='line_1_15' title="bbox 381 2214 2865 2302; baseline 0.001 -24"><span class='ocrx_word' id='word_1_123' title='bbox 381 2236 741 2294; x_wconf 85' lang='lat' dir='ltr'>versamur,</span> <span class='ocrx_word' id='word_1_124' title='bbox 821 2216 937 2280; x_wconf 78' lang='lat' dir='ltr'>secl</span> <span class='ocrx_word' id='word_1_125' title='bbox 1019 2217 1094 2280; x_wconf 91' lang='lat' dir='ltr'>in</span> <span class='ocrx_word' id='word_1_126' title='bbox 1176 2216 1773 2298; x_wconf 83' lang='lat' dir='ltr'>cogitationem</span> <span class='ocrx_word' id='word_1_127' title='bbox 1839 2237 2052 2293; x_wconf 81' lang='lat' dir='ltr'>esse3</span> <span class='ocrx_word' id='word_1_128' title='bbox 2137 2214 2252 2278; x_wconf 83' lang='lat' dir='ltr'>sed</span> <span class='ocrx_word' id='word_1_129' title='bbox 2320 2221 2539 2279; x_wconf 92' lang='lat' dir='ltr'>tamen</span> <span class='ocrx_word' id='word_1_130' title='bbox 2606 2216 2683 2280; x_wconf 90' lang='lat' dir='ltr'>in</span> <span class='ocrx_word' id='word_1_131' title='bbox 2721 2235 2865 2302; x_wconf 75' lang='lat'><strong>(257)</strong></span> 
     </span>
     <span class='ocr_line' id='line_1_16' title="bbox 382 2322 2693 2403; baseline 0.001 -17"><span class='ocrx_word' id='word_1_132' title='bbox 382 2324 767 2387; x_wconf 85' lang='lat' dir='ltr'>maximos</span> <span class='ocrx_word' id='word_1_133' title='bbox 848 2330 1107 2389; x_wconf 88' lang='lat' dir='ltr'>motus</span> <span class='ocrx_word' id='word_1_134' title='bbox 1190 2338 1362 2389; x_wconf 85' lang='lat' dir='ltr'>esse</span> <span class='ocrx_word' id='word_1_135' title='bbox 1430 2346 1564 2389; x_wconf 91' lang='lat' dir='ltr'>non</span> <span class='ocrx_word' id='word_1_136' title='bbox 1632 2324 1951 2403; x_wconf 84' lang='lat' dir='ltr'>dicemur3</span> <span class='ocrx_word' id='word_1_137' title='bbox 2031 2343 2180 2386; x_wconf 88' lang='lat' dir='ltr'>nam</span> <span class='ocrx_word' id='word_1_138' title='bbox 2248 2323 2370 2386; x_wconf 90' lang='lat' dir='ltr'>hoc</span> <span class='ocrx_word' id='word_1_139' title='bbox 2437 2322 2693 2388; x_wconf 89' lang='lat' dir='ltr'>librarii</span> 
     </span>
     <span class='ocr_line' id='line_1_17' title="bbox 381 2416 2691 2515; baseline 0.001 -22"><span class='ocrx_word' id='word_1_140' title='bbox 381 2429 638 2496; x_wconf 85' lang='lat' dir='ltr'>lineolae</span> <span class='ocrx_word' id='word_1_141' title='bbox 683 2431 1050 2496; x_wconf 90' lang='lat' dir='ltr'>adiectione</span> <span class='ocrx_word' id='word_1_142' title='bbox 1096 2416 1344 2515; x_wconf 85' lang='lat' dir='ltr'>fingere</span> <span class='ocrx_word' id='word_1_143' title='bbox 1390 2454 1519 2496; x_wconf 91' lang='lat' dir='ltr'>non</span> <span class='ocrx_word' id='word_1_144' title='bbox 1564 2438 1934 2515; x_wconf 87' lang='lat' dir='ltr'>potuerunt.</span> <span class='ocrx_word' id='word_1_145' title='bbox 2028 2429 2198 2510; x_wconf 85' lang='lat' dir='ltr'>(vid.</span> <span class='ocrx_word' id='word_1_146' title='bbox 2249 2452 2449 2513; x_wconf 87' lang='lat' dir='ltr'>supra</span> <span class='ocrx_word' id='word_1_147' title='bbox 2493 2454 2555 2513; x_wconf 89' lang='lat' dir='ltr'>p.</span> <span class='ocrx_word' id='word_1_148' title='bbox 2602 2433 2691 2514; x_wconf 85' lang='grc'>8.)</span> 
     </span>
     <span class='ocr_line' id='line_1_18' title="bbox 384 2537 2693 2623; baseline 0.001 -21"><span class='ocrx_word' id='word_1_149' title='bbox 384 2539 661 2617; x_wconf 85' lang='lat' dir='ltr'>Quando</span> <span class='ocrx_word' id='word_1_150' title='bbox 731 2539 831 2603; x_wconf 86' lang='lat' dir='ltr'>hae</span> <span class='ocrx_word' id='word_1_151' title='bbox 898 2559 1088 2622; x_wconf 86' lang='lat' dir='ltr'>nugae</span> <span class='ocrx_word' id='word_1_152' title='bbox 1156 2540 1393 2604; x_wconf 89' lang='lat' dir='ltr'>saltem</span> <span class='ocrx_word' id='word_1_153' title='bbox 1450 2539 1880 2604; x_wconf 90' lang='lat' dir='ltr'>Alschefskiis</span> <span class='ocrx_word' id='word_1_154' title='bbox 1947 2537 2446 2623; x_wconf 79' lang='lat' dir='ltr'>relinquentur?</span> <span class='ocrx_word' id='word_1_155' title='bbox 2513 2540 2693 2605; x_wconf 88' lang='lat' dir='ltr'>Alios</span> 
     </span>
     <span class='ocr_line' id='line_1_19' title="bbox 384 2646 2694 2731; baseline 0 -20"><span class='ocrx_word' id='word_1_156' title='bbox 384 2669 637 2713; x_wconf 88' lang='lat' dir='ltr'>errores</span> <span class='ocrx_word' id='word_1_157' title='bbox 683 2648 989 2730; x_wconf 86' lang='lat' dir='ltr'>persequi</span> <span class='ocrx_word' id='word_1_158' title='bbox 1033 2670 1247 2731; x_wconf 91' lang='lat' dir='ltr'>neque</span> <span class='ocrx_word' id='word_1_159' title='bbox 1292 2655 1484 2713; x_wconf 85' lang='lat' dir='ltr'>vacat</span> <span class='ocrx_word' id='word_1_160' title='bbox 1529 2669 1739 2730; x_wconf 90' lang='lat' dir='ltr'>neque</span> <span class='ocrx_word' id='word_1_161' title='bbox 1789 2670 1953 2730; x_wconf 89' lang='lat' dir='ltr'>opus</span> <span class='ocrx_word' id='word_1_162' title='bbox 2000 2654 2116 2726; x_wconf 91' lang='lat' dir='ltr'>est,</span> <span class='ocrx_word' id='word_1_163' title='bbox 2164 2646 2364 2711; x_wconf 90' lang='lat' dir='ltr'>semel</span> <span class='ocrx_word' id='word_1_164' title='bbox 2400 2648 2694 2713; x_wconf 88' lang='lat' dir='ltr'>admoni-</span> 
     </span>
     <span class='ocr_line' id='line_1_20' title="bbox 381 2755 2696 2839; baseline 0 -20"><span class='ocrx_word' id='word_1_165' title='bbox 381 2756 562 2820; x_wconf 90' lang='lat' dir='ltr'>tione</span> <span class='ocrx_word' id='word_1_166' title='bbox 609 2757 846 2838; x_wconf 87' lang='lat' dir='ltr'>posita.</span> <span class='ocrx_word' id='word_1_167' title='bbox 948 2755 1197 2820; x_wconf 87' lang='lat' dir='ltr'>Eadem</span> <span class='ocrx_word' id='word_1_168' title='bbox 1243 2757 1415 2820; x_wconf 89' lang='lat' dir='ltr'>enim</span> <span class='ocrx_word' id='word_1_169' title='bbox 1459 2758 1785 2839; x_wconf 84' lang='lat' dir='ltr'>pravitate</span> <span class='ocrx_word' id='word_1_170' title='bbox 1833 2761 1899 2820; x_wconf 91' lang='lat' dir='ltr'>et</span> <span class='ocrx_word' id='word_1_171' title='bbox 1943 2755 2390 2820; x_wconf 87' lang='lat' dir='ltr'>inconstantia</span> <span class='ocrx_word' id='word_1_172' title='bbox 2432 2763 2696 2821; x_wconf 89' lang='lat' dir='ltr'>tenetur</span> 
     </span>
     <span class='ocr_line' id='line_1_21' title="bbox 383 2861 2691 2947; baseline 0 -20"><span class='ocrx_word' id='word_1_173' title='bbox 383 2862 539 2943; x_wconf 91' lang='lat' dir='ltr'>(nisi</span> <span class='ocrx_word' id='word_1_174' title='bbox 585 2863 761 2945; x_wconf 89' lang='lat' dir='ltr'>quod</span> <span class='ocrx_word' id='word_1_175' title='bbox 805 2864 1267 2947; x_wconf 87' lang='lat' dir='ltr'>antiquissima</span> <span class='ocrx_word' id='word_1_176' title='bbox 1311 2864 1726 2946; x_wconf 89' lang='lat' dir='ltr'>neglegentia</span> <span class='ocrx_word' id='word_1_177' title='bbox 1770 2884 1925 2928; x_wconf 89' lang='lat' dir='ltr'>esse·</span> <span class='ocrx_word' id='word_1_178' title='bbox 1960 2861 2205 2945; x_wconf 88' lang='lat' dir='ltr'>potest)</span> <span class='ocrx_word' id='word_1_179' title='bbox 2253 2861 2459 2941; x_wconf 88' lang='lat' dir='ltr'>XXII,</span> <span class='ocrx_word' id='word_1_180' title='bbox 2508 2868 2608 2941; x_wconf 81' lang='lat'>25,</span> <span class='ocrx_word' id='word_1_181' title='bbox 2655 2867 2691 2927; x_wconf 91' lang='grc'><strong>6</strong></span> 
     </span>
     <span class='ocr_line' id='line_1_22' title="bbox 382 2969 2694 3051; baseline -0 -16"><span class='ocrx_word' id='word_1_182' title='bbox 382 2972 459 3035; x_wconf 90' lang='lat' dir='ltr'>in</span> <span class='ocrx_word' id='word_1_183' title='bbox 506 2969 967 3036; x_wconf 86' lang='lat' dir='ltr'>custodiam</span> <span class='ocrx_word' id='word_1_184' title='bbox 1012 2971 1397 3050; x_wconf 86' lang='lat' dir='ltr'>habitum,</span> <span class='ocrx_word' id='word_1_185' title='bbox 1444 2973 1511 3034; x_wconf 95' lang='lat' dir='ltr'>in</span> <span class='ocrx_word' id='word_1_186' title='bbox 1556 2970 1786 3049; x_wconf 88' lang='lat' dir='ltr'>XXIV,</span> <span class='ocrx_word' id='word_1_187' title='bbox 1840 2976 1890 3049; x_wconf 91' lang='grc'>1,</span> <span class='ocrx_word' id='word_1_188' title='bbox 1942 2974 2016 3033; x_wconf 89' lang='grc'>13</span> <span class='ocrx_word' id='word_1_189' title='bbox 2063 2970 2141 3033; x_wconf 88' lang='lat' dir='ltr'>in</span> <span class='ocrx_word' id='word_1_190' title='bbox 2188 2975 2694 3051; x_wconf 86' lang='lat' dir='ltr'>potestatem</span> 
     </span>
     <span class='ocr_line' id='line_1_23' title="bbox 387 3077 2695 3160; baseline 0 -18"><span class='ocrx_word' id='word_1_191' title='bbox 387 3078 919 3144; x_wconf 90' lang='lat' dir='ltr'>Locrensium</span> <span class='ocrx_word' id='word_1_192' title='bbox 964 3086 1210 3159; x_wconf 89' lang='lat' dir='ltr'>esset,</span> <span class='ocrx_word' id='word_1_193' title='bbox 1269 3079 1380 3144; x_wconf 88' lang='lat' dir='ltr'>sed</span> <span class='ocrx_word' id='word_1_194' title='bbox 1430 3079 1659 3142; x_wconf 88' lang='lat' dir='ltr'>eodem</span> <span class='ocrx_word' id='word_1_195' title='bbox 1705 3079 1919 3160; x_wconf 89' lang='lat' dir='ltr'>capite</span> <span class='ocrx_word' id='word_1_196' title='bbox 1967 3077 1999 3159; x_wconf 64' lang='grc' dir='ltr'>ξ</span> <span class='ocrx_word' id='word_1_197' title='bbox 2047 3082 2084 3141; x_wconf 83' lang='grc'><strong>6</strong></span> <span class='ocrx_word' id='word_1_198' title='bbox 2133 3083 2199 3140; x_wconf 90' lang='lat' dir='ltr'>et</span> <span class='ocrx_word' id='word_1_199' title='bbox 2246 3097 2300 3140; x_wconf 90' lang='lat' dir='ltr'>c.</span> <span class='ocrx_word' id='word_1_200' title='bbox 2349 3081 2450 3156; x_wconf 91' lang='lat'>21,</span> <span class='ocrx_word' id='word_1_201' title='bbox 2503 3081 2580 3140; x_wconf 88' lang='lat'>12</span> <span class='ocrx_word' id='word_1_202' title='bbox 2626 3084 2695 3142; x_wconf 92' lang='lat' dir='ltr'>et</span> 
     </span>
     <span class='ocr_line' id='line_1_24' title="bbox 382 3184 2695 3270; baseline -0 -20"><span class='ocrx_word' id='word_1_203' title='bbox 382 3207 437 3250; x_wconf 90' lang='lat' dir='ltr'>c.</span> <span class='ocrx_word' id='word_1_204' title='bbox 484 3187 608 3264; x_wconf 60' lang='lat'>22?</span> <span class='ocrx_word' id='word_1_205' title='bbox 663 3191 739 3249; x_wconf 87' lang='grc'>10</span> <span class='ocrx_word' id='word_1_206' title='bbox 784 3187 860 3251; x_wconf 94' lang='lat' dir='ltr'>in</span> <span class='ocrx_word' id='word_1_207' title='bbox 908 3193 1355 3270; x_wconf 86' lang='lat' dir='ltr'>potestate,</span> <span class='ocrx_word' id='word_1_208' title='bbox 1413 3193 1479 3251; x_wconf 89' lang='lat' dir='ltr'>et</span> <span class='ocrx_word' id='word_1_209' title='bbox 1524 3185 1768 3262; x_wconf 88' lang='lat' dir='ltr'>XXIV,</span> <span class='ocrx_word' id='word_1_210' title='bbox 1826 3190 1894 3264; x_wconf 88' lang='lat'>8,</span> <span class='ocrx_word' id='word_1_211' title='bbox 1958 3189 1986 3247; x_wconf 92' lang='lat'>1</span> <span class='ocrx_word' id='word_1_212' title='bbox 2037 3184 2370 3267; x_wconf 89' lang='lat' dir='ltr'>spernitur</span> <span class='ocrx_word' id='word_1_213' title='bbox 2415 3204 2695 3267; x_wconf 88' lang='lat' dir='ltr'>pacem</span> 
     </span>
     <span class='ocr_line' id='line_1_25' title="bbox 382 3289 2694 3374; baseline -0 -17"><span class='ocrx_word' id='word_1_214' title='bbox 382 3294 461 3357; x_wconf 92' lang='lat' dir='ltr'>in</span> <span class='ocrx_word' id='word_1_215' title='bbox 530 3294 861 3359; x_wconf 87' lang='lat' dir='ltr'>Italiam</span> <span class='ocrx_word' id='word_1_216' title='bbox 930 3330 1016 3339; x_wconf 93' lang='lat'>—-</span> <span class='ocrx_word' id='word_1_217' title='bbox 1073 3294 1594 3372; x_wconf 80' lang='lat' dir='ltr'>haberemuS,</span> <span class='ocrx_word' id='word_1_218' title='bbox 1675 3293 1906 3358; x_wconf 89' lang='lat' dir='ltr'>eodem</span> <span class='ocrx_word' id='word_1_219' title='bbox 1975 3313 2117 3374; x_wconf 88' lang='lat' dir='ltr'>cap.</span> <span class='ocrx_word' id='word_1_220' title='bbox 2180 3289 2213 3374; x_wconf 66' lang='grc' dir='ltr'>ξ</span> <span class='ocrx_word' id='word_1_221' title='bbox 2289 3295 2363 3354; x_wconf 88' lang='grc'>18</span> <span class='ocrx_word' id='word_1_222' title='bbox 2432 3298 2694 3356; x_wconf 87' lang='lat' dir='ltr'>tenetur</span> 
     </span>
     <span class='ocr_line' id='line_1_26' title="bbox 383 3400 2692 3485; baseline 0 -20"><span class='ocrx_word' id='word_1_223' title='bbox 383 3401 807 3466; x_wconf 88' lang='lat' dir='ltr'>stantibus</span> <span class='ocrx_word' id='word_1_224' title='bbox 876 3402 1107 3467; x_wconf 88' lang='lat' dir='ltr'>vobis</span> <span class='ocrx_word' id='word_1_225' title='bbox 1175 3404 1254 3466; x_wconf 88' lang='lat' dir='ltr'>in</span> <span class='ocrx_word' id='word_1_226' title='bbox 1321 3403 1597 3466; x_wconf 90' lang='lat' dir='ltr'>aciem.</span> <span class='ocrx_word' id='word_1_227' title='bbox 1713 3401 1937 3485; x_wconf 90' lang='lat' dir='ltr'>Neque</span> <span class='ocrx_word' id='word_1_228' title='bbox 2004 3401 2218 3464; x_wconf 89' lang='lat' dir='ltr'>minus</span> <span class='ocrx_word' id='word_1_229' title='bbox 2288 3401 2524 3465; x_wconf 89' lang='lat' dir='ltr'>vitiosa</span> <span class='ocrx_word' id='word_1_230' title='bbox 2581 3400 2692 3465; x_wconf 88' lang='lat' dir='ltr'>de-</span> 
     </span>
     <span class='ocr_line' id='line_1_27' title="bbox 381 3507 2695 3589; baseline 0 -16"><span class='ocrx_word' id='word_1_231' title='bbox 381 3510 621 3574; x_wconf 88' lang='lat' dir='ltr'>tractio</span> <span class='ocrx_word' id='word_1_232' title='bbox 690 3509 930 3574; x_wconf 82' lang='lat' dir='ltr'>litterae</span> <span class='ocrx_word' id='word_1_233' title='bbox 999 3516 1101 3575; x_wconf 83' lang='lat' dir='ltr'>est</span> <span class='ocrx_word' id='word_1_234' title='bbox 1165 3510 1230 3574; x_wconf 90' lang='lat' dir='ltr'>in</span> <span class='ocrx_word' id='word_1_235' title='bbox 1299 3509 1424 3575; x_wconf 91' lang='lat' dir='ltr'>hoc</span> <span class='ocrx_word' id='word_1_236' title='bbox 1485 3510 1656 3575; x_wconf 90' lang='lat' dir='ltr'>libro</span> <span class='ocrx_word' id='word_1_237' title='bbox 1717 3529 1770 3573; x_wconf 88' lang='lat' dir='ltr'>c.</span> <span class='ocrx_word' id='word_1_238' title='bbox 1817 3512 1930 3586; x_wconf 85' lang='grc'>48,</span> <span class='ocrx_word' id='word_1_239' title='bbox 2000 3513 2035 3571; x_wconf 88' lang='lat'><strong>3</strong></span> <span class='ocrx_word' id='word_1_240' title='bbox 2099 3507 2549 3589; x_wconf 87' lang='lat' dir='ltr'>(Luceriam</span> <span class='ocrx_word' id='word_1_241' title='bbox 2613 3509 2695 3573; x_wconf 90' lang='lat' dir='ltr'>in</span> 
     </span>
     <span class='ocr_line' id='line_1_28' title="bbox 380 3614 2695 3700; baseline 0 -21"><span class='ocrx_word' id='word_1_242' title='bbox 380 3616 682 3700; x_wconf 85' lang='lat' dir='ltr'>Apulia</span> <span class='ocrx_word' id='word_1_243' title='bbox 726 3617 1100 3700; x_wconf 87' lang='lat' dir='ltr'>legiones</span> <span class='ocrx_word' id='word_1_244' title='bbox 1148 3617 1467 3696; x_wconf 86' lang='lat' dir='ltr'>ducere)</span> <span class='ocrx_word' id='word_1_245' title='bbox 1515 3623 1632 3681; x_wconf 88' lang='lat' dir='ltr'>aut</span> <span class='ocrx_word' id='word_1_246' title='bbox 1675 3618 1741 3680; x_wconf 91' lang='lat' dir='ltr'>in</span> <span class='ocrx_word' id='word_1_247' title='bbox 1791 3616 2131 3699; x_wconf 88' lang='lat' dir='ltr'>superiore</span> <span class='ocrx_word' id='word_1_248' title='bbox 2177 3614 2442 3696; x_wconf 90' lang='lat' dir='ltr'>(XXII),</span> <span class='ocrx_word' id='word_1_249' title='bbox 2489 3621 2586 3694; x_wconf 82' lang='lat'>57,</span> <span class='ocrx_word' id='word_1_250' title='bbox 2637 3621 2695 3696; x_wconf 83' lang='lat'>6,</span> 
     </span>
     <span class='ocr_line' id='line_1_29' title="bbox 381 3723 2691 3790; baseline 0 -3"><span class='ocrx_word' id='word_1_251' title='bbox 381 3723 495 3788; x_wconf 91' lang='lat' dir='ltr'>ubi</span> <span class='ocrx_word' id='word_1_252' title='bbox 564 3730 743 3789; x_wconf 88' lang='lat' dir='ltr'>recte</span> <span class='ocrx_word' id='word_1_253' title='bbox 800 3724 1104 3790; x_wconf 89' lang='lat' dir='ltr'>Dukerus</span> <span class='ocrx_word' id='word_1_254' title='bbox 1174 3724 1372 3789; x_wconf 85' lang='lat' dir='ltr'>scribi</span> <span class='ocrx_word' id='word_1_255' title='bbox 1437 3724 1673 3789; x_wconf 88' lang='lat' dir='ltr'>voluit:</span> <span class='ocrx_word' id='word_1_256' title='bbox 1744 3723 1890 3789; x_wconf 87' lang='lat' dir='ltr'>sub</span> <span class='ocrx_word' id='word_1_257' title='bbox 1957 3731 2265 3789; x_wconf 87' lang='lat' dir='ltr'>terram</span> <span class='ocrx_word' id='word_1_258' title='bbox 2334 3725 2488 3788; x_wconf 84' lang='lat' dir='ltr'>vivi</span> <span class='ocrx_word' id='word_1_259' title='bbox 2558 3723 2691 3787; x_wconf 88' lang='lat' dir='ltr'>de-</span> 
     </span>
    </p>
   </div>
   <div class='ocr_carea' id='block_1_3' title="bbox 438 3997 2695 4496">
    <p class='ocr_par' dir='ltr' id='par_1_3' title="bbox 438 3997 2695 4496">
     <span class='ocr_line' id='line_1_30' title="bbox 438 3997 2695 4070; baseline 0 -17"><span class='ocrx_word' id='word_1_260' title='bbox 438 3998 489 4065; x_wconf 91' lang='lat'>¹)</span> <span class='ocrx_word' id='word_1_261' title='bbox 525 3997 595 4054; x_wconf 94' lang='lat' dir='ltr'>In</span> <span class='ocrx_word' id='word_1_262' title='bbox 632 4016 743 4054; x_wconf 90' lang='lat' dir='ltr'>uno</span> <span class='ocrx_word' id='word_1_263' title='bbox 783 4001 967 4069; x_wconf 87' lang='lat' dir='ltr'>capite</span> <span class='ocrx_word' id='word_1_264' title='bbox 1002 4002 1068 4055; x_wconf 88' lang='lat'>23</span> <span class='ocrx_word' id='word_1_265' title='bbox 1103 4001 1232 4054; x_wconf 90' lang='lat' dir='ltr'>libri</span> <span class='ocrx_word' id='word_1_266' title='bbox 1267 4000 1427 4054; x_wconf 82' lang='lat' dir='ltr'>xxn</span> <span class='ocrx_word' id='word_1_267' title='bbox 1464 4002 1696 4070; x_wconf 82' lang='lat' dir='ltr'>(ponam</span> <span class='ocrx_word' id='word_1_268' title='bbox 1733 4000 1882 4055; x_wconf 86' lang='lat' dir='ltr'>enim</span> <span class='ocrx_word' id='word_1_269' title='bbox 1919 4000 2172 4068; x_wconf 85' lang='lat' dir='ltr'>exempla</span> <span class='ocrx_word' id='word_1_270' title='bbox 2206 4016 2390 4068; x_wconf 89' lang='lat' dir='ltr'>pauca</span> <span class='ocrx_word' id='word_1_271' title='bbox 2427 4015 2559 4053; x_wconf 85' lang='lat' dir='ltr'>casu</span> <span class='ocrx_word' id='word_1_272' title='bbox 2595 4017 2695 4054; x_wconf 91' lang='lat' dir='ltr'>no·</span> 
     </span>
     <span class='ocr_line' id='line_1_31' title="bbox 517 4071 2692 4155; baseline 0 -17"><span class='ocrx_word' id='word_1_273' title='bbox 517 4085 660 4150; x_wconf 77' lang='lat' dir='ltr'>tata)</span> <span class='ocrx_word' id='word_1_274' title='bbox 699 4086 966 4139; x_wconf 84' lang='lat' dir='ltr'>scribitur</span> <span class='ocrx_word' id='word_1_275' title='bbox 1001 4084 1032 4155; x_wconf 69' lang='grc' dir='ltr'><strong>ξ</strong></span> <span class='ocrx_word' id='word_1_276' title='bbox 1069 4088 1102 4139; x_wconf 92' lang='grc'><strong>2</strong></span> <span class='ocrx_word' id='word_1_277' title='bbox 1136 4071 1529 4140; x_wconf 83' lang='lat' dir='ltr'>Hannibale</span> <span class='ocrx_word' id='word_1_278' title='bbox 1564 4101 1668 4154; x_wconf 84' lang='lat' dir='ltr'>pro</span> <span class='ocrx_word' id='word_1_279' title='bbox 1704 4085 2176 4151; x_wconf 87' lang='lat' dir='ltr'>Hannibalem,</span> <span class='ocrx_word' id='word_1_280' title='bbox 2217 4083 2248 4152; x_wconf 65' lang='grc' dir='ltr'><strong>ξ</strong></span> <span class='ocrx_word' id='word_1_281' title='bbox 2286 4088 2319 4137; x_wconf 87' lang='grc'>4</span> <span class='ocrx_word' id='word_1_282' title='bbox 2355 4102 2551 4138; x_wconf 86' lang='lat' dir='ltr'>unam</span> <span class='ocrx_word' id='word_1_283' title='bbox 2587 4101 2692 4153; x_wconf 85' lang='lat' dir='ltr'>pro</span> 
     </span>
     <span class='ocr_line' id='line_1_32' title="bbox 518 4169 2689 4240; baseline 0 -17"><span class='ocrx_word' id='word_1_284' title='bbox 518 4187 673 4236; x_wconf 85' lang='lat' dir='ltr'>una,</span> <span class='ocrx_word' id='word_1_285' title='bbox 723 4169 754 4238; x_wconf 65' lang='grc' dir='ltr'><em>ξ</em></span> <span class='ocrx_word' id='word_1_286' title='bbox 790 4173 824 4224; x_wconf 91' lang='grc'><strong>6</strong></span> <span class='ocrx_word' id='word_1_287' title='bbox 860 4171 931 4224; x_wconf 90' lang='lat' dir='ltr'>in</span> <span class='ocrx_word' id='word_1_288' title='bbox 965 4171 1189 4224; x_wconf 89' lang='lat' dir='ltr'>milite</span> <span class='ocrx_word' id='word_1_289' title='bbox 1224 4171 1433 4240; x_wconf 87' lang='lat' dir='ltr'>proin</span> <span class='ocrx_word' id='word_1_290' title='bbox 1468 4171 1792 4237; x_wconf 89' lang='lat' dir='ltr'>militem,</span> <span class='ocrx_word' id='word_1_291' title='bbox 1840 4171 1898 4223; x_wconf 88' lang='lat' dir='ltr'>in</span> <span class='ocrx_word' id='word_1_292' title='bbox 1936 4187 2054 4239; x_wconf 85' lang='lat' dir='ltr'>cap.</span> <span class='ocrx_word' id='word_1_293' title='bbox 2093 4171 2189 4236; x_wconf 90' lang='grc'>22,</span> <span class='ocrx_word' id='word_1_294' title='bbox 2240 4171 2303 4222; x_wconf 88' lang='grc'>16</span> <span class='ocrx_word' id='word_1_295' title='bbox 2340 4169 2551 4225; x_wconf 85' lang='lat' dir='ltr'>fidem</span> <span class='ocrx_word' id='word_1_296' title='bbox 2590 4185 2689 4223; x_wconf 89' lang='lat' dir='ltr'>ac-</span> 
     </span>
     <span class='ocr_line' id='line_1_33' title="bbox 519 4253 2688 4328; baseline -0.001 -18"><span class='ocrx_word' id='word_1_297' title='bbox 519 4260 719 4324; x_wconf 88' lang='lat' dir='ltr'>cepta</span> <span class='ocrx_word' id='word_1_298' title='bbox 756 4255 1092 4325; x_wconf 88' lang='lat' dir='ltr'>dataque,</span> <span class='ocrx_word' id='word_1_299' title='bbox 1146 4258 1208 4311; x_wconf 84' lang='lat'>18</span> <span class='ocrx_word' id='word_1_300' title='bbox 1243 4272 1363 4325; x_wconf 88' lang='lat' dir='ltr'>per</span> <span class='ocrx_word' id='word_1_301' title='bbox 1398 4255 1681 4309; x_wconf 89' lang='lat' dir='ltr'>eundem</span> <span class='ocrx_word' id='word_1_302' title='bbox 1721 4255 1982 4328; x_wconf 84' lang='lat' dir='ltr'>ordine3</span> <span class='ocrx_word' id='word_1_303' title='bbox 2029 4256 2086 4309; x_wconf 89' lang='lat' dir='ltr'>in</span> <span class='ocrx_word' id='word_1_304' title='bbox 2125 4253 2289 4322; x_wconf 89' lang='lat' dir='ltr'>XXI,</span> <span class='ocrx_word' id='word_1_305' title='bbox 2339 4257 2433 4322; x_wconf 83' lang='lat'>42,</span> <span class='ocrx_word' id='word_1_306' title='bbox 2490 4260 2511 4307; x_wconf 94' lang='grc'>1</span> <span class='ocrx_word' id='word_1_307' title='bbox 2554 4254 2688 4309; x_wconf 82' lang='lat' dir='ltr'>cir·</span> 
     </span>
     <span class='ocr_line' id='line_1_34' title="bbox 518 4339 2691 4411; baseline -0 -18"><span class='ocrx_word' id='word_1_308' title='bbox 518 4339 841 4395; x_wconf 87' lang='lat' dir='ltr'>cumdato</span> <span class='ocrx_word' id='word_1_309' title='bbox 892 4341 975 4395; x_wconf 87' lang='lat' dir='ltr'>ad</span> <span class='ocrx_word' id='word_1_310' title='bbox 1024 4341 1502 4411; x_wconf 86' lang='lat' dir='ltr'>spectaculum</span> <span class='ocrx_word' id='word_1_311' title='bbox 1549 4341 1949 4407; x_wconf 85' lang='lat' dir='ltr'>exercitum,</span> <span class='ocrx_word' id='word_1_312' title='bbox 1998 4356 2043 4393; x_wconf 92' lang='lat' dir='ltr'>c.</span> <span class='ocrx_word' id='word_1_313' title='bbox 2071 4343 2155 4406; x_wconf 83' lang='lat'>49,</span> <span class='ocrx_word' id='word_1_314' title='bbox 2192 4343 2226 4394; x_wconf 84' lang='grc'>8</span> <span class='ocrx_word' id='word_1_315' title='bbox 2265 4339 2691 4394; x_wconf 82' lang='lat' dir='ltr'>adventante</span> 
     </span>
     <span class='ocr_line' id='line_1_35' title="bbox 516 4425 2308 4496; baseline 0 -18"><span class='ocrx_word' id='word_1_316' title='bbox 516 4425 822 4479; x_wconf 87' lang='lat' dir='ltr'>hostium</span> <span class='ocrx_word' id='word_1_317' title='bbox 860 4427 1174 4496; x_wconf 84' lang='lat' dir='ltr'>classem,</span> <span class='ocrx_word' id='word_1_318' title='bbox 1214 4427 1273 4481; x_wconf 89' lang='lat' dir='ltr'>in</span> <span class='ocrx_word' id='word_1_319' title='bbox 1307 4425 1478 4494; x_wconf 85' lang='lat' dir='ltr'>XXV,</span> <span class='ocrx_word' id='word_1_320' title='bbox 1516 4427 1601 4493; x_wconf 84' lang='lat'>28,</span> <span class='ocrx_word' id='word_1_321' title='bbox 1640 4428 1671 4480; x_wconf 83' lang='lat'><strong>3</strong></span> <span class='ocrx_word' id='word_1_322' title='bbox 1710 4425 2308 4487; x_wconf 70' lang='lat' dir='ltr'>cum‚libertatem.</span> 
     </span>
    </p>
   </div>
  </div>
 </body>
</html>
