3230 5282
1513 627 1638 686 465
2368 638 2491 694 Lib.
2529 640 2726 696 XXXI.

403 816 722 888 casset,
792 808 1034 873 enixe'
1088 816 1238 888 cet.,
1310 808 1603 873 subiecto
1663 809 1730 873 in
1788 807 2010 892 priore
2072 811 2399 875 sententia
2454 811 2725 895 posito.)

414 915 549 982 Sed
609 938 881 1000 prorsus
940 918 1246 982 vitiosum
1304 923 1444 980 tum
1504 917 1575 980 ei
1634 936 1753 999 pro
1812 915 2003 996 sibi;
2071 917 2296 1000 itaque
2342 922 2721 988 necessario

416 1027 838 1092 scribendum
885 1032 1012 1089 est:
1085 1025 1150 1089 si
1213 1023 1405 1108 quid
1463 1023 1571 1086 cis
1622 1022 1916 1106 (legatis)
1966 1023 2061 1089 ad
2105 1025 2593 1091 firmandum
2644 1064 2718 1072 —

412 1156 742 1217 regnum
789 1155 988 1216 opus
1037 1153 1209 1196 esse
1257 1131 1743 1211 indicasset,
1791 1131 2028 1196 enixe
2076 1138 2198 1197 cet.

585 1241 744 1326 Cap.
797 1246 873 1305 16
921 1248 1082 1305 extr.
1133 1248 1200 1305 et
1248 1244 1326 1303 17
1371 1240 1512 1304 init.
1615 1238 1911 1305 Eodem
1955 1238 2336 1320 (Tenedum,
2384 1241 2496 1306 ubi
2541 1242 2717 1307 Rho·

405 1350 520 1415 dia
565 1350 798 1415 classis
845 1349 1097 1430 stabat)
1145 1356 1454 1432 postea,
1503 1367 1737 1428 quum
1774 1346 2126 1430 (Abydeni)
2173 1349 2325 1412 iam
2372 1351 2501 1413 vix
2547 1371 2714 1418 sus-

405 1459 776 1522 tinerent
820 1456 1361 1533 obsidionem,
1432 1461 1507 1519 et
1561 1455 1737 1538 ipse
1782 1454 2120 1520 Attalus
2178 1475 2411 1538 quum
2455 1460 2713 1523 traie-

393 1567 679 1644 cisset,
726 1585 941 1646 spem
984 1568 1298 1627 tantum
1344 1562 1639 1627 auxilii
1687 1584 1778 1627 ex
1816 1563 2286 1646 propinquo
2324 1567 2710 1646 ostendit,

401 1672 658 1754 neq'ue
718 1681 941 1736 terra
999 1691 1258 1752 neque
1319 1671 1516 1734 mari
1575 1670 1892 1735 adiutis
1952 1671 2228 1735 sociis.
2340 1673 2710 1756 Abydeni

401 1782 688 1864 primo,
746 1779 1182 1844 tormentis
1241 1800 1381 1860 per
1439 1799 1708 1841 muros
1756 1777 2226 1861 dispositis,
2283 1801 2437 1845 non
2483 1789 2710 1848 terra

400 1888 628 1953 modo
719 1887 1113 1951 adeuntes
1195 1885 1425 1950 aditu
1495 1885 1919 1964 arcebant,
2012 1885 2147 1950 sed
2219 1896 2340 1953 cet.
2452 1889 2705 1956 Ablati-

393 2017 511 2060 vos
589 1992 927 2059 absolutos
984 1993 1262 2075 perfecti
1315 1993 1632 2075 temporis
1691 2015 1730 2057 a
1785 1994 1966 2058 Livio
2029 1996 2186 2079 poni
2243 1997 2440 2062 etiam
2499 1998 2578 2062 de
2634 2021 2705 2064 re

297 2079 306 2094 „
395 2125 528 2167 non
586 2101 1031 2186 praecedente,
1099 2100 1213 2164 sed
1260 2101 1642 2183 primariam
1700 2103 2025 2167 actionem
2073 2105 2460 2182 comitante,
2529 2127 2702 2170 com·

391 2211 748 2274 memoravi
784 2209 884 2280 ,ad
933 2209 1007 2287 V,
1055 2215 1150 2286 ll,
1191 2214 1262 2289 23
1309 2229 1522 2291 neque
1570 2217 1787 2274 tamen
1836 2210 2037 2274 ullum
2085 2212 2225 2276 eius
2270 2211 2488 2276 locum
2536 2235 2700 2295 prae-

389 2325 494 2381 ter
550 2317 725 2382 hunc
786 2339 928 2382 esse
986 2325 1175 2399 puto,
1254 2316 1364 2380 ubi
1434 2339 1578 2382 cum
1649 2320 1998 2400 negatione
2071 2319 2519 2401 adiungantur
2585 2322 2699 2385 ab·

388 2425 573 2489 lativi
655 2425 977 2489 eiusmodi
1058 2424 1142 2488 ad
1225 2424 1757 2506 significandum,
1835 2447 1967 2489 non
2048 2434 2474 2491 consecutum
2554 2450 2697 2493 esse

390 2533 488 2606 id,
569 2532 743 2613 quod
823 2532 1196 2615 exspectari
1266 2533 1577 2613 potuerit.
1704 2532 1875 2595 Illud
1936 2540 2155 2598 tamen
2216 2535 2461 2599 certius
2519 2535 2697 2601 vide·
2800 2603 2815 2616 ,

385 2648 521 2721 tur,
601 2648 674 2705 ut
741 2662 913 2705 nunc
970 2639 1367 2704 describitur
1425 2641 1672 2717 oratic,
1754 2661 1883 2705 non
1945 2649 2121 2707 recte
2183 2646 2694 2726 commemorari,

380 2759 615 2815 terra
658 2770 789 2813 non
837 2747 1097 2812 adiutos
1143 2770 1183 2812 a
1229 2768 1381 2829 rege
1429 2748 1812 2831 Abydenos3
1869 2770 2023 2813 nam
2067 2748 2351 2830 TenedO,
2400 2772 2529 2832 quo
2576 2775 2691 2818 rex

379 2858 658 2923 navibus
716 2862 1013 2932 venerat,
1083 2862 1342 2919 tantum
1410 2857 1808 2919 maritimum
1877 2857 2192 2921 auxilium
2261 2859 2517 2923 ostendi
2574 2881 2691 2943 po·

379 2974 576 3030 terat.
680 2964 752 3026 ln
801 2963 853 3026 B
902 2964 1134 3027 ultima
1188 2961 1416 3026 littera
1461 2963 1644 3027 verbi
1691 2963 2009 3028 adiutis
2056 2985 2250 3028 erasa
2295 2973 2413 3029 est.
2516 2966 2687 3033 Puto

375 3075 472 3137 sic
521 3072 685 3135 Livii
743 3070 947 3134 verba
1003 3070 1353 3133 scribenda
1411 3077 1476 3134 et
1535 3072 2060 3153 interpungenda
2117 3093 2292 3137 esse:
2338 3108 2426 3117 —
2468 3096 2688 3157 spem

376 3187 696 3243 tantum
743 3178 1037 3242 auxilii
1087 3201 1175 3240 ex
1211 3178 1665 3260 propinquo
1703 3179 2087 3244 ostendit.
2157 3180 2431 3260 Neque
2466 3187 2688 3247 terra

373 3309 631 3367 neque
690 3286 896 3348 mari'
935 3286 1200 3349 adiuti
1248 3306 1288 3348 a
1335 3287 1580 3350 sociis
1629 3286 1991 3369 Abydeni
2040 3288 2294 3370 primo
2341 3295 2462 3353 cet.
2565 3288 2685 3355 Ce-

373 3402 587 3460 terum
624 3393 872 3470 dubim,
921 3414 1005 3456 an
1041 3393 1260 3455 Livius
1297 3418 1426 3460 non
1466 3395 1706 3459 dixerit
1755 3400 1972 3458 terra
2008 3394 2403 3461 adeuntes
2442 3397 2675 3464 aditu
2715 3415 2855 3484 (370)

371 3524 669 3580 arcere,
719 3522 921 3582 quum
967 3521 1239 3582 prorsus
1290 3497 1618 3563 sufficeret
1666 3497 2062 3566 adeuntes
2110 3524 2406 3570 arcere.

545 3610 700 3691 Cap.
755 3611 864 3685 17,
925 3614 992 3670 5:
1065 3606 1414 3691 (Abydeni)
1465 3614 1881 3672 matronas
1942 3633 2208 3674 omnes
2255 3613 2332 3675 in
2381 3615 2678 3697 templo

369 3719 665 3797 Dianae,
713 3736 1008 3797 pueros
1053 3750 1139 3758 —
1185 3717 1709 3798 virginesque
1752 3719 1960 3781 —in
2017 3720 2512 3801 gymnasium
2561 3724 2677 3786 in-

365 3826 591 3891 cludi
637 3822 1031 3887 iuberent.
1133 3823 1357 3887 Donec
1404 3823 1727 3901 didicerO,
1772 3836 1944 3908 ‘quae
1993 3827 2080 3890 sit
2124 3826 2256 3890 alia
2300 3828 2364 3890 in
2410 3829 2674 3911 tempIO,

363 3935 502 3999 alia
558 3934 625 3996 in
680 3929 1019 4013 gymnasio
1080 3937 1195 3993 aut
1250 3930 1382 3993 alia
1437 3939 1920 4011 matronarum,
1989 3934 2121 3998 alia
2180 3956 2533 4015 puerorum
2579 3937 2675 4000 in-

359 4040 593 4118 clusio,
641 4060 773 4102 non
818 4036 1082 4100 credam
1121 4036 1373 4101 Livium
1420 4038 1629 4102 eidem
1678 4041 2129 4123 praepositioni
2176 4043 2269 4104 sic
2306 4041 2406 4106 bis
2442 4042 2673 4108 eodem

359 4148 558 4213 modo
616 4146 848 4230 positae
907 4144 1199 4209 diversos
1261 4165 1453 4210 casus
1501 4147 1888 4227 subiecisse,
1959 4147 2506 4231 scribendumque
2551 4174 2668 4235 pu-

357 4257 520 4322 tabo
568 4253 809 4319 autin
852 4252 1237 4334 templum
1285 4260 1401 4317 aut
1447 4254 1522 4317 in
1569 4255 2005 4337 gymnasio.

533 4362 686 4445 Cap.
742 4364 847 4436 18,
906 4364 944 4421 4
992 4358 1131 4440 (ubi
1188 4359 1530 4444 Philippus
1586 4383 1700 4424 rex
1758 4363 1979 4445 legato
2040 4365 2337 4431 Romano
2397 4387 2665 4449 respon-

345 4473 532 4555 -det,):
615 4472 738 4533 sin
796 4465 1012 4531 bello
1071 4468 1521 4546 lacessitis,
1591 4469 1785 4533 mihi
1844 4492 2160 4553 quoque
2217 4474 2482 4538 animo
2543 4482 2666 4540 est

2136 4590 2206 4643 30

791 4808 898 4877 ,ι
1185 4792 1460 4863 Α

431 5026 704 5161 f*
1924 5138 2159 5165 ...-
