3230 5282
1424 600 1545 661 319
2271 610 2393 663 Lib.
2432 609 2634 663 xxm.

325 783 613 846 iunctivo
639 781 876 847 Hanno
922 783 1022 847 uti
1066 789 1290 866 potest
1327 784 1904 869 (respondeam,
1954 783 2018 847 si
2066 783 2242 866 quis
2281 788 2634 865 quaerat),

327 897 555 972 aperte
603 889 689 954 ad
737 890 1090 955 dicendum
1135 900 1559 973 provocatus,
1628 913 1840 976 neque
1898 891 2231 956 exhortari
2286 911 2368 969 se,
2400 891 2634 972 ipsum.

325 997 377 1061 P
432 1019 514 1062 m.
570 1002 597 1060 1
661 998 1220 1082 respondead3
1288 1007 1448 1084 puto
1516 1001 1784 1085 subesse
1850 1000 2066 1082 ipsum
2122 997 2633 1082 respondebo

326 1112 441 1169 aut
485 1105 963 1188 responde0,
1012 1107 1130 1171 sed
1172 1106 1454 1173 fortasse
1500 1108 1693 1174 simul
1737 1107 2008 1188 aliud.¹)

499 1212 659 1297 Cap.
728 1218 837 1292 17,
908 1219 963 1277 7.
1080 1214 1205 1279 Hic
1270 1216 1454 1281 locus
1522 1217 1589 1281 in
1659 1216 1998 1282 codicibus
2068 1213 2265 1295 (PCM
2315 1213 2491 1293 aliis)
2541 1214 2635 1283 sic

327 1321 665 1386 scribitur:
715 1321 1148 1402 Hannibal,
1184 1323 1512 1389 Acerris
1558 1325 1915 1408 direptis
1960 1329 2201 1406 atque
2245 1322 2632 1400 incensiS,

326 1451 557 1512 quum
618 1451 658 1494 a
714 1428 1010 1495 Casino
1082 1432 1580 1498 dictatorem
1627 1434 2056 1498 Romanum
2100 1429 2628 1513 legionesque

322 1538 561 1601 nimis
608 1538 886 1622 accipi
931 1540 1482 1617 nuntiassent,
1545 1562 1638 1604 ne
1685 1542 1887 1624 quis,
1943 1547 2104 1604 tam
2148 1538 2632 1622 propinquis

324 1645 684 1710 hostium
733 1647 1068 1725 castris,
1130 1644 1418 1731 Capuae
1467 1669 1785 1732 quoque
1832 1651 2442 1724 orerecurrunt,
2502 1666 2631 1710 ex-

325 1755 665 1818 ercitum
710 1754 805 1818 ad
853 1752 1313 1820 Casilinum
1360 1756 1599 1820 ducit.
1705 1757 1781 1820 In
1827 1756 2176 1839 postremis
2223 1755 2441 1838 potius
2486 1775 2630 1819 cum

322 1859 621 1928 Bekkero
669 1862 947 1927 alteram
993 1863 1304 1929 Gronovii
1352 1866 1798 1930 coniecturam
1844 1863 2243 1946 sequendam
2287 1869 2479 1946 puto:
2538 1884 2630 1927 ne

324 1970 547 2052 quid,
608 1977 769 2036 tam
817 1992 928 2053 pr.
974 1970 1035 2035 h.
1086 1992 1160 2049 c.‚
1209 1970 1492 2055 Capuae
1540 1992 1855 2055 quoque
1902 1978 2370 2048 moveretur,
2434 1992 2630 2053 quam

321 2078 640 2161 priorem,
711 2099 908 2162 quam
966 2100 1176 2161 nuper
1233 2079 1693 2162 praetulerunt:
1760 2101 1852 2143 ne
1911 2080 2090 2162 quis
2139 2115 2218 2123 —
2258 2085 2631 2143 oreretur

321 2194 601 2252 motus.
694 2185 823 2252 Sed
871 2188 1081 2252 maior
1126 2195 1226 2253 est
1269 2189 1337 2252 in
1384 2187 1836 2270 superioribus
1885 2187 2230 2265 dubitatio,
2276 2187 2343 2251 in
2388 2187 2623 2269 quibus
2660 2205 2803 2272 (262)

323 2294 481 2377 quid
542 2294 811 2360 subesse
872 2303 1101 2378 posset
1156 2296 1243 2361 ad
1298 2316 1434 2360 rem
1495 2303 1562 2361 et
1619 2295 1957 2360 Livianam
2012 2296 2459 2361 narrationem
2516 2317 2630 2379 ap-

319 2410 492 2480 tum,
550 2423 681 2467 non
742 2404 905 2467 satis
963 2403 1419 2469 considerasse
1464 2404 1627 2468 mihi
1671 2403 2004 2482 videntur,
2061 2404 2174 2485 qui
2219 2404 2630 2469 coniecturas

322 2517 690 2588 tentarunt3
774 2531 926 2575 nam
1006 2532 1218 2595 neque
1288 2511 1367 2575 de
1434 2513 1768 2576 arcessitis
1836 2511 2206 2594 legionibus
2274 2512 2631 2596 quidquam

324 2618 567 2684 dictum
637 2639 777 2684 8888
846 2620 1092 2704 potuit,
1173 2641 1375 2703 quum
1439 2619 1603 2685 nulli
1671 2619 2149 2703 significentur,
2230 2622 2343 2704 qui
2411 2643 2628 2687 arces·
2727 2646 2736 2655 ·

323 2728 582 2805 sierint,
650 2749 864 2811 neque
939 2728 1019 2792 de
1088 2729 1341 2793 eminus
1411 2730 1728 2812 aspectiS,
1798 2750 2000 2813 quum
2057 2728 2387 2793 Hannibal
2454 2730 2629 2794 inter

321 2833 611 2918 Capuam
670 2842 738 2901 et
792 2835 1187 2900 Vulturnum
1251 2836 1453 2901 suerit
1512 2837 1579 2900 in
1638 2836 2001 2901 meridiana
2058 2836 2363 2901 Vulturni
2418 2844 2626 2919 parte,

320 2940 632 3007 Casinum
698 2951 917 3008 autem
986 2945 1052 3008 in
1122 2944 1406 3024 VolsciS,
1489 2950 1638 3009 octo
1707 2943 2014 3008 milliaria
2081 2945 2475 3009 Germanica
2541 2945 2625 3009 ad

318 3053 836 3133 septentrionem
893 3073 934 3116 a
991 3050 1224 3135 Capua
1291 3051 1574 3130 distans,
1643 3053 1711 3115 in
1777 3052 2226 3116 Romanorum
2294 3057 2623 3134 potestate

314 3159 514 3223 fuerit
581 3159 759 3240 (nam
820 3159 1024 3224 Lirim
1081 3159 1415 3225 Hannibal
1482 3159 1609 3224 hoc
1669 3160 1844 3225 omni
1904 3165 2199 3242 tempore
2255 3166 2407 3241 post
2453 3157 2622 3223 Can-

316 3288 582 3332 nensem
639 3288 926 3350 pugnam
982 3288 1113 3332 non
1169 3276 1618 3349 transgressus
1679 3274 1811 3346 est,
1880 3288 1961 3331 ne
2018 3267 2104 3331 ad
2164 3288 2310 3332 eum
2358 3267 2623 3350 quidem

315 3375 655 3456 accessit),
722 3396 963 3457 neque,
1032 3377 1371 3442 nominato
1419 3373 1656 3440 Casino
1729 3375 1816 3440 ad
1883 3375 2379 3459 significandam
2437 3397 2620 3440 exer-

313 3483 480 3548 citus
541 3484 819 3548 Romani
890 3482 1113 3548 sedem
1192 3490 1618 3568 exspectatur
1695 3484 1865 3549 alius
1936 3485 2191 3569 oppidi,
2272 3507 2403 3568 quo
2472 3506 2621 3567 pro·

313 3593 660 3670 cesserint,
718 3613 956 3657 nomen
1024 3592 1133 3672 (de
1188 3594 1470 3675 receptis
1529 3593 1749 3675 aliquo
1798 3593 2039 3678 oppido
2086 3594 2397 3658 Romanis
2444 3595 2620 3676 cogi-

310 3700 443 3762 tari
500 3700 762 3767 omnino
819 3699 1100 3782 nequit).
1214 3699 1428 3765 Unum
1489 3701 1749 3766 videtur
1808 3701 2191 3783 significari,
2261 3701 2616 3766 Hannibali

308 3807 683 3872 nuntiatum
729 3829 898 3886 esse,
968 3810 1329 3873 exercitum
1378 3808 1753 3886 dictatoris,
1824 3810 1934 3891 qui
1981 3809 2064 3873 ad
2113 3808 2419 3874 Casinum
2468 3832 2619 3874 con-

307 3921 616 3997 gregatus
676 3924 850 3981 esset
870 3915 929 3997 2)
987 3917 1266 3981 necdum
1325 3916 1684 4001 quidquam
1730 3918 2068 3996 movisset,
2136 3919 2382 3981 moveri
2430 3939 2619 4001 coep-

367 4125 412 4190 ¹)
451 4125 583 4194 Cap.
641 4129 727 4192 14,
787 4129 849 4180 13
886 4126 1197 4179 tollendum
1242 4130 1328 4179 est
1375 4144 1502 4195 que
1550 4130 1828 4195 (perque
1880 4128 2160 4194 agrum);
2216 4144 2331 4180 non
2377 4137 2619 4195 possunt

447 4228 515 4263 ex
569 4227 731 4279 aequo
789 4211 1041 4280 copulari
1108 4212 1413 4266 traiecto
1477 4215 1661 4265 amni
1731 4217 1788 4264 et
1856 4228 1973 4279 per
2027 4228 2261 4279 agrum
2317 4212 2494 4268 hunc
2550 4221 2616 4268 et

443 4296 661 4349 illum.
734 4294 849 4363 [Sic
888 4295 1063 4364 Otto.]

361 4380 409 4446 ¹)
448 4379 712 4435 Proximo
768 4399 915 4435 anno
970 4382 1196 4451 longius
1257 4383 1425 4436 etiam
1478 4382 1550 4435 ad
1592 4382 1887 4436 meridiem
1937 4400 2127 4437 versus
2167 4384 2322 4438 Cales
2371 4387 2442 4439 ad
2488 4405 2615 4441 con-

444 4465 779 4520 veniendum
818 4466 938 4520 dies
978 4467 1219 4522 edicitur
1253 4467 1573 4536 legionibus
1612 4469 1860 4534 urbanis,
1899 4485 1943 4520 c.
1982 4471 2064 4534 31,
2104 4470 2150 4522 3.
