3230 5282
1693 622 1817 683 246

601 808 782 874 tione
829 808 956 872 orti
1002 806 1461 873 demonstrabo
1507 807 1575 872 in
1619 807 1730 872 lib.
1777 806 1984 888 XXII,
2034 811 2129 888 16,
2175 807 2263 889 4.)
2342 806 2620 873 Omnino
2664 811 2898 883 autem,

603 917 716 999 qui
769 922 949 982 recte
1009 921 1076 982 et
1121 917 1263 981 sine
1308 916 1778 1000 superstitione
1824 917 1924 980 uti
1971 917 2368 1001 optimorum
2414 914 2711 980 codicum
2734 933 2902 977 auc-

600 1025 873 1091 toritate
939 1024 1185 1105 volent,
1261 1024 1310 1088 ii
1376 1045 1416 1088 a
1485 1024 1761 1108 singulis
1824 1024 2019 1105 lociS,
2099 1025 2165 1089 in
2231 1024 2472 1108 quibus
2539 1022 2903 1101 dubitatur,

602 1135 892 1198 animum
957 1131 1202 1199 referre
1263 1133 1504 1199 debent
1557 1133 1887 1198 interdum
1944 1133 2030 1198 ad
2083 1139 2296 1199 totam
2352 1133 2533 1199 illam
2591 1131 2905 1198 orationis

600 1240 912 1323 formam,
972 1264 1116 1326 quae
1164 1243 1475 1307 continua
1518 1243 1586 1306 in
1633 1242 1968 1308 codicibus
2016 1241 2305 1323 offertur,
2359 1248 2435 1307 ut
2479 1240 2908 1320 meminerint,

436 1369 574 1438 (206)
612 1355 926 1433 quantum
974 1350 1217 1435 ubique
1254 1350 1546 1416 sordium
1585 1356 1652 1415 et
1685 1350 2001 1433 robiginis
2038 1351 2509 1435 detergendum
2544 1351 2649 1414 sit.
2716 1348 2911 1413 Velut

604 1460 782 1542 (nam
830 1459 1126 1544 exemplo
1172 1460 1272 1524 uti
1314 1458 1506 1541 libet)
1551 1460 1816 1524 initium
1858 1458 2013 1525 libri
2046 1459 2234 1524 XXII
2271 1459 2561 1542 (nequis
2597 1458 2912 1524 selectum

605 1568 898 1634 studiose
966 1566 1334 1651 exemplum
1401 1567 1617 1652 putet)
1685 1569 1753 1633 in
1821 1568 2049 1634 codice
2105 1568 2156 1632 P
2214 1569 2309 1632 sic
2376 1568 2714 1646 scribitur,
2783 1569 2909 1633 nisi

603 1677 781 1761 quod
823 1676 1025 1742 verba
1070 1698 1149 1741 ex
1193 1677 1505 1742 continua
1550 1677 1879 1761 scriptura
1924 1698 2158 1761 separo
2207 1683 2273 1741 et
2305 1678 2914 1761 interpunctionem

604 1786 805 1851 addo:
907 1786 1069 1850 Iam
1147 1807 1338 1850 vero
1421 1784 2049 1870 adpetebatque
2125 1783 2539 1850 Hannibal
2620 1806 2709 1849 ex
2788 1783 2913 1848 hi-

602 1894 881 1959 bernis
949 1894 1238 1959 metuit
1307 1899 1386 1958 et
1454 1915 1713 1976 neque
1771 1916 1860 1959 eo
1919 1895 2058 1979 qui
2113 1895 2266 1958 iam
2324 1899 2512 1958 ante
2568 1898 2913 1958 conatus

603 2002 1187 2068 transcendere
1232 2001 1793 2087 Appenninum
1849 2002 2402 2068 intolerandis
2448 2000 2914 2083 frigoribus

605 2117 682 2176 et
739 2132 909 2176 cum
966 2110 1285 2193 ingenti
1332 2111 1709 2194 periculo
1756 2116 2116 2176 moratus
2163 2131 2251 2175 ac
2294 2116 2523 2175 metu.
2626 2109 2911 2190 Gallis,

605 2240 804 2304 quos
885 2218 1164 2304 praedae
1241 2218 2039 2303 populationumque
2108 2220 2625 2284 consciverat
2692 2241 2911 2303 spes,

604 2333 1037 2412 postquam
1082 2349 1222 2411 pro
1271 2348 1393 2405 ec,
1450 2333 1538 2392 ut
1592 2327 1752 2411 ipsi
1812 2347 1903 2391 ex
1959 2327 2236 2392 alieno
2284 2348 2472 2410 agro
2518 2333 2912 2412 raperent

606 2440 1177 2519 acgerentque‚
1259 2456 1442 2500 suas
1522 2441 1792 2500 terras
1859 2435 2126 2501 sedem
2190 2434 2396 2500 belli
2466 2457 2642 2501 esse
2709 2458 2912 2521 prae-

604 2544 906 2627 miique
976 2544 1412 2627 utriusque
1479 2544 1745 2627 partis
1814 2545 2317 2609 exercituum
2372 2543 2736 2610 hibernis
2795 2544 2912 2609 vi-

606 2652 909 2733 derent,
964 2657 1399 2717 verterunt
1439 2659 1662 2719 retro
1709 2652 2258 2718 Hannibalem
2302 2653 2520 2734 odia;
2563 2674 2684 2719 nec
2730 2655 2913 2737 quic·

606 2781 803 2843 quam
862 2781 940 2824 ex
994 2758 1099 2824 his
1155 2760 1407 2825 mendis
1465 2761 1533 2825 in
1591 2763 1857 2845 optimis
1919 2761 2278 2827 secundum
2335 2760 2521 2826 illum
2578 2760 2914 2826 codicibus

605 2867 809 2950 (CM),
878 2890 919 2933 a
972 2870 1185 2953 prima
1251 2869 1513 2951 quidem
1577 2890 1805 2950 manu,
1875 2871 2122 2935 vitatur
2187 2876 2427 2954 praeter
2493 2876 2911 2952 acgerent,

607 2978 788 3062 quod
831 2979 899 3042 in
943 2978 994 3042 P
1038 2976 1251 3042 altera
1293 2998 1524 3041 manus
1572 2985 1963 3059 correxerat,
2013 2985 2078 3043 et
2121 2978 2446 3062 praemii.
2547 2977 2912 3042 Primorum

602 3084 948 3150 verborum
994 3086 1367 3152 emendatio
1416 3083 1605 3167 (Iam
1663 3107 1794 3151 ver
1839 3085 2319 3171 adpetebat3
2380 3088 2661 3168 itaque
2706 3086 2914 3152 Han-

599 3194 823 3259 nibal
890 3216 980 3259 ex
1034 3194 1400 3259 hibernis
1456 3193 1726 3275 movit)
1776 3194 1976 3259 Vallae
2023 3201 2089 3259 et
2130 3193 2503 3260 Woelfflino
2551 3193 2904 3275 debetur1)

603 3301 960 3386 (reperitur
1027 3304 1227 3367 etiam
1294 3307 1414 3366 aut
1478 3307 1623 3367 tota
1689 3309 1805 3367 aut
1872 3301 1957 3368 ex'
2019 3309 2210 3387 parte
2267 3303 2335 3366 in
2390 3323 2520 3366 uno
2578 3308 2646 3366 et
2699 3301 2913 3367 altero

605 3411 831 3476 codice
887 3410 1094 3475 Vallae
1161 3416 1422 3475 aetatem
1489 3433 1621 3476 non
1689 3418 2071 3496 superante3
2149 3432 2302 3475 nam
2374 3416 2440 3475 et
2504 3410 2787 3493 Poggius
2849 3414 2915 3474 et

610 3518 986 3583 Leonardus
1043 3525 1111 3583 et
1155 3517 1431 3583 Carolus
1476 3518 1733 3584 Aretini
1780 3541 2017 3603 quum
2063 3525 2129 3584 et
2173 3519 2417 3583 movit
2459 3519 2912 3598 restituerant,

608 3631 683 3690 ut
727 3632 1074 3710 appareat,
1142 3627 1316 3691 unde
1371 3626 1440 3691 hi
1496 3627 1755 3692 codices
1812 3626 2202 3713 pendeant),
2272 3625 2475 3691 Vallae
2535 3627 2733 3690 etiam
2778 3647 2913 3691 ne-

609 3735 1054 3817 quicquam.
1193 3735 1408 3800 Galli
1499 3742 1565 3801 et
1647 3737 2026 3801 viderunt
2105 3734 2252 3819 (pro
2332 3753 2460 3816 quo
2537 3732 2913 3798 viderent

606 3842 1177 3908 Weissenbornius
1254 3845 1557 3924 retinuit,
1636 3866 1792 3910 usus
1873 3843 2215 3928 exempli8‚
2297 3845 2361 3907 in
2430 3842 2666 3926 quibus
2733 3841 2912 3925 plus·

607 3950 1167 4036 quamperfectum
1234 3953 1627 4017 coniunctivi
1692 3953 1866 4037 apud
1933 3959 2359 4037 postquam
2417 3952 2777 4035 reperitur,
2847 3956 2912 4016 et

604 4059 768 4142 ipsis
828 4058 1017 4123 valde
1075 4059 1318 4142 dubiis)
1377 4060 1444 4123 in
1501 4060 1643 4125 cod.
1692 4058 1739 4123 C
1787 4060 2001 4125 altera
2043 4080 2273 4124 manus
2319 4060 2588 4143 scripsit
2630 4059 2912 4124 transie-

607 4174 890 4252 runtque
937 4170 1371 4233 correctiones
1417 4169 1485 4232 in
1531 4175 1819 4248 ceteros;
1868 4169 2338 4233 conciverat
2383 4174 2450 4232 et
2494 4169 2571 4232 in
2617 4166 2909 4232 Hanni-

606 4276 868 4343 balem
957 4278 1198 4359 ignotis
1286 4277 1727 4342 recentiorum
1806 4276 2103 4341 codicum
2185 4276 2719 4342 emendatoribus
2799 4275 2908 4339 de-

665 4508 710 4576 ι)
747 4509 907 4564 Valla
942 4510 1246 4580 scripserat
1283 4528 1483 4578 quum
1517 4510 1875 4576 Hannibal,
1914 4508 2263 4564 Woelfflinus
2301 4509 2539 4576 itaque
2576 4507 2836 4561 restituit.
