3230 5282
573 578 708 635 Lib.
742 579 836 634 1v.
1680 569 1803 629 114

582 752 684 817 als
763 750 968 817 Glanz
1043 751 1456 818 verleihende
1524 753 2096 836 Dienstleistung“
2114 804 2133 834 ,
2210 726 2626 838 apertissime
2692 753 2899 821 aliam

584 860 981 944 scripturam
1046 860 1290 925 invitus
1347 860 1763 944 sequitur.)¹)
1874 860 2007 927 Sed
2060 883 2145 927 ne
2200 861 2272 927 id
2327 862 2626 947 quidem,
2697 862 2897 947 quod,

579 970 804 1035 nescio
872 967 1058 1033 cuius
1127 969 1507 1035 coniectura
1571 977 1834 1050 natum,
1913 969 2109 1053 vulgo
2178 970 2559 1054 legebatur:
2638 971 2902 1054 magis

576 1076 1130 1143 necessariam
1185 1097 1419 1160 quam
1475 1078 1835 1161 speciosi
1879 1079 2338 1144 ministerii
2381 1081 2900 1164 procuratio-

580 1207 776 1265 nem,
840 1205 1066 1271 verum
1123 1204 1270 1249 esse
1323 1191 1575 1269 potest3
1644 1187 1742 1251 ita
1796 1187 1969 1251 enim
2027 1187 2389 1271 speciosi
2435 1187 2898 1253 ministerii

579 1294 882 1377 genetivo
939 1292 1053 1357 illo
1070 1342 1085 1373 ,
1167 1313 1362 1376 quem
1441 1293 1785 1377 qualitatis
1861 1294 2202 1379 appellare
2279 1295 2624 1361 brevitatis
2691 1317 2902 1361 causa

580 1402 882 1482 solemus,
929 1400 1185 1466 dicetur
1229 1401 1333 1483 (ut
1377 1403 1778 1469 contrarium
1824 1402 1914 1468 sit
1945 1404 2339 1469 necessariae
2374 1403 2896 1488 procurationi);

579 1518 682 1576 est
745 1517 967 1575 autem
1024 1516 1250 1594 aperte
1308 1511 1704 1591 obiectivus;
1770 1532 1925 1577 nam
1979 1517 2375 1594 procuratur
2431 1512 2893 1578 ministerium.

580 1617 754 1695 Quid
798 1619 1276 1700 requireretur,
1333 1618 1913 1685 Drakenborchius
1960 1619 2240 1685 obscure
2284 1621 2512 1699 sensit,
2567 1619 2701 1701 sed,
2757 1642 2900 1705 quo

578 1733 727 1792 erat
768 1728 1048 1810 ingenio,
1103 1746 1224 1791 nec
1268 1727 1605 1811 perspexit
1648 1748 1777 1793 nee
1813 1728 2057 1808 tenuit3
2124 1748 2278 1792 nam
2320 1727 2578 1811 magis
2622 1749 2813 1793 nece
2829 1751 2895 1794 s·

575 1837 882 1900 sariam
945 1834 1223 1900 mirifica
1287 1834 1584 1918 enallage
1641 1857 1763 1920 pro
1818 1837 2081 1919 magis
2140 1836 2597 1902 necessarii
2640 1836 2898 1901 dictum

576 1946 856 2028 putavit.
966 1943 1043 2007 Id
1096 1945 1312 2028 ipsum
1369 1944 1590 2009 Livius
1649 1944 2039 2027 scripserat:
2107 1945 2368 2027 magis
2439 1944 2899 2009 necessarii

577 2074 810 2137 quam
866 2051 1225 2136 speciosi
1281 2052 1742 2117 ministerii
1797 2053 2502 2136 procurationem3
2573 2052 2690 2118 sed
2735 2052 2895 2117 dor·

574 2163 822 2226 mitans
864 2160 1175 2226 librarius
1218 2160 1420 2225 verba
1465 2161 1558 2225 'sic
1593 2161 2017 2240 continuavit,
2058 2166 2316 2225 mutato
2351 2160 2659 2226 adiectivi
2696 2180 2894 2225 casu:

574 2270 686 2349 id,
752 2267 966 2353 quod
1029 2272 1193 2333 tum
1260 2274 1440 2333 erat
1505 2270 1767 2351 magis
1834 2268 2414 2334 necessarium.
2526 2269 2624 2333 De
2666 2268 2895 2333 mendi

573 2397 810 2460 genere
856 2376 991 2441 dixi
1033 2375 1101 2439 in
1146 2376 1482 2457 prooemio
1528 2399 1592 2461 p.
1644 2376 1818 2458 11.²)

436 2502 544 2570 (95)
755 2482 914 2568 Cap.
957 2488 1054 2561 12,
1103 2486 1172 2545 ¹7:
1217 2481 1467 2548 Unum
1512 2483 1727 2549 afuit
1768 2484 2077 2550 bellum
2121 2490 2574 2566 externum3
2621 2503 2771 2567 quo
2819 2485 2893 2549 si

573 2598 1037 2678 aggravatae
1082 2612 1213 2657 res
1260 2597 1559 2672 essent,
1617 2592 1749 2657 vix
1795 2613 1943 2677 ope
1990 2592 2326 2660 deorum
2372 2593 2723 2660 omnium
2766 2613 2892 2658 re-

572 2702 765 2768 sisti
822 2701 1098 2786 potuis
1119 2707 1259 2766 set.
1329 2702 1533 2766 Recte
1578 2700 1952 2768 Gronovius
1998 2702 2189 2767 sisti
2232 2700 2642 2786 requirebat3
2687 2700 2896 2766 aliter

629 2913 676 2978 ¹)
714 2909 943 2979 [Postea
976 2909 1099 2964 hoec
1134 2910 1358 2977 abiecit,
1394 2910 1509 2964 alia
1542 2911 1893 2980 excogitavit
1927 2928 2085 2980 seque
2121 2908 2336 2980 prava]
2388 2979 2399 2982 k

626 2995 676 3063 ²)
712 2996 953 3065 Propter
995 2997 1186 3051 mendi
1231 2997 1454 3066 generis
1497 2995 1676 3065 (quod
1718 3013 1892 3066 prava
1936 3013 2099 3051 casus
2146 2996 2218 3050 ad
2252 2995 2632 3066 praecedentia
2668 3011 2894 3051 accom-

708 3082 1033 3137 modatione
1068 3081 1408 3149 continetur)
1446 3086 1506 3136 et
1537 3087 1779 3151 propter
1813 3082 2225 3151 perversissimi
2261 3081 2669 3152 interpretandi
2705 3080 2888 3134 artifi-

710 3169 783 3223 cii
821 3168 1245 3222 similitudinem
1281 3168 1561 3237 attingam
1596 3168 1659 3221 in
1693 3173 2021 3223 transcursu
2056 3174 2373 3222 monstrum
2403 3167 2541 3221 illud
2569 3168 2894 3236 scripturoe,

709 3254 886 3321 quod,
932 3271 1104 3322 quum
1148 3255 1207 3307 in
1242 3253 1495 3308 editione
1530 3252 1892 3308 Frobeniana
1925 3269 1973 3307 a.
2016 3257 2146 3308 1531
2184 3255 2358 3308 tacite
2394 3253 2679 3307 sublatum
2715 3257 2891 3320 esset,

708 3356 742 3393 a
776 3338 1240 3394 Drakenborchio
1285 3339 1398 3392 iam
1443 3355 1607 3407 paene
1641 3340 1976 3408 probatum,
2022 3340 2094 3394 ab
2130 3338 2487 3393 Alschefskio
2526 3355 2558 3392 e
2593 3337 2894 3392 codicibus
3004 3356 3009 3361 ·

708 3424 1065 3491 restitutum,
1109 3424 1603 3478 Weissenbornius
1649 3429 1708 3478 et
1741 3424 2008 3480 Hertzius
2052 3429 2358 3479 tenuerunt
2392 3425 2451 3478 in
2487 3441 2534 3478 c.
2577 3426 2659 3490 13,
2702 3426 2759 3476 4:
2810 3422 2896 3477 id

707 3524 909 3561 unum
982 3508 1260 3578 dignum
1324 3512 1527 3562 tanto
1593 3516 1929 3580 apparatu
1995 3510 2456 3566 consiliorum
2522 3514 2591 3563 et
2653 3513 2889 3562 certa·

707 3593 981 3661 minum,
1036 3594 1217 3662 quod
1261 3594 1508 3662 ingens
1555 3596 2020 3650 exsudandum
2059 3599 2271 3663 esset,
2324 3596 2686 3665 praemium
2720 3594 2894 3648 fore.

707 3678 862 3732 Nihil
908 3680 1039 3733 dico
1085 3678 1156 3733 de
1209 3683 1551 3748 apparatu
1600 3680 2085 3747 certaminum3
2139 3682 2239 3736 sed
2282 3680 2637 3750 praemium
2682 3696 2891 3734 exsu-

710 3764 862 3817 dari
897 3763 1168 3830 admiror,
1223 3781 1392 3832 quum
1429 3764 1566 3818 alibi
1601 3765 1829 3819 labores
1866 3772 1924 3819 et
1958 3766 2267 3821 certamina
2301 3766 2666 3832 exsudentur,
2703 3770 2761 3818 et
2792 3765 2887 3818 in·

708 3850 1041 3917 terpositum
1076 3850 1352 3918 ingens,
1399 3850 1668 3918 quoniam
1701 3855 1829 3905 toto
1868 3852 2092 3905 demum
2126 3850 2428 3904 verborum
2461 3850 2703 3904 circuitu
2732 3866 2895 3919 mag-

707 3935 908 3989 nitudo
943 3937 1162 4005 praemii
1198 3935 1568 4005 significatur,
1624 3941 1683 3990 et
1726 3938 2046 4006 elegantem
2093 3935 2419 3990 mehercule
2453 3937 2754 3992 verborum
2790 3951 2888 3988 or·

710 4021 927 4075 dinem:
981 4022 1869 4091 dignum...certaminum,
1908 4021 2084 4091 quod
2127 4022 2380 4090 ingens
2417 4020 2892 4075 exsudandum

710 4107 825 4174 sit,
879 4108 1251 4176 praemium.
1342 4106 1419 4161 Et
1467 4107 1579 4163 hoc
1626 4108 1883 4162 homines
1929 4107 2278 4177 philologos,
2331 4122 2437 4160 nec
2472 4105 2893 4161 Alschefskium

708 4193 916 4259 solum,
969 4191 1207 4262 fingere,
1261 4193 1415 4261 quod
1463 4193 1727 4248 librarius
1779 4210 1885 4263 pro
1922 4197 2266 4262 apparatu
2320 4191 2772 4245 consiliorum
2820 4195 2895 4244 et

708 4280 1096 4332 certamine
1151 4279 1468 4333 dormitans
1515 4283 1575 4335 et
1613 4279 1933 4349 proximum
1978 4278 2302 4347 genetivum
2340 4293 2585 4346 sequens
2629 4281 2693 4330 et
2736 4291 2891 4329 cer·

708 4364 1035 4418 taminum
1071 4364 1388 4433 scripserit!
1464 4362 1671 4432 [Cessit
1704 4365 1797 4419 hic
1833 4369 2028 4418 tamen
2064 4363 2301 4418 veritati
2335 4362 2422 4415 W‘.
2457 4363 2713 4417 nondum
2748 4375 2892 4429 cog·

705 4450 828 4504 nita
862 4450 1075 4504 codicis
1110 4449 1453 4505 Veronensis
1491 4451 1854 4516 auctoritate,
1889 4450 1949 4503 in
1985 4464 2097 4516 quo
2135 4448 2505 4503 certamine
2541 4444 2844 4514 scribitur]
