3230 5282
1381 570 1504 632 225
2354 581 2496 636 Lib.
2532 580 2599 636 X.

304 762 374 821 et
435 754 891 821 cernebant
957 754 1494 821 adversarios
1562 774 1741 835 non,
1810 752 1890 818 id
1959 752 2173 836 quod
2230 751 2419 818 olim
2475 754 2602 818 vix

303 865 851 948 speraverint,
941 863 1468 929 adfectantes
1557 882 1891 945 magnos
1982 861 2370 941 honores,
2460 861 2601 926 sed

305 974 553 1038 omnia
619 973 808 1052 iam,
874 972 952 1036 in
1023 992 1361 1056 quorum
1429 991 1649 1054 spem
1716 969 2040 1035 dubiam
2098 974 2277 1035 erat
2335 974 2600 1035 certa-

299 1087 486 1160 tum,
551 1080 921 1164 adeptos.
1045 1079 1310 1145 Pondus
1384 1077 1705 1146 orationis
1763 1083 1869 1143 est
1933 1078 2000 1142 in
2059 1076 2598 1143 adfectantes.

300 1186 457 1254 Olim
500 1187 750 1273 plebeii
794 1190 903 1252 vix
949 1186 1285 1253 adfectare
1332 1207 1402 1253 se
1446 1187 1752 1265 honores,
1798 1184 1924 1251 hoc
1970 1190 2087 1265 est,
2122 1190 2350 1269 petere
2386 1204 2600 1268 posse,

300 1301 745 1379 speraverant3
792 1302 953 1360 tunc
997 1296 1131 1359 iam
1178 1295 1405 1379 adepti
1450 1294 1692 1376 erant.)

456 1402 616 1488 Cap.
665 1408 722 1484 7,
770 1407 808 1467 9
856 1410 923 1468 et
972 1406 1050 1467 10
1099 1402 1194 1485 (in
1238 1402 1308 1467 P.
1356 1402 1543 1468 Decii
1588 1400 1798 1476 Muris
1844 1401 2162 1481 oratione,
2211 1421 2344 1483 qua
2388 1400 2599 1482 legem

300 1509 640 1593 Ogulniam
699 1511 968 1593 suasit):
1039 1511 1166 1576 cui
1222 1509 1550 1576 deorum
1613 1509 2115 1574 hominumve
2182 1508 2600 1589 indignum

297 1619 544 1685 videri
590 1626 903 1705 potest,
962 1639 1095 1684 eos
1139 1618 1382 1698 virOS,
1443 1637 1640 1701 quos
1685 1638 1822 1682 vos
1870 1615 2106 1682 sellis
2153 1614 2602 1694 curulibus,

295 1732 472 1811 toga
517 1726 1583 1812 praetexta—honoraritis,
1622 1746 1957 1809 quorum
1991 1722 2264 1790 domos
2300 1722 2600 1807 spoliis

297 1833 644 1901 hostium
694 1834 999 1900 adfixis
1046 1834 1411 1917 insignes
1455 1833 1678 1898 inter
1724 1830 1929 1898 alias
1973 1830 2373 1910 feceritis,
2420 1850 2602 1914 pon-

295 1940 653 2008 tificalia
720 1948 967 2025 atque
1034 1942 1469 2025 auguralia
1533 1940 1892 2024 insignia
1957 1938 2362 2006 adiicere?
2451 1937 2603 2017 Qui

296 2048 494 2115 Iovis
570 2050 862 2134 optimi
927 2050 1250 2115 maximi
1295 2054 1595 2115 ornatu
1642 2047 2113 2128 decoratus,
2173 2067 2416 2112 curru
2461 2067 2601 2111 au-

296 2164 461 2223 rato
520 2177 668 2243 per
723 2157 1004 2222 urbem
1047 2162 1336 2222 vectus
1380 2157 1461 2221 in
1508 2153 2009 2240 Capitolium
2055 2154 2601 2243 adscenderit,

296 2264 358 2329 is
398 2266 968 2350 conspiciatur
1014 2265 1093 2346 (P
1137 2268 1260 2329 m.l
1312 2264 1878 2330 accenderitis
1936 2261 2376 2348 spiciatur)
2434 2282 2603 2327 cum

297 2373 577 2456 capide
658 2393 749 2438 ac
817 2373 1059 2452 lituo,
1139 2372 1410 2455 capite
1475 2371 1789 2452 velato,
1882 2371 2288 2437 victimam
2354 2369 2603 2436 caedet

297 2482 822 2563 auguriumve
879 2502 972 2546 ex
1016 2501 1201 2546 arce
1249 2480 1569 2565 capiet?
1631 2478 1878 2545 Cuius
1921 2479 2301 2563 imaginis
2348 2478 2601 2545 titulo

296 2589 770 2656 consulatus
827 2608 1343 2674 censuraque
1400 2594 1477 2655 et
1534 2586 1999 2673 triumphus
2059 2608 2283 2673 aequo
2341 2587 2602 2653 animo

296 2694 643 2782 legetur,
723 2697 792 2762 si
870 2703 1356 2781 auguratum
1425 2702 1565 2762 aut
1632 2695 2212 2782 pontificatum
2281 2695 2603 2762 adiece-

296 2805 502 2885 ritis,
571 2826 733 2870 non
789 2804 1329 2870 sustinebunt
1385 2804 1829 2888 legentium
1887 2804 2155 2869 oculi?
2219 2804 2277 2867 A
2323 2803 2604 2888 simplici

299 2919 358 2976 et
398 2919 634 2997 aperta
680 2914 1231 2996 interrogatione,
1299 2934 1431 2997 qua
1498 2911 1889 2978 adfirmatur
1954 2912 2199 2976 nemini
2265 2911 2604 2995 indignum

295 3020 490 3085 videri
545 3041 783 3106 posse,
852 3022 965 3103 qui
1021 3027 1244 3086 cetera
1300 3041 1553 3085 summa
1606 3020 1878 3086 honoris
1933 3020 2219 3103 insignia
2275 3021 2606 3085 consecuti

299 3127 445 3209 sint,
501 3128 711 3194 etiam
755 3128 1136 3193 sacerdotes
1179 3127 1357 3209 fieri,
1413 3148 1735 3212 perquam
1782 3126 1942 3192 dure
1988 3127 2091 3191 vel
2134 3128 2357 3211 potius
2401 3147 2604 3211 prave

300 3234 506 3301 subito
575 3236 910 3300 transitur
976 3235 1062 3300 ad
1127 3235 1476 3302 ironicam:
1567 3234 1719 3312 Qui
1770 3270 1859 3280 —
1902 3234 2468 3314 adscenderit,
2537 3236 2604 3300 is

300 3344 861 3428 conspiciatur
912 3342 1043 3405 —‘?
1110 3344 1475 3426 praesertim
1544 3343 1887 3428 praemissa
1944 3344 2273 3408 sententia
2327 3343 2606 3408 relativa

302 3445 466 3526 (Qui
509 3486 605 3497 —
650 3449 1234 3532 adscenderit),
1303 3472 1447 3534 quae
1513 3451 1740 3517 ironiae
1806 3458 2148 3534 repugnat.
2237 3451 2455 3534 Atque
2521 3449 2605 3515 ab

298 3552 412 3622 hac
474 3558 696 3625 ironia
750 3557 1008 3623 reditur
1064 3557 1150 3622 ad
1207 3558 1391 3623 illam
1445 3559 1734 3643 priorem
1789 3558 2240 3640 interrogandi
2295 3558 2602 3623 formam:

300 3683 444 3729 non
487 3666 1029 3731 sustinebunt
1072 3665 1524 3749 legentium
1569 3666 1830 3732 oculi?
1876 3666 2110 3750 Itaque
2155 3664 2606 3732 Alschefskius

302 3770 534 3855 aliique
555 3825 570 3854 ‚
634 3779 710 3839 ut
763 3773 889 3839 hoc
945 3774 1179 3838 saltem
1233 3773 1721 3839 incommodum
1776 3776 2125 3854 vitaretur,
2184 3774 2608 3858 arripuerunt

305 3879 539 3947 codicis
564 3881 1035 3965 Pscripturam
1079 3882 1211 3964 qui
1247 3881 1395 3965 (pro
1432 3881 1611 3964 non)
1651 3882 2190 3961 sustinebunt,
2239 3881 2405 3948 adeo
2453 3881 2607 3947 soli-

304 3988 565 4070 tariam,
629 3995 705 4054 ut
748 4010 831 4053 ne
875 3991 944 4054 in
986 3990 1068 4054 iis
1114 3989 1412 4073 quidem,
1471 3990 1584 4072 qui
1634 3988 1681 4053 Ρ
1726 3990 1912 4072 sequi
1970 3991 2211 4070 solent,
2270 3990 2606 4056 codicibus

307 4092 401 4175 (ut
439 4095 850 4183 Upsaliensi)
895 4097 1285 4180 reperiatur.
1373 4098 1607 4180 Itaque
1655 4096 1811 4162 olim
1857 4097 2057 4164 etiam
2099 4098 2385 4163 mediam
2427 4097 2609 4163 illam

306 4201 889 4289 interrogationem
945 4204 1031 4271 ad
1087 4205 1368 4271 eandem
1422 4205 1700 4270 formam
1754 4204 2051 4291 redigere
2108 4204 2471 4291 (praeeunte
2530 4227 2609 4271 ex

309 4318 484 4392 parte
529 4313 1094 4396 Weissenbornio)
1140 4314 1236 4379 ita
1281 4320 1557 4381 conatus
1602 4335 1776 4393 sum,
1834 4319 1910 4378 ut
1954 4319 2108 4379 ante
2154 4313 2608 4397 conspicia-

2085 4456 2149 4509 15
