3230 5282
1494 649 1531 710 3
1541 651 1570 710 1
1585 650 1613 708 l
2380 667 2502 721 Lib.
2540 668 2713 722 XXII.

398 851 658 913 neque
693 831 857 895 hiis
893 839 1276 898 sescenta
1311 832 1572 897 millia
1604 834 1886 900 hostes
1925 835 2359 918 obstitere)
2400 838 2711 904 efficitur:

401 957 662 1020 neque
707 936 833 1003 his
881 941 1309 1005 sexcentis
1355 940 1637 1006 hostes
1685 942 2110 1008 obstitere.
2180 945 2443 1011 Millia
2486 954 2713 1013 natum

401 1052 501 1110 est
557 1066 637 1109 ex
684 1048 1113 1128 praecedenti:
1183 1069 1275 1113 ex
1330 1048 1718 1114 millibus·
1764 1057 2092 1134 septem.
2211 1057 2372 1117 1862
2422 1060 2488 1118 et
2534 1057 2712 1139 apud

398 1153 918 1237 Ingerslevium.]
1040 1156 1246 1221 Paulo
1328 1156 1720 1241 exquisitior
1799 1158 2171 1224 emendatio
2240 1159 2545 1226 facienda
2612 1171 2714 1229 est

398 1260 435 1343 ξ
482 1265 595 1339 21,
653 1262 766 1326 ubi
812 1262 1020 1347 (quod
1068 1263 1152 1329 ad
1200 1284 1279 1329 ea
1324 1265 1582 1343 attinet,
1641 1265 1722 1329 de
1770 1265 2010 1348 quibus
2056 1267 2305 1349 agitur)
2352 1269 2443 1334 sic
2488 1271 2557 1334 in
2604 1291 2713 1335 co·

401 1368 660 1434 dicibus
708 1371 1054 1435 scribitur:
1102 1371 1323 1436 Nunc
1370 1378 1636 1437 autem
1681 1373 2347 1456 quemadmodum
2392 1376 2471 1441 hi
2515 1377 2710 1443 boni

398 1476 863 1559 fidelesque
933 1477 1135 1558 (nam
1205 1478 1468 1545 fortes
1535 1501 1628 1545 ne
1700 1481 1865 1562 ipsi
1934 1482 2252 1563 quidem
2321 1482 2708 1567 dixerint)

398 1587 615 1649 cives
663 1607 839 1650 esse
886 1588 1276 1670 possunt?
1323 1587 1499 1652 Nisi
1546 1588 1730 1671 quis
1776 1589 2106 1654 credere
2141 1596 2421 1673 potest
2454 1592 2707 1659 fuisse

399 1700 485 1758 ut
520 1695 1154 1776 erumpentibuS‚
1204 1695 1358 1776 qui,
1403 1716 1497 1759 ne
1534 1704 2061 1779 erumperent
2094 1697 2173 1779 (P
2210 1700 2706 1782 quinecrum-

400 1808 716 1884 petent,
776 1801 894 1866 CM
952 1804 1085 1886 qui
1141 1824 1284 1868 nec
1346 1805 1894 1886 erumperent)
1952 1799 2370 1871 obsistere
2429 1810 2706 1875 conati

398 1916 617 1988 sunt,
665 1915 805 1974 aut
849 1931 1008 1983 non
1055 1910 1422 1975 invidere
1472 1932 1607 1976 eos
1655 1933 1889 1995 quum
1934 1913 2500 1980 incolumitati
2547 1924 2707 1983 tum

400 2017 680 2100 gloriae
737 2017 1068 2082 illorum
1128 2039 1269 2102 per
1324 2020 1714 2084 virtutem
1771 2026 2052 2102 partae,
2123 2043 2358 2104 quum
2404 2024 2567 2089 sibi
2611 2027 2707 2090 ti·

397 2146 693 2190 morem
760 2127 1339 2209 ignaviamque
1414 2126 1851 2191 servitutis
1910 2128 2473 2210 ignominiosae
2532 2153 2706 2197 cau-

398 2255 562 2299 sam
622 2254 798 2298 esse
854 2234 1145 2299 sciant.
1258 2234 1347 2299 Ut
1403 2235 1739 2300 sententia
1792 2234 2021 2319 aliqua
2075 2258 2154 2301 ex
2209 2239 2383 2304 istis:
2450 2239 2706 2306 fuisse

398 2348 483 2406 ut
541 2341 1165 2425 erumpentibus
1223 2341 1601 2421 eliceretur‚
1670 2342 2242 2410 Weissenbornius
2301 2345 2482 2428 (nam
2540 2348 2705 2414 alio·

398 2471 543 2513 rum
589 2455 866 2514 conatus
915 2450 1180 2526 omitto,
1251 2471 1533 2532 quorum
1589 2451 1695 2513 vix
1752 2451 2105 2542 quisquam
2152 2452 2280 2518 sibi
2323 2456 2463 2537 ipse
2512 2457 2706 2522 satis-

399 2556 601 2638 fecit),
649 2577 848 2638 quum
883 2557 1282 2640 scripsisset:
1327 2556 1583 2621 fuisse
1619 2563 1780 2621 tum
1818 2561 2452 2643 erumpentibus,
2492 2562 2704 2627 audiri

399 2686 478 2730 ex
544 2665 995 2748 superioribus
1061 2664 1266 2730 voluit
1344 2665 1598 2731 bonos
1677 2665 2169 2752 fidelesque.
2297 2668 2426 2735 Sed
2493 2692 2703 2754 neque

394 2773 652 2838 fuisse
710 2773 882 2838 nude
941 2775 1036 2837 sic
1095 2772 1223 2837 dici
1281 2780 1501 2856 potest
1558 2772 1661 2853 (ut
1715 2775 1802 2838 sit
1857 2775 2071 2840 tales
2117 2776 2423 2858 fuisse),
2492 2800 2702 2862 neque

396 2881 646 2945 bonus
701 2879 1149 2963 fidelisque
1208 2882 1672 2964 erumpenti
1731 2882 2037 2947 Latinum
2096 2890 2225 2963 est,
2293 2905 2507 2968 neque
2568 2908 2704 2951 om·

396 2991 550 3054 nino
620 2988 1045 3072 praedicatum
1112 3010 1191 3053 ex
1256 2989 1595 3072 superiore
1654 2989 2172 3072 interrogatione
2231 2994 2398 3057 sumi
2456 2999 2700 3075 potest,

394 3104 799 3181 repugnante
853 3104 1000 3162 tota
1057 3097 1376 3163 orationis
1432 3096 1670 3178 figura,
1738 3116 1884 3179 quae
1941 3103 2169 3181 aperte
2212 3100 2537 3182 postulat,
2607 3108 2697 3180 ut,
2736 3113 2874 3181 (255)

395 3205 945 3288 quemadmodum
1011 3206 1078 3269 in
1146 3203 1357 3270 altero
1415 3203 1492 3268 fit
1545 3203 1837 3269 membro
1895 3204 2062 3285 (aut
2121 3228 2271 3271 non
2329 3208 2702 3274 invidere

399 3334 532 3377 eos
625 3334 858 3395 quum
948 3312 1520 3379 incolumitati
1600 3318 1766 3376 tum
1854 3312 2135 3394 gloriae
2178 3314 2541 3390 villorum
2619 3351 2705 3360 -

395 3443 629 3504 quum
675 3419 847 3503 cet.),
894 3427 1179 3504 ponatur
1225 3441 1343 3503 per
1387 3420 1665 3484 ironiam
1711 3418 1855 3501 (sed
1901 3423 1967 3485 in
2012 3421 2137 3486 hoc
2171 3423 2466 3488 membro
2506 3422 2705 3488 adfir-

395 3528 661 3609 mative)
708 3528 978 3610 aliquid,
1022 3529 1090 3591 in
1137 3549 1264 3609 quo
1307 3527 1425 3592 illa
1470 3527 1735 3592 bonitas
1783 3535 1849 3592 et
1882 3528 2047 3594 fides
2083 3536 2421 3613 appareat,
2469 3530 2705 3596 deinde

396 3636 464 3700 id
510 3637 754 3718 ipsum,
823 3635 1084 3700 adiecta
1140 3636 1471 3700 sententia
1526 3636 1834 3714 relativa,
1903 3635 2178 3702 tollatur
2234 3644 2302 3702 et
2349 3646 2704 3704 evertatur.

394 3742 844 3809 Certissimam
911 3743 1297 3808 medicinam
1366 3744 1653 3825 graviori
1709 3742 1994 3809 vulneris
2050 3747 2227 3828 parti
2284 3766 2419 3810 una
2476 3746 2708 3812 littera

395 3851 627 3917 addita
662 3852 946 3917 adferet:
994 3850 1165 3915 Nisi
1212 3851 1386 3933 quis
1424 3850 1758 3916 credere
1793 3856 2094 3934 potest,
2142 3853 2428 3917 favisse
2466 3875 2708 3919 erum-

399 3960 819 4043 pentibuS‚
902 3959 1066 4042 qui,
1143 3980 1235 4022 ne
1304 3965 1859 4042 erumperent,
1943 3960 2362 4026 obsistere
2432 3962 2708 4026 conati

396 4073 610 4146 sunt,
681 4073 820 4132 aut
886 4088 1037 4131 non
1104 4067 1476 4131 invidere
1545 4074 1670 4131 cet.
1792 4064 1890 4130 Ne
1958 4067 2121 4131 illud
2187 4069 2456 4149 quidem
2525 4069 2709 4134 credi

398 4195 589 4259 posse
634 4175 1010 4258 Torquatus
1057 4174 1245 4252 dicit,
1301 4174 1424 4239 hos
1470 4173 1786 4252 homines,
1847 4174 2022 4257 quod
2068 4175 2386 4240 bonorum
2437 4182 2504 4241 et
2547 4175 2708 4242 fide-

396 4281 559 4347 lium
626 4284 861 4347 civium
929 4282 1127 4347 fuerit
1192 4283 1438 4365 sitque,
1507 4283 1769 4348 etiamsi
1824 4304 1954 4348 non
2011 4283 2315 4362 fortium,
2383 4290 2499 4348 aut
2559 4290 2710 4350 vota

394 4388 631 4455 fecisse
677 4412 794 4474 pro
842 4390 1337 4473 erumpentibus
1383 4397 1450 4455 et
1493 4390 1735 4456 favisse
1778 4389 1937 4456 forti
1983 4391 2290 4470 consilio,
2351 4393 2536 4456 cuius
2582 4392 2708 4475 ipsi

398 4498 753 4580 participes
801 4519 947 4562 esse
993 4520 1122 4563 non
1170 4498 1509 4577 auderent,
1557 4506 1675 4563 aut
1705 4518 1878 4570 nunc
1912 4498 2365 4564 incolumitate
2401 4507 2469 4564 et
2499 4499 2711 4583 gloria
