3230 5282
1631 591 1756 650 458

541 781 794 853 recte,
852 774 1014 839 iuris
1061 774 1511 839 consultorum
1564 771 1914 837 formulam
1971 771 2057 837 ad
2113 772 2729 855 pervagatissimum
2783 781 2852 839 et

542 890 787 966 apertae
835 880 1330 963 significationis
1377 880 1780 946 adverbium.
1883 879 2176 959 XXXIV,
2235 885 2337 960 44,
2386 885 2442 961 6,
2486 902 2618 946 non
2662 902 2849 965 nego,

539 990 682 1055 fieri
761 990 1087 1073 potuisse,
1166 997 1269 1068 ut,
1350 1009 1512 1054 casu
1577 988 1924 1053 veritatem
1990 988 2321 1068 imitante,
2401 1008 2603 1069 quum
2666 987 2846 1053 ludi

541 1098 794 1163 votivi
876 1095 1292 1161 scribendum
1373 1103 1575 1174 esset,
1653 1096 1937 1179 primum
2015 1095 2344 1160 Romani
2424 1096 2845 1174 scriberetur,

541 1205 717 1289 quod
787 1225 1012 1270 eorum
1079 1205 1322 1267 mentio
1389 1203 1572 1268 brevi
1640 1209 1792 1266 ante
1860 1200 2042 1267 facta
2098 1210 2302 1282 esset,
2373 1209 2510 1268 tum
2567 1205 2843 1268 votivi.

538 1311 631 1375 Ac
690 1332 768 1375 ne
829 1309 1173 1375 deficiente
1232 1311 1495 1392 quidem
1556 1309 1797 1373 codicis
1841 1309 1908 1372 M
1954 1311 2328 1376 testimonio
2385 1311 2522 1375 ulla
2578 1312 2846 1376 minima

539 1427 641 1484 est
686 1438 915 1495 causa,
986 1439 1102 1483 cur
1157 1418 1334 1482 bona
1392 1424 1458 1481 et
1514 1419 1890 1482 necessaria
1943 1417 2145 1483 verba
2188 1420 2255 1482 in
2302 1420 2537 1483 ceteris
2583 1439 2843 1484 conser-

538 1534 692 1592 vata
771 1533 1045 1609 propter
1123 1546 1330 1589 vacua
1395 1525 1903 1606 Bambergensis
1984 1526 2204 1609 spatia
2268 1526 2337 1589 in
2405 1528 2841 1609 suspicionem

537 1640 884 1712 vocentur,
966 1633 1140 1715 quod
1213 1633 1788 1697 Weissenbornius
1870 1632 2028 1697 fecit
2093 1632 2319 1697 multis
2388 1632 2584 1711 lociS,
2665 1633 2844 1698 velut

538 1741 805 1818 XXXII,
860 1746 954 1817 17,
1005 1746 1114 1818 173
1169 1745 1264 1818 19,
1313 1749 1379 1818 73
1428 1743 1528 1819 21,
1577 1745 1644 1818 6,
1692 1744 1790 1812 26,
1841 1745 1876 1802 6
1925 1747 1991 1805 et
2036 1744 2093 1818 s,
2138 1733 2283 1820 al.)'

709 1849 864 1912 Haec
911 1870 1112 1930 quum
1157 1849 1253 1911 ita
1296 1849 1454 1925 sint,
1516 1849 1841 1928 sequitur,
1900 1854 1974 1911 ut
2018 1848 2147 1911 iam
2194 1867 2397 1930 supra
2442 1846 2595 1926 dixi,
2656 1856 2731 1912 ut
2775 1850 2841 1911 in

536 1957 643 2034 iis,
700 1977 877 2039 quae,
937 1976 1135 2036 quum
1191 1976 1308 2037 per
1367 1976 1436 2019 se
1485 1954 1681 2018 dubia
1732 1955 1892 2034 sint,
1950 1955 2344 2019 auctoritate
2390 1956 2597 2037 magis
2644 1977 2841 2039 quam

536 2064 941 2145 argumentis
989 2062 1444 2141 conficiuntur,
1492 2062 1916 2142 Moguntinus
1962 2061 2428 2144 Bambergensi
2475 2064 2840 2144 ceterisque

537 2169 982 2253 praeferendus
1029 2170 1145 2246 sit,
1205 2169 1413 2233 multo
1461 2170 1726 2251 quidem
1774 2172 2014 2251 magis,
2073 2170 2188 2233 ubi
2235 2192 2313 2234 ex
2360 2170 2505 2252 ipsa
2550 2192 2622 2235 re
2667 2191 2840 2234 com-

535 2278 866 2341 mendatio
914 2277 1203 2340 accedat.
1316 2277 1583 2358 Itaque,
1655 2291 1730 2340 ut
1785 2299 1862 2340 ex
1919 2278 2150 2341 iisdem
2196 2278 2498 2360 partibus
2545 2277 2841 2360 exempla

536 2405 900 2461 sumamus,
955 2392 1046 2447 et
1103 2384 1412 2463 XXXIV,
1482 2390 1593 2462 46,
1659 2391 1693 2447 7
1754 2384 1851 2449 ad
1906 2384 2411 2468 pugnandum
2483 2385 2837 2448 tenendum

534 2492 656 2555 fuit
718 2490 868 2572 (M),
928 2513 1056 2554 non
1115 2492 1208 2555 ad
1268 2513 1644 2575 pugnam,
1702 2492 1875 2573 quod
1933 2493 2333 2556 recentiores
2381 2513 2414 2556 e
2459 2490 2513 2554 B
2559 2491 2840 2574 vulgari-

534 2598 788 2682 busque
848 2605 1238 2681 posuerant,
1308 2605 1530 2680 0147,
1601 2605 1638 2664 6
1698 2601 1919 2665 circa
1983 2599 2279 2664 vallum
2349 2607 2666 2664 morata
2723 2606 2845 2664 est

536 2707 616 2788 (B
684 2709 898 2790 vulgg.
960 2710 1342 2790 perstitit
1410 2708 1504 2772 ad
1572 2706 2066 2788 vallum);'et
2132 2708 2403 2784 XXXV,
2474 2710 2546 2786 2,
2611 2713 2653 2770 4
2710 2727 2844 2772 sex

534 2814 800 2878 millia
861 2823 939 2880 et
985 2818 1477 2898 quingentos
1525 2815 1671 2897 (pro
1722 2815 2136 2896 ducentos)
2186 2823 2252 2880 et
2300 2818 2355 2891 3,
2405 2819 2441 2876 2
2491 2815 2843 2892 dixerat,

534 2925 713 3004 quod
781 2945 898 3006 per
955 2944 1022 2987 se
1081 2924 1323 2987 rectius
1382 2931 1510 2998 est,
1581 2922 1661 3001 (B
1710 2920 2106 3002 edixerat)
2154 2929 2220 2986 et
2268 2927 2303 2985 5
2352 2922 2846 2987 emittebant

535 3031 1033 3110 (mittebant)
1096 3038 1160 3093 et
1220 3039 1292 3107 (5,
1362 3038 1397 3091 9
1445 3053 1603 3093 non
1665 3030 2016 3093 deletum
2074 3028 2499 3113 (elapsum)
2559 3036 2625 3094 et
2672 3035 2735 3107 7,
2804 3035 2840 3091 2

533 3140 1026 3213 obruebant,
1098 3139 1267 3219 quod
1333 3143 1602 3221 propter
1658 3137 1927 3200 libero
1986 3137 2291 3215 fenore,
2363 3158 2509 3220 quae
2566 3136 2843 3200 libertas

532 3248 615 3311 ad
674 3247 1034 3311 creditores
1082 3247 1387 3326 pertinet,
1433 3266 1618 3327 paene
1667 3245 2108 3309 necessarium
2156 3251 2285 3322 est,
2355 3243 2840 3325 (obrueban-

532 3354 691 3434 tur)
740 3363 805 3418 et
855 3358 951 3429 11,
1006 3358 1079 3414 10
1126 3354 1342 3416 inter
1389 3352 1697 3416 medias
1744 3352 1910 3435 (per
1955 3350 2305 3429 medias).

703 3462 1027 3543 Apparet,
1097 3482 1289 3541 quam
1358 3459 1763 3524 incommode
1822 3460 2107 3535 accidat,
2179 3459 2354 3542 quod
2412 3460 2748 3523 meliorem
2807 3480 2840 3521 e

535 3569 790 3634 duobus
840 3568 1026 3631 bonis
1073 3568 1408 3632 codicibus
1455 3588 1689 3650 parum
1736 3567 1928 3648 plene
1973 3567 2300 3641 novimus,
2362 3573 2435 3630 ut
2480 3574 2546 3631 et
2592 3568 2844 3631 maiora

533 3698 662 3740 non
732 3695 947 3757 pauca
1018 3682 1082 3737 et
1153 3677 1407 3739 minora
1475 3676 1685 3738 multa
1751 3695 1869 3739 nos
1935 3671 2194 3755 fugiant
2250 3676 2633 3756 incertaque
2691 3674 2841 3751 sint,

533 3782 709 3846 velut
768 3803 911 3862 quae
969 3782 1051 3844 ad
1100 3783 1442 3847 verborum
1488 3783 1782 3845 ordinem
1830 3783 2186 3864 pertinent,
2257 3802 2402 3863 quae
2458 3803 2610 3845 raro
2669 3802 2840 3845 com-

533 3896 999 3963 memorantur,
1046 3890 1173 3952 nisi
1219 3911 1365 3953 cum
1413 3891 1544 3953 alia
1589 3891 1906 3953 varietate
1954 3890 2302 3953 coniuncta
2349 3896 2521 3953 sunt.
2604 3889 2838 3971 Itaque

534 4000 599 4061 in
649 3997 768 4062 hoc
814 4018 1050 4079 genere
1097 3996 1231 4060 fere
1278 3999 1330 4060 B
1380 3999 1746 4080 sequimur,
1816 3996 2073 4079 aliquot
2125 3998 2286 4061 locis
2334 3996 2428 4075 M,
2498 4017 2647 4060 cum
2703 4017 2837 4060 mo-

533 4106 703 4169 lesto
762 4105 1218 4181 inconstantia}
1274 4126 1488 4169 sensu.
1591 4104 1940 4168 Molestum
1985 4102 2149 4167 illud
2196 4102 2428 4182 etiam,
2488 4103 2664 4185 quod
2714 4104 2839 4167 Ge-

532 4213 744 4276 lenius
802 4233 930 4276 non
989 4212 1203 4277 solum
1259 4215 1324 4274 111
1381 4212 1749 4276 indicandis
1806 4212 2149 4294 scripturis
2199 4210 2632 4293 ambiguitate
2680 4231 2840 4294 qua-

533 4320 684 4383 dam
739 4319 1085 4383 verborum
1144 4318 1387 4397 effecit,
1456 4326 1528 4383 ut
1593 4317 1923 4383 interdum
1992 4340 2144 4383 suas
2215 4319 2625 4383 coniecturas
2682 4340 2834 4402 pro-

532 4426 758 4491 tulisse
803 4427 1042 4491 iniuria
1085 4433 1459 4509 putaretur,
1530 4426 1647 4491 sed
1707 4428 1771 4490 in
1828 4427 2113 4491 editione
2160 4425 2577 4491 Frobeniana
2630 4426 2844 4490 altera
