3230 5282
1485 618 1609 678 409
2291 629 2414 683 Lib.
2450 629 2702 684 XXVIII.

397 808 525 881 est,
593 801 708 866 sed
765 822 845 866 ea
902 802 1218 866 orationis
1274 801 1513 884 figura,
1581 822 1726 883 quae
1788 806 1890 864 est
1944 801 2013 864 in
2067 821 2221 865 non
2262 836 2349 846 —
2394 801 2563 881 sed,
2632 808 2707 868 ut

395 910 673 975 tollatur
737 909 922 992 prius
987 908 1378 973 vocabulum
1443 914 1782 992 tamquam
1849 929 2082 990 parum
2136 909 2235 972 rei
2293 911 2703 989 conveniens,

398 1017 482 1082 ab
543 1017 667 1081 hoo
722 1017 866 1081 loco
929 1016 1120 1099 plane
1177 1015 1395 1080 aliena
1453 1023 1582 1094 est,
1655 1015 1882 1080 addito
1949 1017 2314 1097 praesertim
2375 1017 2582 1080 omni
2641 1022 2707 1082 et

396 1125 593 1190 verbo
641 1123 1094 1206 (liberavit)
1140 1124 1397 1206 longius
1443 1125 1708 1202 reiect0,
1769 1144 1849 1187 ex
1894 1144 2024 1205 quo
2071 1122 2161 1201 fit,
2210 1130 2284 1188 ut
2329 1124 2706 1189 necessario

397 1231 642 1297 milites
687 1231 1158 1314 intellegantur
1201 1252 1332 1296 non
1377 1231 1549 1295 omni
1596 1239 1794 1309 metu,
1840 1229 1954 1295 sed
1999 1237 2189 1312 parte
2236 1231 2460 1314 aliqua
2493 1238 2705 1296 metus

396 1339 614 1404 levati.
725 1340 958 1423 Itaque
1026 1345 1142 1404 aut
1195 1360 1346 1403 oum
1400 1338 1854 1422 superioribus
1912 1337 2274 1402 editoribus
2334 1337 2707 1402 addendum

400 1446 713 1530 [fortasse
760 1468 794 1512 e
841 1445 978 1530 Sp.]
1026 1446 1256 1512 modo
1304 1451 1419 1511 aut
1466 1467 1544 1510 ex
1590 1446 1806 1510 omni
1852 1445 2224 1509 faciendum
2269 1445 2517 1510 mod0.

568 1553 724 1638 Cap.
772 1559 872 1634 27,
931 1559 998 1619 9:
1057 1555 1268 1618 fama
1323 1554 1609 1617 mortis
1668 1573 1850 1617 meae
1893 1587 1982 1597 —
2025 1559 2518 1636 exspectata
2564 1560 2704 1618 est.

398 1662 569 1727 Non
630 1661 842 1745 quod
902 1683 1044 1745 ego
1091 1661 1409 1743 vulgari
1457 1659 1778 1725 facinus
1822 1695 1908 1705 —
1954 1661 2187 1725 velim
2232 1667 2354 1724 eet.
2455 1660 2540 1724 P:
2588 1682 2708 1725 ex-

397 1774 737 1852 pectata
782 1774 907 1834 est
948 1790 1136 1834 vero
1185 1768 1397 1852 quod
1443 1788 1586 1850 ego
1636 1774 1778 1846 cet„
1837 1789 1871 1831 e
1918 1789 2045 1849 quo
2094 1767 2408 1832 efficitur:
2454 1803 2541 1813 ——
2586 1790 2707 1833 ex-

396 1881 776 1959 spectata
819 1882 959 1942 est.
1050 1875 1334 1941 Verum
1381 1874 1576 1956 quid
1624 1895 1767 1957 ego
1812 1909 1899 1919 —
1943 1875 2234 1940 velim?
2307 1876 2553 1957 (1863.)

569 1981 728 2066 Cap.
778 1987 891 2061 34,
951 1989 988 2046 9
1047 1981 1421 2047 Ceterum
1491 2002 1570 2046 se
1629 2003 1891 2064 neque
1949 2003 2171 2046 arma
2228 1984 2328 2048 iis
2386 1984 2707 2067 ademp-

396 2095 668 2154 turum
731 2089 1062 2174 (quippe
1120 2111 1211 2155 ea
1265 2090 1611 2173 pignora
1659 2090 2116 2180 timentium
2161 2090 2710 2155 rebellionem

401 2219 610 2278 esse,
671 2205 763 2263 'se
833 2197 1099 2262 libera
1164 2217 1381 2261 arma
1436 2197 1907 2280 relinquere
1966 2198 2442 2280 solutosque
2499 2204 2708 2262 metu

399 2305 736 2386 animos)
809 2326 1066 2386 neque
1139 2325 1216 2368 se
1275 2305 1350 2368 in
1408 2303 1746 2368 obsides
1803 2306 2181 2370 innoxios
2239 2341 2327 2351 —
2383 2307 2709 2371 saevitu-

397 2434 579 2477 rum.
672 2412 997 2490 Quoniam
1033 2397 1128 2476 'ad
1172 2411 1313 2476 haee
1357 2411 1558 2477 verba
1602 2434 1681 2476 ex
1726 2413 2130 2478 editionibus
2179 2415 2413 2497 primis
2459 2414 2711 2478 tradita

398 2520 753 2585 Rhenanus
819 2541 1020 2584 unum
1089 2518 1433 2584 adnotavit
1486 2520 1754 2585 libera
1810 2542 2031 2585 arma
2087 2521 2504 2590 scribendum
2563 2541 2709 2586 esse

404 2627 753 2711 (edebatur
811 2628 984 2693 enim
1040 2627 1363 2709 libere),
1432 2634 1705 2711 totaque
1782 2630 2100 2694 orationis
2161 2628 2373 2694 forma
2431 2636 2712 2712 perapta

404 2744 528 2817 est,
574 2737 682 2801 hie
727 2757 1006 2819 quoque,
1054 2757 1200 2819 quae
1244 2736 1311 2800 in
1355 2736 1406 2800 P
1453 2738 1850 2802 omittuntur
1896 2737 2007 2818 (se
2052 2758 2303 2818 neque
2351 2758 2564 2801 arma
2610 2737 2711 2801 iis

402 2846 1020 2928 adempturum),
1078 2844 1146 2907 in
1193 2841 1303 2927 Sp.
1351 2852 1612 2909 servata
1668 2843 1870 2909 fuisse
1917 2844 2316 2931 credendum
2362 2850 2467 2909 est
2514 2865 2711 2910 cona-

403 2960 661 3034 tusque,
718 2952 956 3034 quibus
1014 2957 1080 3016 et
1140 2971 1259 3032 ego
1322 2957 1391 3016 et
1445 2951 1558 3016 alii
1614 2973 1825 3035 nuper
1882 2973 1915 3016 e
1974 2952 2219 3016 codicis
2280 2952 2330 3015 P
2381 2953 2713 3034 scriptura

400 3081 624 3125 verum
669 3058 926 3123 efficere
972 3058 1378 3138 studuimus,
1436 3058 1760 3124 oblivione
1807 3060 2252 3125 oblitterandi
2360 3059 2446 3123 Et
2492 3066 2711 3123 tamen

401 3167 649 3231 residet
691 3167 997 3231 mendum
1043 3167 1110 3231 in
1154 3165 1287 3230 his:
1357 3165 1624 3230 libera
1667 3187 1890 3230 arma
1936 3166 2014 3247 (P
2061 3167 2395 3231 tiberim
2444 3168 2712 3248 arma),

403 3274 711 3357 quoniam
756 3275 822 3338 in
867 3273 1037 3339 hane
1083 3274 1510 3353 sententiam,
1569 3294 1703 3354 qua
1745 3275 1917 3338 ratio
1963 3273 2294 3353 redditur,
2356 3296 2473 3338 our
2523 3295 2713 3339 arma

405 3381 623 3465 Scipio
692 3402 821 3446 non
881 3382 1159 3460 adimat,
1229 3380 1472 3453 includi
1541 3388 1858 3463 tanquam
1925 3382 2207 3446 aliorum
2266 3383 2513 3447 rationi
2564 3404 2714 3446 oon-

400 3469 675 3554 trarium
731 3509 861 3554 non
919 3495 1140 3572 potest
1184 3509 1263 3553 se
1311 3509 1529 3553 arma
1572 3488 2061 3571 relinquere,
2112 3490 2286 3572 quod
2331 3491 2546 3574 ipsum
2596 3496 2712 3571 est,

403 3598 589 3661 euius
644 3598 816 3661 ratio
873 3596 1203 3674 redditur;
1274 3617 1394 3661 nee
1451 3596 1664 3660 libera
1722 3617 1905 3661 arma
1963 3599 2209 3681 optime
2270 3618 2419 3662 oum
2479 3599 2713 3664 solutis

401 3711 582 3769 metu
627 3705 862 3768 animis
909 3705 1411 3786 coniunguntur.
1516 3701 1688 3779 Quid
1749 3704 1967 3768 subsit
2022 3705 2349 3770 vocabulo
2409 3706 2477 3769 in
2534 3712 2713 3770 utro-

404 3833 531 3894 que
578 3811 801 3876 codice
847 3811 1126 3894 script0‚
1188 3810 1450 3875 difficile
1509 3817 1610 3874 est
1671 3810 1869 3875 dictu.
1985 3811 2213 3876 Potuit
2257 3833 2400 3877 esse
2446 3812 2715 3877 libera

403 3919 676 3983 omnia
720 3918 1212 4003 relinquere.
1304 3915 1550 3998 (1876.)

476 4060 486 4069 ·
575 4025 731 4110 Cap.
778 4030 879 4105 40,
927 4031 963 4090 5
1011 4025 1108 4106 (in
1154 4024 1228 4102 Q.
1276 4025 1466 4090 Fabii
1509 4025 1779 4090 Maximi
1826 4027 2123 4092 oratione
2171 4033 2404 4093 contra
2451 4026 2701 4110 Scipio·
2738 4042 2884 4113 (335)

401 4154 553 4197 nem
576 4133 860 4197 Africam
895 4134 1296 4217 provinciam
1331 4139 1521 4197 extra
1554 4140 1797 4198 sortem
1834 4133 2338 4217 postulantem):
2388 4135 2712 4215 Deinde,

405 4240 473 4304 si
543 4246 666 4304 est
735 4240 946 4321 (certa
1012 4242 1141 4306 iam
1201 4242 1542 4324 provincia
1599 4241 1887 4305 consulis
1946 4240 2226 4323 Africa),
2296 4243 2714 4307 consulem

401 4367 750 4430 peceare
798 4348 1196 4427 arbitror,
1264 4349 1402 4431 qui
1464 4349 1555 4413 de
1613 4370 1696 4413 re
1755 4354 2191 4413 transacta
2246 4349 2711 4413 simulando

406 4475 488 4519 se
534 4453 857 4519 referre
905 4462 1276 4520 senatum
1321 4455 1686 4521 ludibrio
1731 4455 1994 4535 habet,
2050 4478 2202 4521 non
2249 4462 2712 4520 senatorem
