3230 5282
1388 565 1507 627 641
2268 573 2392 630 Lib.
2429 574 2602 630 XLII.

477 753 634 837 Cap.
685 756 786 834 37,
845 756 915 818 2:
983 750 1404 817 Decimius
1470 750 1768 816 missus
1837 742 1973 815 est'
2030 748 2127 815 ad
2195 746 2603 826 Gentium,

299 882 569 946 regem
613 855 1107 946 Illyriorum,
1156 879 1382 941 quem
1429 859 1498 924 si
1531 858 1890 942 aliquem
1921 863 2381 941 respectum
2426 856 2606 921 ami-

299 970 518 1035 citiae
543 977 714 1036 eu'm
738 968 1086 1054 [Vahlenio
1110 973 1281 1033 teste
1306 967 1446 1033 cod.
1474 964 1670 1050 cum]
1695 959 1847 1032 h'ab
1864 987 1991 1031 ere
2029 973 2421 1047 cerneret,
2443 971 2606 1031 ten-

301 1084 481 1145 tare
530 1084 670 1144 aut
714 1078 957 1144 etiam
1003 1077 1100 1144 ad
1134 1074 1338 1143 belli
1375 1075 1860 1142 societatem
1895 1073 2295 1159 perlicere
2330 1074 2607 1140 iussus

299 1186 477 1269 (cod.
523 1192 970 1271 temptaret
1012 1192 1099 1251 ut
1145 1177 1389 1251 etiam
1453 1219 1540 1229 —
1597 1184 2076 1267 perliceret,
2131 1203 2262 1247 non
2307 1203 2486 1261 rar0,
2531 1189 2608 1247 ut

303 1315 506 1380 supra
530 1295 683 1376 dixi,
710 1316 946 1376 errore,
969 1293 1335 1379 praesertim
1356 1299 1504 1377 post
1527 1313 1562 1358 c
1580 1314 1614 1359 e
1629 1312 1858 1358 rnere
1873 1291 1949 1373 t).
1981 1290 2293 1392 Peryerse
2316 1289 2455 1356 haec
2478 1289 2609 1355 dici

296 1403 681 1469 Perizonius
705 1403 931 1469 sensit.
999 1401 1168 1467 Nam
1190 1419 1401 1484 neque
1439 1400 1617 1486 (que
1633 1423 1698 1466 m
1730 1398 1843 1484 —)
1882 1400 2003 1466 ius
2019 1422 2047 1465 s
2064 1421 2152 1465 us
2174 1421 2295 1484 pro
2331 1399 2411 1464 iu
2430 1419 2607 1464 ssus

303 1517 426 1577 est
470 1512 679 1595 accipi
722 1518 944 1595 potest
985 1531 1217 1594 neque,
1287 1509 1545 1575 etiamsi
1605 1508 1889 1575 addatur
1955 1530 1989 1573 e
2004 1514 2105 1590 st,
2173 1514 2332 1592 apta
2388 1513 2488 1573 est
2540 1507 2611 1572 in

297 1619 579 1686 consilio
627 1618 1055 1703 significando
1101 1617 1381 1685 relativa
1435 1616 1576 1684 haec
1636 1618 1982 1684 sententia.
2073 1615 2462 1682 Tollendum
2510 1621 2611 1681 est

301 1749 404 1811 qu
422 1750 456 1794 e
472 1750 537 1793 m
606 1735 722 1793 aut
788 1750 868 1793 ex
914 1728 1141 1820 aliqu
1158 1748 1273 1793 em
1337 1746 1558 1792 errore
1607 1732 1823 1791 ortum
1866 1730 2001 1805 aut,
2048 1745 2249 1809 quum
2294 1724 2609 1790 orationis

299 1843 645 1903 structura
708 1857 840 1902 non
906 1835 1396 1919 intellegeretur
1411 1885 1425 1914 ,
1483 1834 1817 1900 additum:
1865 1833 1942 1898 D.
2001 1855 2065 1897 m
2081 1834 2105 1898 i
2122 1855 2151 1898 s
2167 1855 2197 1898 s
2212 1854 2299 1899 us
2346 1855 2380 1898 e
2396 1839 2468 1899 st
2511 1853 2551 1897 a
2570 1832 2613 1898 d

306 1944 700 2026 Gentium,
752 1979 850 2025 —,
900 1945 971 2010 si
1017 1980 1102 1989 —
1146 1949 1556 2023 cerneret,
1577 1927 1924 2009 ⁹tentare
1968 1976 2055 1986 —-
2098 1942 2390 2006 iussus.
2482 1939 2613 2007 Sed

303 2052 499 2118 aliud
565 2059 887 2136 praeterea
955 2052 1228 2118 subesse
1294 2051 1602 2117 mendum
1671 2050 1946 2115 videtur.
2049 2050 2218 2115 Nam
2284 2057 2359 2115 te
2374 2072 2417 2114 n
2433 2057 2562 2115 tar
2578 2070 2612 2115 e

300 2161 501 2227 nimis
544 2159 797 2226 infinite
844 2161 1125 2245 ponitur,
1169 2180 1289 2225 nec
1332 2159 1760 2243 intellegitur,
1807 2159 1894 2225 ad
1938 2179 2133 2241 quam
2177 2178 2317 2224 rem
2347 2164 2610 2224 tentan-

299 2269 432 2335 dus
480 2269 755 2336 Gentius
800 2269 1014 2350 fuerit,
1063 2268 1374 2353 quoniam
1418 2267 1576 2334 belli
1624 2268 1907 2333 societas
1954 2266 2037 2332 ab
2082 2264 2208 2331 hac
2239 2267 2603 2332 tentatione
2642 2282 2783 2352 (530)

302 2386 676 2462 separatur,
714 2385 831 2444 aut
866 2378 1011 2461 quis
1035 2377 1104 2442 in
1140 2377 1383 2443 etiam
1419 2374 1832 2460 significetur
1855 2395 2186 2441 ascensus.
2236 2372 2331 2456 (Si
2371 2376 2517 2459 quis
2552 2375 2618 2440 si

299 2486 779 2570 interrogative
806 2486 1103 2570 accipere
1130 2492 1196 2551 et
1219 2506 1366 2551 cum
1401 2492 1676 2551 tentar
1693 2505 1727 2549 e
1764 2485 2156 2567 coniungere
2181 2489 2471 2565 conetur,
2502 2483 2617 2548 ob-

305 2602 445 2662 stet
490 2601 895 2676 cerneret3
931 2614 1205 2679 pravum
1244 2600 1342 2661 est
1375 2595 1575 2661 enim:
1626 2600 1888 2674 tent0,
1937 2593 2004 2659 si
2040 2590 2233 2676 (ipse)
2269 2614 2617 2677 cernam3

307 2710 581 2789 poterat
627 2704 785 2769 dici:
837 2704 908 2769 si
941 2702 1212 2787 alique
1232 2726 1297 2768 m
1333 2704 1725 2769 amicitiae
1758 2711 2221 2790 respectum
2254 2705 2617 2785 haberet,

305 2812 698 2893 tentare.)
789 2812 1020 2896 Itaque
1057 2812 1475 2878 scribendum
1510 2819 1704 2896 puto:
1752 2820 2139 2878 retentare
2185 2821 2319 2880 aut
2366 2814 2621 2879 etiam

309 2920 415 2986 ad
480 2920 683 2986 belli
752 2922 1236 2986 societatem
1299 2920 1709 3004 perlicere
1774 2922 2002 2988 iussu
2022 2944 2072 2987 s.
2173 2923 2344 2988 Ante
2402 2921 2622 2986 omnia

311 3030 649 3096 Decimius
694 3036 1025 3095 retentare
1073 3028 1383 3093 Gentium
1402 3079 1417 3108 ,
1485 3049 1566 3094 ne
1612 3028 1854 3095 Persea
1906 3031 1975 3095 in
2020 3051 2173 3096 suas
2216 3037 2440 3115 partes
2486 3036 2621 3095 tra-

308 3138 580 3204 hentem
646 3145 1030 3223 sequeretur
1047 3188 1061 3217 ‚
1127 3136 1486 3202 iubebatur
1501 3188 1516 3218 ‚
1586 3136 1854 3219 deinde,
1903 3138 1958 3204 si
2002 3145 2245 3222 posset,
2292 3139 2491 3203 etiam
2537 3137 2624 3203 ad

313 3246 479 3313 belli
523 3247 903 3312 societatem
949 3245 1285 3330 perlicere.
1375 3245 1712 3311 Facillime
1758 3252 1913 3330 post
1957 3268 1992 3311 c
2009 3267 2148 3311 ern
2163 3267 2292 3313 ere
2308 3253 2337 3313 t
2383 3245 2625 3311 excidit

312 3378 352 3420 r
368 3376 403 3421 e
452 3363 603 3422 ante
647 3364 687 3421 ι.
756 3352 1153 3420 Retentandi
1187 3353 1387 3420 verbo
1435 3354 1657 3419 Livius
1696 3354 1895 3419 etiam
1928 3353 2007 3436 X,
2057 3359 2113 3434 5,
2154 3359 2189 3420 3
2224 3376 2383 3421 usus
2428 3354 2623 3439 est.¹)
2688 3407 2697 3415 .

460 3586 673 3655 parari,
729 3603 855 3656 quae
904 3592 1061 3641 extra
1093 3585 1316 3640 Italiam
1363 3603 1480 3640 non
1527 3590 1684 3642 certo
1729 3592 2009 3658 tempore,
2066 3586 2167 3643 sed
2199 3586 2475 3641 bellorum
2498 3582 2626 3641 ‘diu-

459 3671 728 3726 turnitate
763 3671 1074 3726 finirentur.
1147 3669 1492 3740 Quamquam
1527 3689 1645 3726 non
1683 3671 1984 3727 admodum
2033 3673 2222 3742 placet
2266 3672 2625 3743 stipendia

463 3754 582 3825 (ea)
620 3756 878 3824 facere,
932 3773 1075 3826 quae
1129 3757 1444 3826 legiones
1496 3764 1823 3813 mereant.
1896 3756 2203 3827 [Fortassez
2258 3759 2363 3813 bis
2416 3760 2625 3828 iniis,

464 3858 606 3910 quae
644 3859 879 3898 annuae
916 3843 1280 3897 merebant
1311 3842 1654 3912 legiones,
1693 3843 1847 3912 stip.
1884 3843 1920 3898 f.
1979 3843 2149 3913 1864]

377 3926 426 3996 ι)
468 3926 799 3997 [Harteliusz
836 3928 1200 4067 Decimiuls·
1228 3928 1485 3983 missus
1523 3933 1631 3985 est
1666 3928 1747 4068 a?
1782 3927 2097 4026 Gentium
2133 3946 2363 4000 regem
2399 3931 2629 4071 Illyhri·

470 4029 659 4068 orum
696 4031 982 4083 eumque
1017 4032 1075 4069 ει
1112 4031 1146 4068 a
1184 4031 1409 4082 iquem
1443 4032 1689 4084 respec
1734 4032 1841 4068 um
1878 4016 2215 4071 amicitiae
2253 4034 2483 4072 secum
2567 4034 2624 4071 a·

465 4098 629 4154 bere
683 4104 1038 4170 cerneret,
1092 4104 1399 4168 tentare,
1453 4105 1526 4155 ut
1581 4101 1791 4157 etiam
1845 4099 1926 4153 ad
1980 4101 2155 4156 belli
2210 4102 2628 4157 societatem

465 4184 855 4253 perliceret
906 4185 1171 4255 iussus,
1226 4185 1381 4240 cuius
1420 4186 1783 4240 correctionis
1844 4187 2007 4256 prior
2061 4204 2191 4256 pars
2228 4187 2527 4257 (eumque
2562 4215 2630 4226 —

471 4270 816 4337 cerneret)
852 4275 1127 4340 praestare
1159 4270 1404 4341 videtur,
1459 4272 1529 4326 de
1583 4272 1762 4327 altera
1797 4271 2014 4339 dubito,
2071 4272 2224 4340 quod
2267 4277 2325 4327 et
2360 4278 2630 4328 tentare

469 4359 543 4409 ut
593 4356 981 4427 perliceret
1032 4372 1136 4426 pro
1182 4358 1536 4427 perlicere
1590 4357 1818 4413 inutiles
1868 4358 2132 4427 ambages
2168 4357 2376 4414 habere
2409 4357 2632 4413 videtur

475 4444 535 4496 et
570 4441 782 4497 etiam
822 4441 1145 4513 abundare-J

134 4774 774 5186 Γ“
1269 5020 1572 5185 ,-

2104 4548 2171 4600 41
