3230 5282
1496 552 1617 614 661
2374 563 2500 619 Lib.
2534 562 2706 619 XLII.

578 735 734 822 Cap.
784 742 885 818 65,
931 742 970 803 8
1017 736 1126 821 (de
1160 738 1607 804 Romanorum
1648 736 1955 821 praesidio
1999 737 2069 801 in
2112 688 2364 803 tumulo
2408 757 2450 802 a
2484 735 2701 803 Mace·
2737 749 2880 820 (548)

403 843 687 911 donibus
735 845 1004 913 obsesso
1049 851 1117 912 et
1163 845 1604 931 oppugnato):
1674 844 1970 928 Ingens
2018 843 2142 927 (sic
2186 846 2431 930 optime
2474 844 2711 929 Kreys-

404 952 611 1036 sigius
656 974 738 1019 ex
780 954 1119 1038 religes,
1166 954 1237 1019 id
1281 961 1383 1020 est
1425 952 1676 1038 liges3
1719 974 1874 1020 nam
1919 975 2015 1019 re·
2053 974 2133 1018 ex
2175 954 2547 1038 ingerere
2593 952 2709 1019 ad-

401 1060 626 1144 haesit)
694 1063 1087 1129 Romanos
1167 1069 1434 1134 terror
1510 1060 2138 1141 circumstabat;
2203 1082 2378 1126 nam
2441 1081 2710 1146 neque

405 1169 762 1236 conferti
806 1191 1172 1256 pugnare
1217 1177 1559 1255 propter
1604 1189 1763 1251 eos,
1808 1170 2066 1254 quiin
2102 1169 2497 1235 tumulum
2530 1190 2709 1236 con-

401 1278 893 1345 nitebantur
940 1277 1062 1361 (sic
1099 1280 1354 1363 egregie
1389 1277 1963 1344 Weissenbornius
1998 1298 2033 1342 e
2069 1276 2316 1344 codicis
2351 1278 2707 1361 scriptura:

404 1387 545 1471 qui
585 1388 672 1452 in
714 1386 1112 1453 tumulum
1156 1386 1711 1468 conabantur),
1756 1392 2151 1472 poterant
2196 1371 2290 1465 et,
2333 1385 2470 1451 ubi
2505 1387 2711 1453 ordi-

402 1516 543 1561 nes
600 1496 1163 1580 procursando
1232 1495 1710 1574 solvissent,
1777 1494 2181 1579 patebant
2236 1495 2542 1576 iaculis
2598 1517 2711 1563 sa-

402 1604 695 1687 gittisv
710 1625 764 1669 e.
876 1604 1119 1670 Mirum
1183 1625 1353 1685 vero,
1420 1625 1550 1669 non
1622 1605 1918 1688 potuisse
1986 1603 2317 1668 Romanos
2386 1603 2710 1670 confertos

403 1732 702 1795 pugnare
746 1718 1018 1797 propter
1064 1733 1207 1791 ece,
1265 1713 1378 1796 qui
1423 1719 1659 1779 contra
1703 1712 2135 1791 eniterentur3
2199 1732 2352 1777 nam
2398 1711 2710 1778 confertae

404 1839 641 1905 pugnae
675 1820 800 1886 hoc
833 1821 1001 1886 nihil
1037 1823 1298 1898 omnino
1340 1821 1589 1887 oberat.
1659 1820 1789 1888 Sed
1823 1819 2006 1886 verbi
2048 1840 2410 1904 pugnare
2454 1821 2711 1886 nullum

401 1928 472 1993 in
517 1927 742 1994 codice
789 1929 1139 2013 vestigium
1183 1936 1318 2009 est,
1386 1929 1453 1993 in
1512 1950 1641 2012 quo
1699 1931 1794 1994 sic
1841 1928 2179 1994 scribitur:
2227 1949 2403 1994 nam
2445 1949 2710 2011 neque

406 2036 759 2102 conferti
825 2046 1171 2122 propter
1237 2059 1398 2104 eos.
1487 2037 1709 2102 Livius
1776 2042 2124 2121 posuerat:
2191 2037 2382 2102 Nam
2446 2057 2709 2119 neque

406 2144 759 2210 conferti
807 2146 1243 2228 propellere
1288 2166 1453 2225 eoS,
1500 2146 1635 2229 qui
1679 2147 1760 2209 in
1802 2153 1849 2211 t.
1898 2166 2078 2225 con„
2125 2150 2531 2228 poterant.
2620 2144 2712 2211 Ut

405 2252 696 2337 undique
743 2253 1173 2320 escendentes
1242 2275 1358 2339 per
1405 2254 1772 2338 praecipitia
1826 2253 2303 2338 propellerent,
2363 2252 2711 2319 solvendus

406 2367 554 2426 erat
598 2362 797 2441 orbis,
844 2383 973 2447 quo
1008 2362 1294 2429 medium
1316 2363 1639 2428 tumulum
1665 2360 1942 2428 conferti
1978 2360 2346 2445 cingebant.
2418 2359 2654 2447 [Prop
2675 2382 2710 2427 e

405 2475 718 2553 petere,
766 2471 944 2553 quod
988 2478 1315 2537 tentatum
1360 2472 1569 2551 video,
1615 2493 1732 2555 pro
1781 2471 2148 2536 cominus
2193 2477 2482 2555 petere
2531 2469 2712 2536 Lati-

406 2599 565 2643 num
607 2599 738 2645 non
784 2577 1010 2662 est.]¹)

578 2685 736 2772 Cap.
785 2692 885 2767 66,
930 2692 998 2751 4:
1069 2686 1376 2770 (Perseus
1439 2688 1723 2754 universi
1781 2688 2155 2754 certaminis
2217 2708 2444 2754 casum
2489 2687 2710 2754 subire

407 2785 732 2879 paratus)
778 2798 912 2879 qui
955 2796 1443 2881 phalangem
1489 2801 2031 2874 arcesserent,
2078 2817 2418 2879 propere
2455 2797 2709 2877 misit3

409 2923 565 2986 qua
609 2910 688 2969 et
733 2905 1015 2984 serius,
1064 2925 1299 2988 quam
1343 2926 1472 2969 res
1506 2903 2014 2988 postulabat,
2061 2911 2142 2969 et
2175 2904 2476 2986 raptim
2510 2911 2711 2983 acta,

409 3011 732 3077 turbati
781 3032 1020 3077 cursu
1066 3010 1232 3094 (cod.
1280 3014 1586 3096 raptim
1644 3019 1978 3096 aptatur
2036 3010 2349 3077 turbati
2396 3012 2712 3094 cursus)

544 3220 752 3275 relictis
789 3221 992 3275 litteris
1037 3222 1389 3288 inconste,
1440 3227 1688 3276 extrema
1730 3239 1859 3292 pars
1907 3222 2198 3276 sententiae
2249 3225 2305 3274 et
2355 3221 2578 3275 initium
2625 3238 2712 3276 se·

549 3306 796 3375 quentis,
853 3308 1012 3361 cuius
1048 3306 1169 3361 haec
1207 3306 1377 3361 fuerit
1412 3305 1617 3361 forma:
1672 3305 1935 3361 Omissa
1988 3325 2109 3376 spe
2166 3307 2716 3377 oppugnationis

550 3397 941 3446 castrorum
995 3391 1292 3446 Perseus
1348 3393 1690 3462 extemplo
1729 3398 1835 3447 cet.
1915 3392 1981 3445 In
2035 3393 2317 3461 superiore
2371 3409 2532 3447 versu
2586 3393 2718 3447 scri·

550 3477 797 3531 bendum
844 3477 1070 3531 videtur
1122 3478 1317 3533 addita
1369 3479 1595 3549 copula:
1654 3480 1722 3533 in
1774 3478 1958 3532 vallo
2014 3481 2079 3531 et
2125 3477 2206 3531 ad
2250 3482 2503 3547 portas.
2590 3478 2715 3532 Duo

556 3564 704 3617 enim
738 3564 799 3617 hi
835 3563 947 3617 loci
984 3568 1128 3617 sunt.
1189 3564 1358 3635 1864]
1991 3572 2001 3583 ·

459 3647 506 3714 ¹)
546 3646 1110 3703 Connitebantur
1139 3667 1242 3718 pro
1279 3651 1716 3704 conabantur
1735 3651 2044 3718 repositum
2062 3650 2122 3704 in
2142 3649 2469 3704 memoriam
2489 3655 2718 3705 revocat

552 3732 779 3788 Senecae
816 3734 1001 3787 locum
1038 3734 1098 3788 in
1135 3751 1217 3803 ep.
1256 3735 1340 3799 95,
1377 3735 1424 3800 5,
1463 3734 1560 3788 ubi
1598 3734 1773 3790 scribi
1825 3734 2014 3789 debet:
2072 3735 2220 3790 Non
2272 3740 2515 3805 potest
2567 3741 2716 3790 toto

553 3820 778 3873 animo
834 3818 918 3872 ad
970 3818 1268 3873 honesta
1304 3819 1557 3871 conniti
1614 3820 1736 3889 (pro
1784 3822 2060 3885 conari).
2134 3820 2358 3890 [Nescio
2398 3821 2532 3889 quid
2569 3822 2713 3876 acci-

552 3903 700 3958 derit
717 3903 967 3971 Hertzi0,
1005 3909 1070 3958 ut
1086 3921 1269 3957 meam
1289 3904 1742 3961 emendationem
1771 3912 2056 3975 receptam
2094 3905 2195 3976 (er
2212 3924 2291 3975 op
2304 3906 2395 3959 ell
2409 3905 2539 3971 ere)
2560 3923 2719 3975 pror·

558 4006 648 4043 sus
681 3994 1030 4058 perverteret
1065 3994 1285 4044 retento
1323 3995 1635 4059 propter.
1699 3990 1899 4060 Neque
1938 3992 2086 4047 enim
2120 3990 2522 4061 propellere
2561 3991 2719 4046 abso·

555 4073 670 4128 lute
707 4074 819 4128 dici
846 4080 1039 4144 potest
1057 4092 1237 4144 neque
1267 4075 1365 4141 illi,
1404 4076 1499 4145 qui
1528 4077 1805 4132 tumulum
1827 4077 2130 4132 ascendere
2160 4076 2509 4131 conabantur
2528 4077 2608 4145 (in
2626 4081 2715 4129 tu-

550 4160 762 4214 mulum
801 4161 1277 4226 eonnitebantur),
1315 4162 1697 4230 impediebant
1734 4162 2216 4232 propulsationem
2252 4161 2442 4215 nescio
2481 4178 2717 4230 quorum

556 4246 817 4312 aliorum,
856 4246 955 4300 sed
1000 4247 1111 4315 ipsi
1161 4247 1513 4316 propellendi
1570 4255 1750 4309 erant,
1803 4248 1969 4316 quod,
2025 4248 2119 4315 qui
2173 4243 2375 4298 collem
2428 4246 2715 4313 tenebant,

554 4330 796 4387 conferti
838 4330 1019 4385 facere
1067 4333 1403 4400 nequibant,
1455 4333 1555 4387 sed
1592 4351 1761 4401 quum
1794 4332 1976 4387 facere
2012 4330 2244 4395 vellent,
2283 4330 2506 4384 ordines
2543 4330 2718 4384 solve·

555 4417 705 4471 bant.
771 4416 940 4485 1864]
