3230 5282
1464 599 1585 662 665
2299 614 2424 671 Lib.
2460 614 2676 672 XLIII.

381 805 520 850 eos
568 781 970 851 Carteiam
1012 784 1109 849 ad
1165 782 1565 851 Oceanum
1631 783 1922 851 deduci
1979 786 2327 869 placere.
2380 787 2563 880 ⁸Duo
2610 788 2679 855 in

379 892 510 959 hoc
555 893 816 959 decreto
862 893 1147 978 permira
1191 898 1369 973 sunt,
1418 894 1702 977 primum
1746 893 1927 977 quod
1969 893 2066 958 illi
2110 893 2406 962 homines
2449 916 2680 963 manu-

381 1001 556 1065 mitti
621 999 960 1082 iubentur,
1018 1002 1210 1084 quasi
1267 1000 1587 1068 hactenus
1655 1002 1824 1067 servi
1892 1001 2154 1082 fuerint,
2222 1003 2402 1087 quod
2465 1026 2678 1090 neque

384 1108 605 1174 Livius
649 1108 810 1175 dicit
855 1130 1064 1193 neque
1110 1109 1245 1176 ullo
1291 1110 1486 1177 modo
1533 1110 1835 1176 convenit
1881 1130 2029 1175 cum
2072 1111 2185 1189 iis,
2233 1133 2378 1196 quae
2424 1112 2503 1179 de
2549 1114 2679 1179 ori-

379 1218 529 1300 gine
575 1238 802 1283 eorum
845 1218 1080 1300 tradit5
1128 1220 1240 1303 qui
1283 1219 1453 1284 enim
1499 1240 1581 1283 ex
1627 1220 1764 1285 cive
1800 1219 2095 1284 Romano
2141 1225 2206 1285 et
2251 1220 2523 1286 muliere
2566 1244 2679 1307 pe-

378 1326 672 1409 regrina,
720 1347 1002 1410 quacum
1069 1326 1466 1392 connubium
1512 1347 1641 1392 non
1687 1334 1859 1408 erat,
1916 1333 2113 1394 natus
2161 1334 2338 1408 erat,
2393 1329 2449 1393 is
2492 1323 2678 1412 liber,

378 1433 497 1500 sed
538 1435 923 1519 peregrinus
969 1441 1114 1501 erat
1158 1456 1337 1502 more
1385 1444 1452 1501 et
1496 1437 1640 1502 iure
1684 1436 1997 1502 Romano,
2087 1435 2173 1501 Et
2217 1437 2329 1519 qui
2374 1443 2682 1521 poterant

380 1544 551 1608 servi
607 1543 858 1628 legatos
926 1544 1012 1609 ad
1068 1550 1368 1609 senatum
1411 1543 1780 1609 Romanum
1841 1545 2142 1610 mittere?
2231 1544 2484 1612 Deinde
2528 1567 2680 1629 par-

378 1657 513 1716 tem
559 1650 847 1733 aliquam
903 1651 1138 1718 horum
1197 1652 1534 1718 hominum
1595 1674 1636 1718 a
1691 1658 1972 1737 praetore
2040 1653 2477 1720 manumissos
2542 1676 2681 1721 esse

380 1759 788 1841 significatur
854 1767 921 1827 et
965 1759 1293 1827 Carteiam
1360 1760 1676 1827 deductos
1744 1760 2041 1842 (eorum
2109 1762 2179 1827 si
2236 1782 2437 1843 quos
2495 1763 2679 1845 cet.);

379 1888 497 1932 cur
561 1889 693 1934 non
737 1890 960 1935 omnes
1005 1870 1386 1935 manumissi
1434 1870 1594 1947 sint,
1665 1869 1826 1952 quid
1872 1868 2266 1935 discriminis
2321 1869 2566 1936 factum
2613 1878 2681 1938 et

378 1976 538 2060 quid
584 1975 663 2042 de
711 1980 943 2044 ceteris
989 1979 1326 2044 decretum
1374 1978 1478 2056 sit,
1524 1999 1655 2042 non
1700 1977 2122 2061 significatur.
2215 1975 2405 2055 Quod
2449 2000 2564 2062 per
2611 2000 2679 2045 se

378 2091 680 2151 constare
746 2092 1039 2169 poterat,
1096 2084 1346 2170 aliquid
1393 2106 1535 2151 esse
1583 2086 1651 2150 in
1695 2086 1777 2150 iis
1835 2085 2079 2166 verbis,
2148 2085 2387 2171 quibus
2434 2086 2681 2153 decreti

378 2195 709 2259 sententia
752 2195 1099 2274 indicatur,
1146 2193 1383 2273 mendi,
1427 2192 1846 2259 manifestum
1902 2194 1976 2259 fit
2021 2215 2054 2259 e
2101 2194 2358 2275 codice,
2418 2196 2487 2259 in
2548 2215 2681 2278 quo

379 2290 967 2368 manumissent
1044 2302 1380 2383 scribitur,
1482 2322 1614 2384 qua
1711 2301 1904 2367 unius
1991 2302 2230 2369 litterae
2317 2303 2682 2370 adiectione

377 2409 600 2475 omnia
644 2416 830 2476 recta
875 2417 942 2478 et
986 2432 1147 2477 sana
1189 2409 1371 2476 fiunt.
1439 2409 1848 2490 Iubebantur
1881 2409 1979 2474 illi
2014 2409 2313 2478 homines
2358 2414 2682 2479 nomina

379 2517 1313 2604 sua(ipsorum)profiteri
1360 2524 1436 2584 et
1481 2539 1772 2598 eorum,
1821 2519 2132 2603 siquos
2180 2522 2680 2587 manumisis-

382 2634 581 2694 sent.
652 2627 818 2694 Nam
866 2650 1084 2695 servos
1119 2627 1388 2711 quidam
1433 2650 1660 2695 eorum
1716 2633 1778 2693 et
1839 2626 2209 2693 habuerant
2253 2635 2320 2694 et
2363 2630 2681 2696 manumi-

379 2743 635 2832 serant3
703 2739 928 2820 itaque
993 2736 1098 2802 his
1166 2756 1424 2821 quoque
1491 2735 1846 2815 libertini8‚
1915 2737 2182 2802 incertae
2247 2759 2381 2803 non
2449 2739 2678 2819 minuS,

381 2866 577 2928 quam
625 2847 883 2930 patroni
929 2851 1135 2925 erant,
1184 2844 1607 2923 condicioniS,
1654 2842 2128 2910 consulendum
2174 2849 2337 2910 erat.
2427 2845 2680 2912 Deinde

381 2954 812 3020 communiter
869 2953 948 3018 de
1017 2952 1315 3019 omnibus
1372 2953 1486 3032 iis,
1557 2972 1833 3035 quorum
1888 2952 2158 3017 nomina
2217 2951 2395 3017 edita
2439 2960 2677 3034 essent,

380 3061 677 3127 additur:
735 3084 867 3128 eos
915 3059 1328 3126 Carteiam
1364 3066 1485 3125 cet.
1555 3060 1787 3143 Itaque
1814 3059 2074 3125 colonia
2097 3059 2231 3140 illa,
2258 3067 2576 3142 quantum
2599 3082 2678 3126 ex

376 3170 539 3234 Livii
575 3171 952 3236 narratione
986 3168 1279 3252 intellegi
1303 3174 1543 3253 potest,
1589 3189 1721 3233 non
1757 3166 1933 3250 quod
1957 3174 2099 3234 tota
2124 3189 2203 3234 ex
2225 3168 2550 3234 libertinis
2575 3191 2678 3235 es-

378 3286 496 3357 set,
522 3278 975 3344 libertinorum
1010 3277 1346 3363 appellata
1371 3283 1488 3357 est,
1515 3277 1631 3342 sed
1656 3276 1828 3360 quod
1852 3276 2040 3342 multi
2066 3276 2149 3342 ab
2175 3277 2362 3342 initio
2385 3275 2678 3342 libertini

379 3386 698 3471 adscripti
743 3392 913 3452 sunt.
993 3386 1317 3451 Praeterea
1363 3385 1540 3470 quod
1591 3386 1891 3469 sequitur
1935 3391 2440 3469 potestatem
2484 3384 2515 3449 f
2524 3406 2675 3467 ore,

376 3515 738 3577 numquam
784 3495 878 3560 sic
923 3495 991 3558 in
1036 3495 1320 3560 decretis
1366 3492 1797 3577 promittendi
1836 3493 2026 3559 modo
2064 3492 2359 3559 futurum
2393 3494 2677 3578 ponitur,

376 3603 493 3668 sed
557 3624 842 3687 praesens
908 3602 1210 3683 iubendi3
1280 3605 1502 3686 itaque
1559 3603 1698 3667 sine
1758 3600 1957 3667 dnbio
2017 3600 2213 3668 fieri
2259 3601 2677 3668 scribendum

378 3717 495 3776 est.
566 3709 1107 3794 (Forchhammer
1142 3711 1532 3794 significavit
1578 3710 1831 3794 aliquid
1872 3709 2138 3776 obscuri
2176 3710 2244 3775 in
2290 3710 2514 3777 codice
2561 3711 2677 3775 ha-

376 3820 598 3885 buisse
633 3819 897 3885 verbum
933 3819 1120 3885 fore.
1186 3817 1569 3901 [Vahlenius
1605 3818 1912 3884 adfirmat
1948 3819 2186 3886 saltem
2229 3819 2286 3883 fi
2332 3824 2399 3884 et
2441 3820 2512 3883 ri
2558 3840 2675 3903 ap-

377 3926 691 4013 parere.])
782 3925 842 4010 [ξ
913 3932 949 3992 6
1017 3927 1453 4012 supplendum
1528 3948 1658 3991 non
1724 3948 1925 4011 quae,
2006 3928 2311 4010 quoniam
2381 3927 2677 4010 sequitur

378 4046 641 4116 erant,
688 4036 802 4102 sed
848 4036 938 4101 de
987 4036 1118 4114 iis,
1166 4057 1349 4119 quae.
1424 4033 1636 4116 1864]

545 4143 699 4229 Cap.
751 4149 806 4221 5,
853 4149 891 4209 8
938 4144 1115 4229 quod
1159 4144 1227 4208 in
1286 4143 1506 4208 codice
1564 4144 1875 4209 mendose
1944 4142 2312 4209 scribiturz·
2346 4162 2674 4207 munera

377 4255 592 4318 mitti
668 4252 970 4334 legatis
1040 4274 1129 4317 ex
1207 4252 1421 4317 binis
1488 4251 1864 4317 millibus
1931 4251 2113 4316 aeris
2183 4255 2674 4315 censuerunt

377 4361 527 4426 duo
574 4360 883 4426 fratres
929 4361 1238 4444 regulis
1285 4360 1446 4425 haec
1492 4361 1903 4444 praecipua
1948 4366 2284 4440 torques
2332 4356 2483 4422 duo
2531 4365 2673 4435 cet„

382 4469 696 4554 Grynaeus
756 4468 1072 4534 duobus
1131 4467 1533 4533 fratribus
1595 4467 1903 4551 regulis
1966 4466 2259 4549 scripsit,
2306 4465 2553 4549 ipsum,
2599 4470 2676 4530 ut
