3230 5282
1417 615 1539 676 215
2378 629 2501 683 Lib.
2538 629 2635 684 IX.

497 799 650 884 Cap.
703 805 807 876 30,
857 802 925 861 3:
995 798 1093 862 Et
1138 797 1292 862 duo
1339 798 1684 881 imperia
1731 819 1817 863 eo
1866 819 2070 864 anno
2118 799 2298 865 dari
2345 808 2637 884 coepta

339 929 471 989 per
521 907 937 992 populum,
996 912 1346 987 utraque
1404 906 1922 988 pertinentia
1978 907 2076 971 ad
2130 929 2294 973 rem
2337 909 2635 973 milita—

343 1035 512 1094 rem,
570 1036 839 1094 unum,
897 1020 986 1077 ut
1040 1011 1364 1077 tribuni
1420 1013 1775 1078 militum
1822 1016 1997 1078 seni
2044 1014 2227 1079 deni
2272 1016 2354 1079 in
2401 1023 2634 1098 quat-

345 1128 514 1189 tuor
554 1123 924 1206 legiones
971 1142 1011 1185 a
1056 1120 1358 1204 populo
1406 1127 1916 1199 crearentur,
1961 1157 2047 1165 —
2090 1147 2206 1202 —3
2264 1123 2631 1203 alterum,

350 1236 423 1292 ut
474 1230 945 1294 duumviros
991 1228 1322 1293 navales
1369 1228 1662 1293 classis
1709 1229 2087 1294 ornandae
2132 1230 2634 1295 reficiendae-

348 1357 479 1417 que
522 1359 764 1402 causa
811 1336 1019 1400 idem
1064 1336 1420 1418 populus
1466 1335 1809 1400 iuberet.
1900 1336 2176 1402 Miratos
2222 1338 2417 1403 credo
2469 1340 2635 1403 Livii

352 1446 626 1525 aequaleS,
671 1446 727 1509 si
775 1444 913 1509 haec
961 1444 1056 1507 sic
1101 1444 1348 1526 scripta
1392 1444 1712 1525 legerunt,
1759 1445 2041 1527 primum
2084 1445 2364 1527 imperia
2409 1446 2633 1529 appel-

360 1548 464 1614 lari
541 1552 951 1617 tribunorum
1040 1551 1319 1615 militum
1396 1552 1462 1614 in
1541 1551 1914 1632 legionibus
1995 1558 2062 1616 et
2141 1550 2633 1617 duumvirorum

370 1660 680 1737 navalium,
750 1681 916 1741 quos
983 1680 1173 1723 nemo
1242 1678 1531 1740 unquam
1590 1660 1926 1724 Romanus
1983 1660 2331 1742 imperium
2390 1659 2630 1725 habere

367 1765 515 1845 dixit,
564 1776 703 1832 tum
748 1766 1247 1830 commemorari
1291 1772 1612 1849 tanquam
1660 1767 2010 1848 singulare,
2057 1788 2282 1832 eorum
2325 1768 2631 1850 imperio·

365 1894 483 1937 rum
538 1882 886 1956 utrumque
944 1874 1339 1956 pertinuisse
1400 1873 1484 1938 ad
1541 1894 1682 1938 rem
1739 1874 2123 1953 militarem,
2193 1875 2508 1956 quoniam
2564 1875 2632 1939 id

363 1980 588 2045 insitum
645 1989 791 2046 erat
835 1981 901 2044 in
947 1981 1208 2065 imperii
1254 1988 1496 2045 natura
1539 2002 1617 2046 ac
1661 1982 1971 2060 notione,
2029 1987 2105 2045 ut
2150 1982 2235 2046 ad
2281 2004 2417 2046 rem
2463 1982 2629 2046 mili·

365 2094 538 2152 tarem
587 2091 968 2173 pertineret.
1082 2087 1212 2153 Sed
1267 2087 1430 2152 nihil
1486 2089 1623 2153 tale
1683 2088 1767 2153 ab
1826 2090 1907 2153 iis
1963 2089 2026 2153 h.
2072 2089 2114 2153 l.
2162 2089 2407 2153 lectum
2465 2110 2628 2169 esse,

366 2195 411 2255 si
452 2217 542 2260 res
589 2197 737 2280 ipsa
780 2196 977 2260 fidem
1021 2218 1151 2260 non
1194 2195 1358 2260 facit
1426 2195 1539 2278 (—
1584 2202 1652 2261 et
1698 2202 1940 2279 quotus
1987 2197 2268 2279 quisque
2317 2203 2447 2275 est,
2517 2198 2630 2279 qui

365 2320 430 2363 ea
472 2303 582 2367 fide
640 2311 819 2369 stare
875 2303 1150 2367 firmiter
1206 2303 1495 2368 audeat?
1539 2303 1674 2384 —),
1728 2304 1932 2368 vincit
1976 2306 2337 2370 auctoritas
2384 2305 2627 2370 codicis

364 2405 419 2470 M
455 2430 832 2494 quamquam
876 2410 1184 2475 mendum
1230 2412 1441 2494 passi,
1509 2411 1578 2477 in
1626 2433 1757 2494 quo
1804 2412 2017 2494 prima
2060 2434 2259 2476 manu
2309 2414 2628 2495 scriptum

363 2522 466 2578 est:
525 2518 1028 2583 etduosferia
1085 2539 1170 2581 eo
1230 2538 1434 2582 anno
1493 2524 1649 2598 cet.,
1707 2519 1920 2583 altera
1983 2519 2245 2583 demum
2288 2541 2488 2584 manu
2536 2520 2624 2598 id,

359 2624 505 2702 quod
555 2627 755 2691 ceteri
812 2624 1076 2691 codices
1133 2625 1384 2691 habent
1461 2624 1761 2709 (prorsus
1820 2633 1895 2692 ut
1951 2628 2017 2692 in
2062 2627 2245 2706 VIII,
2313 2631 2424 2706 23,
2499 2627 2624 2709 10).

357 2728 420 2793 In
477 2734 770 2817 ambiguo
828 2734 941 2798 illo
1002 2733 1246 2798 codicis
1306 2732 1648 2817 archetypi
1703 2735 1972 2812 mendo,
2055 2734 2234 2817 quod
2290 2735 2627 2800 Mediceus

348 2843 616 2918 servavit,
672 2863 804 2906 non
847 2842 1196 2924 imperia
1241 2839 1528 2919 suberat,
1587 2841 1721 2920 sed,
1784 2842 1963 2923 quod
2010 2864 2212 2906 unum
2255 2844 2353 2906 rei
2398 2850 2627 2926 aptum

347 2955 454 3026 est,
498 2949 956 3014 11Ιυί8101111.
1048 2948 1335 3012 Ministri
1382 2949 1551 3011 enim
1601 2947 1672 3011 111
1718 2950 2190 3032 imperatorum
2226 2956 2293 3013 et
2325 2951 2421 3014 rei
2458 2950 2625 3013 mili·

340 3058 483 3121 taris
538 3056 942 3122 instruendae
987 3054 1661 3138 administrandaeque
1707 3054 2045 3121 adiutores
2093 3062 2301 3121 erant.
2406 3055 2625 3138 [Quod

332 3163 560 3229 tribuni
617 3165 900 3228 militum
947 3162 1124 3246 apud
1170 3160 1553 3227 Ciceronem
1599 3162 1870 3243 militiae,
1930 3162 2173 3248 quibus
2230 3164 2393 3228 111881
2451 3171 2622 3242 811111,

329 3270 631 3354 imperare
702 3272 1039 3349 dicuntur,
1118 3269 1272 3333 111110
1339 3291 1468 3334 11011
1538 3270 1849 3349 efficitur,
1918 3277 1992 3334 ut
2056 3270 2434 3336 tribunatus
2501 3272 2623 3335 im-

325 3380 558 3460 perium
606 3380 709 3458 sit,
755 3377 997 3442 nedum
1045 3377 1497 3442 duumviratus
1545 3378 1775 3443 classis
1821 3376 2236 3460 reficiendae]

445 3650 627 3716 inde,
691 3648 907 3717 dictu]
971 3649 1300 3702 mirabile
1365 3653 1434 3701 01
1499 3646 1686 3716 quod
1740 3648 2191 3702 demovendis
2248 3653 2441 3702 statu
2496 3668 2618 3704 suo

443 3736 663 3790 sacris
709 3734 1123 3800 religionem
1159 3732 1399 3787 facere
1434 3737 1698 3801 posset,
1753 3749 1946 3786 verum
1982 3737 2156 3799 esset,
2213 3734 2259 3787 si
2296 3734 2617 3788 huiusmodi

443 3827 590 3874 esset
627 3820 936 3873 sententia:
984 3819 1169 3886 quod
1215 3819 1627 3886 religionem
1665 3817 1900 3872 facere
1935 3821 2190 3886 posset,
2236 3819 2371 3872 nisi
2410 3819 2617 3872 scire-

442 3922 582 3957 mus
621 3920 786 3956 casu
823 3904 1192 3969 accidisse,
1231 3908 1330 3957 aut
1365 3903 1587 3967 similitu
1633 3919 1802 3969 nunc,
1841 3920 2010 3971 quum
2031 3903 2242 3969 Livius,
2280 3903 2616 3971 religionum

442 3995 498 4042 et
532 3990 738 4043 veteris
776 3990 974 4056 moris,
1022 3990 1205 4042 verbis
1244 3989 1463 4055 saltem,
1508 3988 1710 4052 cultor,
1760 3989 1950 4057 sperni
1987 3985 2233 4041 divinam
2272 3988 2611 4041 admonitio·

443 4091 565 4127 110111
604 4093 636 4127 a
670 4074 978 4127 lectoribus
1016 4073 1188 4138 nolit,
1243 4074 1563 4127 necessario
1613 4072 1971 4126 scribendum
2017 4078 2102 4126 est
2136 4073 2379 4142 possit.
2470 4073 2616 4127 Nam

446 4159 515 4210 ad
556 4159 710 4212 illam
757 4164 1009 4224 aetatem,
1064 4176 1173 4226 qua
1227 4175 1316 4212 res
1371 4163 1498 4212 acta
1556 4163 1667 4224 est,
1720 4158 1916 4211 referri
1958 4157 2347 4226 imperfectum
2393 4164 2614 4227 tempus

448 4260 616 4310 neque
670 4262 760 4297 res
818 4244 953 4296 sinit
991 4242 1076 4310 (—-
1114 4244 1255 4298 nihil
1305 4243 1453 4296 enim
1499 4243 1568 4297 de
1617 4244 1895 4312 religione
1938 4243 2146 4297 iniecta
2191 4248 2249 4298 et
2295 4244 2465 4297 sacris
2512 4260 2613 4296 suo

453 4333 592 4381 statu
638 4330 872 4382 servatis
921 4329 1274 4397 significatur
1323 4328 1410 4394 —)
1458 4346 1641 4396 neque
1688 4329 2056 4396 grammatica
2103 4329 2163 4382 in
2199 4330 2303 4382 hac
2341 4328 2611 4381 orationis

456 4409 643 4466 forma:
681 4412 988 4466 Traditur
1023 4414 1208 4481 inde,
1248 4415 1441 4468 1110111
1476 4414 1807 4468 mirabile
1847 4417 1913 4467 et
1948 4413 2127 4482 quod
2163 4417 2267 4467 cet.
