3230 5282
624 574 750 631 Lib.
784 542 908 631 vn.
1729 563 1849 625 172

627 746 888 815 ordine:
955 766 1203 831 prope
1269 746 1350 811 in
1406 747 1823 812 contionis
1880 747 2191 813 modum
2246 746 2340 828 11,
2396 750 2509 829 23,
2567 751 2605 812 5
2663 753 2733 814 et
2774 746 2947 828 (sine

625 854 906 940 prope)
975 858 1086 935 38,
1153 858 1212 934 2,
1266 854 1348 919 in
1401 852 1714 921 modum
1770 853 2261 939 fugientium
2316 854 2648 937 XXXVII,
2695 861 2799 936 46,
2855 856 2945 940 8).

625 962 862 1045 Itaque
905 960 1015 1027 hic
1061 983 1351 1055 quoque,
1395 968 1472 1027 ut
1503 961 1612 1044 VI,
1661 965 1761 1043 31,
1811 966 1868 1044 5,
1913 963 1995 1028 in
2038 968 2193 1028 ante
2238 983 2297 1026 ιι
2342 964 2668 1030 excidisse
2714 965 2949 1049 opinor

626 1070 1208 1155 scribendumque:
1301 1070 1533 1136 Inter
1610 1071 2052 1136 carminum
2128 1091 2380 1156 prope
2458 1072 2536 1134 Ιιι
2629 1073 2948 1139 modum

627 1177 1064 1244 incondita
1142 1177 1509 1261 quaedam
1587 1177 2085 1244 militariter
2149 1180 2650 1246 ioculantes.
2777 1178 2946 1246 Con-

625 1286 882 1353 iunctio
941 1292 1010 1353 et
1065 1286 1228 1353 ordo
1283 1286 1668 1366 verborum,
1736 1288 1871 1353 sive
1925 1288 2008 1352 in
2064 1288 2200 1352 sive
2255 1309 2507 1372 prope
2561 1290 2946 1372 praepositio

625 1395 925 1479 ponitur,
984 1394 1274 1461 eandem
1320 1394 1526 1460 habet
1584 1394 1928 1475 duritiam,
1986 1394 2191 1460 nihilo
2246 1401 2474 1460 tamen
2516 1395 2697 1460 illam
2743 1395 2947 1462 mole-

458 1516 599 1586 (145)
639 1505 909 1569 stiorem
953 1523 1153 1585 quam
1195 1503 1265 1567 in
1309 1501 1482 1568 libro
1524 1501 1826 1583 XXVIII,
1879 1507 1976 1583 12,
2022 1507 2091 1567 6.
2158 1501 2352 1569 Post
2393 1503 2947 1570 Hasdrubalis

626 1633 814 1677 vero
861 1611 1312 1677 exercitum
1346 1646 1434 1657 —
1467 1608 1822 1676 deletum
1865 1610 2390 1694 cedendoque
2436 1611 2520 1675 in
2565 1609 2948 1695 angulum

627 1718 1044 1784 Bruttium
1090 1723 1367 1784 cetera
1408 1717 1668 1784 Italia
1711 1739 2209 1799 concessum,
2289 1740 2373 1784 ne
2418 1725 2556 1784 tam
2596 1718 2948 1785 molestam

629 1826 916 1912 quidem,
961 1827 1275 1912 quoniam
1317 1826 1492 1891 inter
1536 1832 1728 1911 post
1772 1832 1839 1910 et
1884 1848 1919 1891 c
1943 1847 2376 1892 oncessum
2421 1831 2663 1911 praeter
2707 1825 2947 1893 ablati-

627 1957 779 2000 vum
823 1934 1104 2015 Italia,
1174 1934 1291 2017 qui
1345 1955 1388 1999 a
1442 1954 1915 1999 concessum
1969 1934 2213 2020 pendet
2270 1933 2478 2019 (quod
2523 1956 2730 2019 genus
2774 1935 2946 2000 indi-

630 2043 773 2107 cavi
830 2041 1120 2119 Gramm.
1165 2041 1311 2107 Lat.
1360 2040 1393 2124 ξ
1450 2046 1574 2106 469
1634 2048 1771 2107 not.
1820 2046 1893 2124 2;
1965 2042 2079 2107 cfr.
2127 2042 2487 2108 Weissenb.
2537 2040 2624 2107 ad
2677 2040 2945 2122 XXVII,

632 2153 743 2230 36,
804 2149 901 2231 2),
960 2150 1410 2232 interponitur
1463 2172 1597 2216 non
1655 2150 1867 2216 solum
1925 2149 2096 2216 alius
2142 2150 2471 2217 ablativus
2518 2148 2946 2231 (instrumen-

628 2258 818 2337 talis,
888 2256 1309 2340 cedendo),
1377 2258 1493 2323 sed
1547 2259 1752 2323 etiam
1808 2258 1964 2323 huic
2009 2259 2325 2323 adiuncta
2367 2258 2751 2344 praepositio
2799 2279 2948 2323 cum

632 2385 826 2430 casu:
894 2365 979 2429 in
1024 2365 1413 2447 angulum
1457 2365 1897 2432 Bruttium.
1990 2365 2254 2450 [XXXL
2302 2370 2406 2446 40,
2455 2370 2492 2430 9
2539 2371 2606 2431 et
2649 2365 2947 2446 XXXVI,

631 2477 745 2553 23,
815 2476 853 2536 6
910 2473 1102 2572 posui
1155 2472 1429 2538 Advers.
1477 2470 1638 2538 Crit.
1685 2473 1751 2538 11
1805 2497 1868 2559 p.
1919 2479 2074 2554 514,
2140 2473 2336 2540 huius
2392 2473 2948 2539 Emendationum

630 2580 763 2649 loci
828 2578 1220 2664 immemor]
1332 2578 1500 2647 Sunt
1551 2581 1696 2647 haec
1750 2603 2025 2667 prorsus
2082 2582 2356 2649 Liviana
2410 2603 2492 2647 ex
2548 2602 2626 2649 eo
2686 2601 2945 2665 genere,

631 2690 812 2775 quod
880 2696 1035 2755 ante
1102 2689 1386 2755 sedecim
1453 2709 1662 2756 annos
1729 2693 1955 2757 notavi
2011 2690 2536 2775 (Bemerkungen
2589 2690 2756 2756 iiber
2805 2711 2949 2784 ver-

633 2797 984 2863 schiedene
1027 2796 1283 2862 Punkte
1341 2798 1456 2863 des
1502 2797 1796 2883 Systems
1854 2800 1972 2864 der
2026 2798 2464 2865 lateinischen
2513 2797 2949 2884 Sprachlehre

631 2929 695 2990 p.
745 2904 884 2988 79),
939 2906 1008 2970 in
1063 2905 1304 2989 quibus
1362 2907 1670 2988 analogia
1723 2927 1843 2991 per
1891 2908 2207 2991 ambages
2254 2905 2659 2991 amplificata
2698 2906 2770 2971 in
2813 2904 2947 2971 for-

631 3035 775 3079 mas
835 3014 1188 3098 diligenter
1232 3015 1656 3099 compositaS,
1716 3015 1833 3080 sed
1877 3014 2194 3081 molestas
2240 3020 2308 3080 et
2352 3035 2669 3098 operosas
2715 3012 2944 3095 exit.¹)

629 3120 837 3187 Paulo
885 3128 1040 3188 ante
1087 3122 1315 3188 eodem
1361 3123 1578 3206 capite
1624 3120 1686 3206 (ξ
1732 3122 1798 3205 8)
1845 3124 2055 3207 pudet
2098 3143 2283 3206 paene
2330 3121 2702 3201 admonere,
2745 3121 2951 3187 verba

492 3265 500 3273 -
632 3231 728 3296 sic
804 3231 1335 3315 interpungenda
1400 3250 1579 3295 esse:
1656 3251 1814 3295 non
1873 3235 2188 3310 cantuS,
2267 3252 2421 3296 non
2489 3229 2946 3295 exsultatio

632 3359 1194 3422 armorumque
1239 3339 1597 3421 agitatio
1645 3359 1880 3418 vana,
1947 3338 2087 3404 sed
2142 3344 2430 3422 pectus
2488 3338 2947 3403 animorum

629 3447 937 3529 iraeque
1027 3445 1378 3528 plenum;
1473 3465 1782 3511 omnem
1869 3446 2269 3512 ferociam
2346 3443 2781 3529 (Torquatus)
2864 3445 2948 3509 in

633 3552 1081 3618 discrimen
1137 3552 1401 3635 ipsum
1456 3553 1933 3618 certaminis
1993 3552 2460 3620 distulerat.
2571 3553 2781 3634 Vulgo
2836 3551 2947 3616 Li·

629 3661 806 3725 vium
868 3658 1196 3724 dicentem
1251 3658 1538 3739 faciunt,
1594 3681 1728 3726 non
1783 3667 2049 3727 cantum
2095 3683 2218 3728 nec
2262 3682 2597 3727 armorum
2641 3661 2948 3743 agitatio-

629 3788 808 3847 nem,
877 3766 994 3832 sed
1049 3772 1281 3851 pectus
1342 3767 1679 3833 distulisse
1737 3766 2081 3850 ferociam,
2150 3791 2283 3836 non
2328 3769 2947 3848 animadvertentes,

627 3876 1099 3940 nominativum
1142 3875 1448 3956 breviter,
1495 3877 1739 3942 omisso
1785 3877 2007 3957 verbo,
2053 3899 2175 3962 pro
2221 3883 2366 3943 tota
2408 3878 2736 3943 sententia
2767 3877 2945 3960 poni.

632 3981 771 4063 (Gr.
821 3982 966 4047 Lat.
1015 3981 1049 4066 ἓ
1094 3989 1219 4049 479
1263 3990 1399 4050 not.
1447 3988 1517 4066 2;
1586 3984 1702 4049 cfr.
1751 3982 1884 4050 Cic.
1931 3985 2116 4050 Verr.
2166 3986 2239 4066 V,
2297 3990 2355 4066 7,
2406 3989 2516 4049 16:
2584 3985 2946 4068 Exspec-

631 4093 846 4156 tatio
893 4113 1199 4157 summa
1239 4093 1667 4173 hominum,
1713 4094 2106 4177 quidnam
2149 4078 2231 4159 id
2277 4099 2527 4174 esset;
2570 4092 2708 4158 Liv.
2747 4093 2798 4173 I,
2843 4096 2947 4173 54,

691 4363 737 4428 ¹)
779 4359 1000 4430 [Kleine
1035 4361 1228 4431 philol.
1270 4362 1556 4417 Schriften
1590 4381 1645 4433 p.
1684 4367 1786 4420 858
1822 4363 1967 4435 &lq-J
