3230 5282
574 630 697 684 Lib.
738 629 909 683 XXX.
1667 616 1793 677 430

578 803 779 866 ceteri
846 801 1103 866 codices
1169 806 1345 865 recte
1414 805 1542 865 est
1605 798 2297 880 (intercessiost),
2367 799 2540 882 quod
2600 800 2739 882 ipse
2784 798 2885 861 W.

576 910 910 974 revocavit
969 911 1064 990 (in
1121 907 1220 973 ed.
1269 907 1546 989 Teubn.)
1618 914 1686 972 et
1752 909 1849 972 ita
1908 907 2159 971 Livium
2221 907 2404 988 loqui
2463 908 2646 971 dixit.
2758 906 2887 986 (Si-

577 1018 749 1082 milis
808 1039 993 1082 error
1048 1023 1200 1100 post
1255 1015 1510 1080 donec
1566 1015 1739 1079 XLV
1760 1067 1774 1095 ‚
1834 1019 1903 1093 7,
1962 1021 2001 1079 4
2075 1015 2320 1080 codicis
2377 1015 2585 1098 ipsius
2641 1015 2885 1080 indicio

578 1124 1012 1208 coarguitur.)
1107 1123 1510 1207 [Imperfecti
1589 1124 1988 1188 coniunctivi
2068 1130 2223 1207 post
2301 1144 2453 1187 non
2533 1130 2665 1187 ant
2687 1144 2721 1186 e
2799 1158 2888 1168 —

578 1253 826 1314 quam,
898 1254 1044 1296 cum
1114 1232 1499 1296 obscuriore
1567 1231 1858 1314 quadam
1926 1232 2126 1296 animi
2194 1238 2261 1297 et
2327 1231 2583 1296 consilii
2641 1230 2885 1313 signifi-

575 1335 836 1406 catione
893 1340 1100 1424 positi
1158 1338 1456 1423 exempla
1513 1339 1690 1423 apud
1736 1339 1988 1404 Livium
2043 1340 2465 1423 reperiuntur
2511 1339 2582 1418 V,
2648 1343 2742 1418 19,
2808 1343 2879 1402 11

578 1447 1021 1529 (facerent),
1078 1448 1192 1526 IX,
1249 1452 1348 1526 34,
1409 1451 1446 1510 2
1494 1445 2016 1527 (obruerent),
2075 1447 2267 1527 XLV,
2318 1451 2415 1527 11,
2465 1451 2501 1509 3
2550 1446 2885 1528 (confir-

580 1556 894 1637 maret);
962 1578 1110 1620 nam
1168 1555 1438 1634 XXXV,
1511 1559 1623 1633 25,
1694 1559 1729 1618 3
1787 1555 2237 1619 coniunctivus
2286 1554 2879 1635 (revertissent)

576 1663 897 1727 infinitivo
945 1663 1340 1746 adiungitur,
1376 1662 1609 1741 XXVI,
1653 1667 1748 1741 19,
1786 1668 1821 1726 5
1860 1661 2070 1743 (iret)
2106 1662 2300 1727 simul
2335 1661 2744 1745 significatur
2777 1682 2884 1725 res

578 1772 814 1854 saepius
866 1770 1064 1851 facta,
1113 1793 1244 1835 non
1292 1793 1423 1836 una
1469 1793 1577 1835 res
1628 1768 1951 1858 perfect-a,
1987 1769 2253 1849 XXVII,
2305 1775 2403 1849 50,
2461 1775 2530 1833 11
2576 1769 2882 1850 (audis-

579 1878 784 1959 sent)
835 1885 1063 1962 aperte
1108 1879 1253 1961 ipsa
1298 1878 1636 1943 hominum
1684 1879 1995 1960 cogitatio
2044 1877 2307 1959 oblique
2354 1875 2733 1959 indicatur]

750 1985 906 2070 Cap.
962 1991 1068 2065 13,
1132 1991 1239 2050 10:
1311 1984 1630 2070 (Syphax)
1692 1986 2107 2051 insanisse
2154 1984 2389 2067 (sese)
2436 1985 2882 2063 fatebatur,

578 2095 716 2159 sed
762 2118 921 2159 non
968 2102 1127 2159 tum
1174 2092 1494 2172 demum,
1553 2116 1788 2177 quum
1834 2113 2049 2157 arma
2096 2092 2704 2177 adversuspop.
2753 2095 2880 2157 Ro.

577 2204 969 2287 cepisset3
1049 2202 1356 2265 exitum
1424 2202 1546 2265 sui
1614 2200 1923 2265 furoris
1993 2200 2291 2280 fuisse,
2359 2223 2511 2265 non
2574 2202 2882 2284 princi-

575 2312 805 2395 pium.
930 2309 1056 2387 Qui
1124 2309 1220 2373 sic
1287 2308 1446 2373 dicit
1513 2308 1806 2391 (exitus
1873 2309 2183 2372 furoris
2250 2310 2398 2373 mei
2466 2307 2659 2386 fuit,
2729 2330 2879 2371 non

575 2414 1125 2502 principium),
1192 2414 1476 2505 furorem
1547 2438 1739 2480 suum
1808 2416 2165 2500 aliquando
2235 2418 2493 2481 initium
2552 2416 2882 2494 habuisse,

574 2525 769 2589 finem
825 2545 953 2587 non
999 2524 1310 2589 habuisse
1355 2524 1708 2606 significat,
1767 2525 1941 2607 quod
1987 2524 2334 2588 ridiculum
2382 2531 2514 2602 est3
2586 2523 2670 2586 ad
2717 2544 2881 2602 eam,

573 2654 716 2717 quse
785 2632 1189 2717 postulatur,
1271 2633 1664 2698 sententiam
1744 2632 2155 2714 efficiendam
2221 2631 2453 2696 Latine
2533 2630 2879 2695 dicendum

574 2748 703 2806 est:
763 2741 1061 2804 exitum
1108 2760 1264 2804 eun
1308 2741 1427 2805 sui
1473 2740 1788 2805 furoris
1833 2739 2114 2819 fuisse,
2163 2762 2315 2805 non
2363 2762 2470 2823 pr.
2572 2740 2660 2803 Et
2706 2760 2879 2803 eum

573 2849 935 2914 desiderari
993 2855 1289 2913 senserat
1343 2850 1472 2912 iam
1529 2850 1795 2931 ignotus
1854 2849 2093 2932 aliquis
2139 2849 2364 2927 hom0,
2435 2848 2617 2911 cuius
2663 2867 2876 2911 emen-

571 2958 751 3022 datio
797 2958 863 3021 in
911 2956 1099 3022 codd.
1153 2955 1336 3020 Harl.
1388 2962 1456 3020 et
1499 2956 1745 3021 Gaertn.
1784 2963 2021 3036 exstat,
2069 2958 2133 3021 in
2179 2957 2323 3021 loco
2370 2962 2627 3020 tantum
2676 2955 2878 3037 parti-

570 3065 733 3130 culae
778 3064 1141 3129 inserendae
1189 3085 1435 3128 errans.
1538 3065 1970 3143 Gronovium,
2028 3086 2230 3146 quum
2286 3065 2502 3128 locum
2547 3063 2793 3127 rectius
2841 3082 2875 3125 e

569 3173 906 3238 codicibus
955 3172 1407 3249 constitueret,
1465 3172 1589 3236 hoc
1637 3194 1903 3255 quoque
1951 3173 2350 3250 emendasse,
2407 3194 2538 3235 non
2585 3169 2877 3234 animad-

565 3303 825 3345 versum
872 3279 1145 3343 videtur.
1217 3280 1425 3357 Quam
1471 3278 1664 3344 facile
1710 3302 1878 3345 eum
1911 3287 2064 3364 post
2096 3288 2255 3344 tum
2295 3279 2627 3357 exciderit,
2673 3285 2876 3362 patet.

739 3385 896 3468 Cap.
949 3390 1059 3465 18,
1119 3390 1156 3449 7
1203 3386 1344 3467 (ubi
1401 3395 1712 3451 narratur
1769 3388 2089 3472 proelium
2146 3389 2214 3452 in
2261 3387 2477 3451 Gallia
2520 3388 2692 3451 inter
2735 3386 2876 3451 Ma-

394 3508 539 3578 (351)
575 3515 807 3577 gonem
867 3500 934 3558 et
974 3493 1045 3556 P.
1094 3493 1478 3570 Quintilium
1525 3495 1771 3559 Varum
1816 3496 2011 3577 Mque
2059 3494 2477 3575 Cornelium),
2525 3501 2877 3578 postquam

564 3602 812 3667 dictum
870 3607 1001 3679 est,
1070 3622 1274 3682 equos
1332 3602 1775 3666 Romanorum
1835 3603 2337 3685 elephantorum
2382 3602 2698 3685 adspectu
2745 3609 2875 3666 ter-

563 3710 724 3774 ritos
786 3730 1020 3772 vanum
1077 3715 1380 3790 equestre
1437 3709 1752 3774 auxilium
1796 3710 2062 3792 fecisse,
2123 3713 2216 3775 sic
2263 3712 2590 3795 pergitur:
2662 3716 2743 3774 et
2783 3731 2826 3773 u
2847 3715 2876 3772 t

563 3816 1201 3898 rempermixtus
1282 3817 1404 3881 uti
1485 3817 1828 3900 cuspide
1895 3820 2018 3883 uti
2086 3820 2532 3883 comminus
2601 3816 2871 3901 gladio

566 3924 870 4005 (cladio
917 3923 995 4004 P)
1048 3931 1356 4005 posset,
1413 3925 1742 3995 robor-is
1791 3927 2129 3991 maioris
2177 3928 2586 3991 Romanus
2633 3946 2874 4008 eques

564 4039 769 4110 erat,
837 4032 953 4095 ita
1008 4032 1087 4095 in
1144 4032 1506 4097 ablatum
1564 4034 2058 4117 paventibus
2116 4035 2398 4117 procul
2444 4034 2678 4117 equis
2722 4053 2873 4096 me-

561 4138 726 4203 lius
784 4160 872 4203 ex
919 4140 1370 4206 intervallo
1416 4141 1767 4205 Numidae
1814 4140 2423 4205 iaculabantur.
2517 4140 2625 4205 Sic
2669 4138 2873 4222 (quod

563 4246 826 4328 quidem
887 4246 969 4310 ad
1028 4269 1108 4312 ea
1166 4250 1477 4326 attineat,
1551 4250 1632 4313 de
1699 4249 1938 4332 quibus
2007 4248 2251 4332 agitur)
2323 4249 2585 4315 codices
2645 4248 2872 4332 optimi

560 4354 772 4437 iisque
819 4357 1116 4437 proximi.
1234 4357 1574 4422 Edebatur
1617 4357 1841 4438 vulgo:
1912 4363 1989 4421 et
2044 4364 2130 4421 ut
2185 4359 2674 4440 permixtum
2741 4355 2868 4419 Iac.

562 4462 931 4528 Gronovius
977 4463 1386 4527 scribendum
1436 4464 1725 4545 putavit:
1795 4471 1874 4528 et
1916 4470 2004 4528 ut
2049 4465 2601 4544 intermixtuS‚
2663 4464 2871 4528 Weis-
