3230 5282
1473 610 1597 674 763

386 798 448 854 Is
493 798 553 853 in
587 813 885 868 progressu
918 796 1257 851 narrationis
1292 797 1378 863 47,
1418 798 1503 864 91,
1560 795 1990 851 Menstruum
2033 813 2149 850 non
2191 811 2294 865 pro
2334 794 2681 850 substantivo

459 885 573 952 125,
613 885 728 951 184,
767 884 880 951 197,
916 884 1012 937 821
1050 900 1126 949 n.‚
1165 884 1285 951 481,
1323 882 1439 936 658.
1631 882 1835 937 dicitur
1866 884 1983 937 674.

385 971 700 1038 Issensis,
725 968 981 1024 Issseus
1008 967 1142 1036 (non
1176 964 1504 1033 Issaicus)
1558 967 1857 1023 Mercari
1893 969 1995 1022 608
2030 986 2084 1023 n.

453 1058 556 1112 688
1557 1053 1911 1109 Mercat'ns
1947 1056 2068 1109 489.

384 1141 632 1212 Itaque
668 1159 780 1196 non
814 1144 1031 1195 tantum
1078 1140 1149 1195 ad
1191 1139 1504 1210 proximam
1557 1139 1779 1195 Millia
1810 1139 2085 1211 Philippei
2120 1158 2235 1196 non
2269 1140 2389 1195 Lat.
2426 1141 2541 1196 538.

455 1229 793 1284 sententiam
831 1231 1091 1297 spectans
1128 1228 1232 1281 260
1265 1245 1318 1280 n.
1555 1225 1728 1296 Milya
1761 1226 1820 1280 in
1856 1226 1991 1280 Asia
2025 1229 2143 1282 686.

383 1313 597 1369 Iubeo
633 1331 748 1368 non
784 1317 937 1367 recte
981 1329 1108 1366 cum
1144 1312 1502 1367 coniunctivo
1557 1312 1844 1367 Mittere
1908 1313 2128 1380 (litteris
2196 1311 2482 1380 nuntiare)
2552 1316 2676 1379 198;

453 1417 558 1470 pro
593 1398 868 1455 infinitivo
903 1400 1007 1453 675
1040 1417 1093 1454 n.
1624 1399 1903 1453 mittere
1939 1397 2191 1452 absolute
2225 1400 2359 1468 417;
2398 1400 2678 1454 mittere

383 1486 709 1541 Iuventas
747 1489 805 1540 et
837 1486 1163 1540 inventus
1208 1487 1326 1540 282.
1625 1486 1691 1539 in
1724 1488 2207 1552 tempestatem
2242 1486 2371 1541 dub.
2408 1487 2523 1541 529.

1249 1617 1250 1624 ,
1555 1569 1910 1625 Moderati
1939 1572 2160 1626 animo
2190 1570 2275 1638 (in
2300 1570 2675 1626 secundafor-

380 1655 736 1730 Kreyssigins
770 1660 855 1725 41,
892 1659 1007 1712 592.
1623 1654 1799 1727 tuna),
1838 1674 1953 1711 non
1989 1657 2287 1711 animum
2322 1659 2438 1712 659.

1553 1742 1813 1810 Modus,
1857 1744 1927 1797 in
1969 1742 2239 1797 modum
2294 1745 2675 1799 carminum

381 1830 624 1885 Lacunse
676 1829 734 1883 in
798 1830 1054 1884 omnibus
1109 1829 1392 1884 codicibus
1447 1831 1504 1882 et
1630 1829 1742 1882 171.

450 1916 619 1971 verba
648 1915 853 1970 omissa
888 1915 1025 1984 (dec.
1067 1914 1115 1983 1)
1151 1918 1201 1983 6,
1239 1917 1354 1981 199,
1383 1916 1503 1982 219,
1554 1914 1824 1969 Moenia
1858 1920 1914 1970 et
1949 1916 2123 1970 muri
2158 1917 2274 1971 227.

453 2003 588 2068 (dec.
625 2001 678 2068 3)
733 2004 850 2069 248,
904 2004 1022 2068 393,
1076 2001 1220 2069 (dec.
1275 2000 1329 2067 4)
1384 2001 1499 2061 589,
1554 2001 1979 2068 Momentum,
2015 1989 2678 2057 monumentum'lbo.

450 2090 566 2156 582,
604 2088 744 2156 (dec.
782 2085 837 2156 5)
875 2089 973 2142 598
1008 2106 1081 2156 n.‚
1117 2089 1232 2140 597.
1554 2086 1869 2141 Moneres
1906 2086 2102 2156 (genus
2138 2087 2374 2156 navigii)
2411 2090 2526 2143 548.

379 2173 712 2228 Latinorum
760 2173 829 2228 de
865 2191 928 2227 re
964 2173 1036 2227 ad
1070 2171 1235 2226 ferias
1270 2171 1498 2227 Latinas
1552 2172 1759 2226 Morae
1823 2191 1969 2228 esse
2039 2173 2122 2228 ad
2191 2173 2462 2243 aliquid
2532 2173 2671 2241 (non

448 2260 748 2329 pertinenti
784 2260 1068 2314 decretum
1102 2261 1218 2313 609.
1623 2261 1971 2313 auctorem
1998 2257 2217 2326 morae)
2250 2262 2367 2315 468.

378 2345 614 2413 Latus,
649 2346 685 2398 i.
723 2362 768 2400 e.
805 2345 1076 2400 toleratus
1115 2347 1215 2399 168
1249 2361 1303 2399 n.
1551 2343 1808 2398 Morari
1845 2350 1900 2400 et
1933 2347 2274 2399 remorari
2309 2347 2424 2400 895.

378 2431 558 2503 Leges
611 2433 670 2485 in
707 2448 750 2484 r.
787 2448 838 2500 p.
875 2429 1156 2498 feruntur,
1199 2448 1315 2485 non
1362 2430 1495 2486 dan·
1551 2430 1825 2485 Movere
1862 2431 2120 2487 absolute
2166 2431 2401 2499 (animos
2437 2449 2678 2502 praesen-

447 2522 557 2587 tur,
597 2520 666 2572 92
700 2536 753 2572 n.
1620 2517 1781 2582 tium)
1834 2520 1959 2586 1533
1996 2519 2353 2572 intransitive
2389 2520 2670 2587 quomodo

381 2602 649 2659 Letalis
684 2621 801 2659 voc.
838 2604 1122 2674 poeticum
1157 2605 1227 2659 30
1261 2623 1314 2659 n.
1622 2604 1739 2658 228.

344 2729 357 2744 .
381 2690 591 2746 Libra
624 2692 846 2762 pondo
883 2693 998 2746 389.

380 2777 550 2833 Libui
591 2778 702 2832 145.
1552 2773 1715 2829 Nam
1749 2781 1881 2845 post
1914 2775 2033 2829 ille
2066 2778 2185 2830 644.

380 2864 609 2918 Litterae
672 2864 842 2918 semel
913 2862 1164 2932 scriptae,
1220 2877 1344 2930 quse
1415 2862 1501 2916 bis
1554 2861 1605 2914 N
1615 2878 1646 2915 e
1683 2880 1785 2931 pro
1830 2861 2083 2916 nedum
2127 2861 2223 2915 nbi
2261 2862 2441 2930 accipi
2477 2863 2675 2932 possit,

449 2949 619 3005 scribi
655 2949 962 3012 debebant,
1017 2951 1138 3000 tum
1185 2947 1325 3001 male
1376 2964 1503 3016 sup·
1622 2949 1749 3013 724;
1789 2963 1867 3001 ne
1902 2945 2125 3001 facias
2161 2947 2327 3017 impr.
2365 2948 2470 3001 690
2502 2965 2554 3000 n.

448 3035 616 3105 pletoe
651 3036 735 3102 57,
776 3036 893 3099 184,
928 3035 1046 3087 869.
1553 3031 2028 3092 Necessitates
2083 3031 2164 3087 ad
2207 3032 2467 3087 bellum
2510 3034 2673 3103 impr.

345 3121 525 3179 ,Livii
563 3136 784 3174 errores
827 3120 888 3173 in
931 3118 1251 3174 nominibus
1296 3119 1359 3172 61
1401 3136 1501 3188 sq.‚
1623 3121 1741 3173 699.

448 3208 573 3272 478;
609 3205 802 3260 Livius
838 3205 1015 3260 critici
1047 3221 1348 3273 personam
1385 3222 1500 3259 sus·
1554 3204 1927 3260 Necessum
1993 3204 2141 3273 apud
2208 3203 2430 3259 Livium
2486 3203 2671 3259 dubiae

450 3292 661 3362 cipiens
698 3294 822 3358 287;
869 3291 986 3345 eins
1024 3290 1093 3344 de
1139 3290 1410 3359 religione
1446 3296 1502 3346 et
1620 3289 1749 3346 fidei
1786 3292 1886 3345 556
1921 3309 1973 3344 n.

383 3389 391 3396 ·
448 3378 721 3449 prodigiis
748 3376 953 3431 iudicia
979 3378 1107 3443 3373
1146 3376 1502 3446 neglegentia
1551 3375 1817 3446 Negare
1852 3377 2229 3431 veritatem
2263 3377 2362 3431 rei
2399 3395 2514 3430 non
2547 3377 2672 3432 Lat.

448 3463 704 3535 quaedam
723 3464 780 3518 in
801 3462 1066 3517 notandis
1082 3463 1497 3532 provinciarum
1620 3465 1736 3516 478.
1760 3483 1765 3489 ·

446 3550 851 3606 mutationibus
914 3551 1016 3603 899
1026 3567 1040 3615 ;
1110 3548 1168 3602 in
1230 3548 1499 3603 institutis
1553 3548 1792 3619 Negatio
1828 3547 1990 3616 (nec)
2026 3553 2158 3617 post
2192 3549 2419 3603 verbum
2455 3550 2670 3619 negati-

448 3637 690 3707 antiquis
728 3634 1109 3690 describendis
1145 3634 1363 3689 incuria
1402 3639 1500 3691 188
1622 3652 1751 3688 vum
1791 3636 1905 3688 131.

449 3741 551 3792 sq„
606 3724 741 3777 item
791 3722 850 3775 in
902 3720 1123 3789 Polybii
1184 3722 1499 3776 narratione
1548 3719 1788 3792 Negatio
1827 3721 2031 3775 omissa
2068 3738 2101 3775 a
2134 3721 2374 3775 librariis
2407 3723 2671 3789 129,159,
2726 3736 2734 3743 ·

449 3807 829 3864 contrahenda
873 3808 989 3868 297,
1025 3806 1175 3860 mala
1206 3805 1345 3862 fides
1381 3810 1497 3863 789.
1617 3809 1736 3874 436,
1774 3807 1892 3875 518,
1931 3808 2047 3861 564.

1550 3892 1783 3959 Nolle3
1830 3908 1898 3946 ex
1936 3908 2004 3947 eo
2039 3892 2267 3947 auditur
2301 3892 2482 3948 velle
2517 3895 2597 3947 98.

380 3980 427 4034 ΙΙ
469 3981 527 4034 in
571 3978 680 4034 fine
716 3995 917 4032 vocum
964 3995 997 4031 a
1040 3976 1283 4032 librariis
1338 3978 1493 4033 addi·
1549 3978 1807 4033 Nomen
1861 3977 2025 4034 dare
2079 3978 2135 4033 et
2196 3977 2394 4033 edere
2447 3977 2669 4034 diversa

439 4069 560 4120 tum
580 4065 1000 4131 detractumque
1019 4064 1053 4116 8
1072 4080 1168 4131 sq.²
1192 4065 1274 4132 58,
1295 4066 1396 4120 312
1416 4082 1496 4134 sq.
1617 4067 1735 4120 428.

380 4151 802 4220 Mancipinm
835 4152 951 4204 481.
1548 4151 1940 4205 Nominativns
1976 4149 2216 4203 nominis
2252 4167 2354 4218 pro
2392 4149 2671 4204 sententia

379 4238 668 4293 Martius
753 4250 1027 4304 campus
1104 4234 1229 4304 (pro
1300 4253 1496 4306 campo
1619 4239 1744 4303 172;
1798 4236 2168 4290 nominativus
2222 4234 2427 4304 (ipse,
2483 4236 2669 4303 quis·

447 4322 669 4389 Martio)
707 4321 1074 4391 vixprobum
1107 4322 1191 4375 90.
1617 4339 1766 4391 que,
1832 4322 1940 4376 alia
1991 4320 2202 4387 durius)
2266 4320 2523 4376 ablativis
2576 4322 2669 4375 ab·

380 4407 647 4462 Medius
683 4410 810 4474 208;
848 4423 980 4462 cnm
1011 4410 1195 4477 genet.
1231 4406 1306 4475 (‘?)
1343 4408 1460 4462 658.
1615 4408 1809 4463 solutis
1847 4410 1942 4461 aut
1976 4406 2267 4477 gerundiis
2304 4405 2529 4462 additus
2548 4409 2667 4462 881.

379 4494 653 4564 Megara
686 4496 801 4548 841.
1544 4491 1690 4547 Non
1725 4492 1917 4548 modo
1955 4492 2347 4562 (quisquam)
2376 4509 2484 4562 pro
2519 4510 2661 4547 non
