3230 5282
1533 616 1656 676 587
2449 630 2571 683 Lib.
2609 630 2722 683 XL.

436 797 648 860 soleat
690 795 917 861 infelix
963 818 1107 861 esse
1152 799 1410 880 parenti
1455 799 1813 863 liberorum
1860 799 2186 864 interitus,
2256 801 2492 881 Itaque
2542 803 2743 865 corri-

440 909 601 985 gunt
647 904 807 967 satis
852 904 1144 969 fortiter:
1204 907 1412 988 quod
1472 907 1679 970 alter
1738 913 2249 989 superesset3
2297 909 2365 972 id
2412 910 2583 971 enim
2630 930 2743 972 no-

438 1034 587 1075 vum
634 1019 700 1076 et
738 1012 1073 1094 singulare
1122 1020 1285 1091 erat,
1333 1015 1508 1094 quod
1554 1014 1826 1078 taedium
1870 1013 2092 1078 infelix
2127 1021 2318 1098 pater
2354 1037 2431 1079 ex
2478 1037 2553 1080 eo
2600 1017 2745 1097 ipso

438 1120 761 1201 capiebat,
829 1119 1006 1200 quod
1074 1121 1353 1185 alterum
1419 1131 1640 1185 tamen
1706 1122 1910 1185 filium
1967 1124 2389 1204 superstitem
2447 1123 2743 1202 haberet,

439 1228 709 1290 alterius
756 1228 980 1292 amissi
1029 1230 1258 1292 mortis
1304 1235 1660 1294 auctorem.
1756 1228 1884 1292 Sed
1950 1252 2032 1293 ne
2092 1232 2185 1293 310
2245 1230 2510 1313 quidem
2567 1251 2742 1294 com-

435 1336 777 1418 parativus
846 1344 1040 1418 aptus
1088 1343 1189 1400 est
1232 1358 1370 1413 nec,
1442 1338 1686 1400 omissa
1729 1336 1847 1399 filii
1894 1339 2115 1401 amissi
2162 1339 2520 1416 mentione,
2581 1339 2740 1401 satis

437 1444 822 1525 exprimitur
888 1442 1365 1508 infelicitas
1431 1446 1508 1508 in
1575 1445 1883 1509 liberis.
1985 1446 2218 1509 Omnia
2294 1451 2482 1509 recta
2550 1450 2742 1508 erunt

439 1550 791 1634 mendique
838 1573 1041 1616 causa
1086 1558 1348 1634 aperta,
1398 1554 1451 1616 si
1499 1554 1593 1616 sic
1640 1553 2187 1635 suppleverimus:
2238 1559 2314 1617 et
2369 1552 2739 1616 infelici-

431 1663 671 1721 tatem
718 1680 939 1723 suam
996 1661 1075 1723 in
1143 1659 1441 1725 liberis
1499 1661 1982 1742 graviorem,
2045 1661 2254 1741 quod
2315 1660 2527 1724 alter
2606 1681 2738 1722 su-

432 1774 841 1847 peresset,
940 1788 1177 1849 quam
1280 1768 1484 1849 quod
1575 1766 1787 1830 alter
1862 1768 2247 1849 perisset,
2327 1766 2734 1831 censebat.

435 1873 574 1935 Iam
622 1881 901 1957 apparet
947 1896 1221 1939 acumen
1267 1876 1333 1939 in
1383 1875 1723 1954 utriusque
1782 1895 1973 1937 casus
2034 1874 2554 1957 comparatione3
2622 1872 2736 1934 ab·

432 1983 675 2044 erravit
732 1984 962 2046 oculus
1030 1984 1097 2046 in
1158 1983 1374 2048 verbis
1443 1981 1655 2065 quod
1723 1981 1935 2044 alter
1992 1983 2093 2045 bis
2154 1982 2407 2063 positia.
2500 1979 2734 2061 [Paulo

432 2110 635 2172 supra
682 2089 743 2171 (ξ
793 2090 856 2171 3)
903 2091 968 2153 in
1015 2090 1142 2153 hac
1192 2090 1507 2154 orationis
1544 2095 1610 2152 et
1644 2095 2015 2171 temporum
2057 2090 2580 2153 continuatione:
2627 2088 2734 2149 in-

426 2197 860 2262 tellexisse
907 2197 1207 2277 videor,
1252 2218 1533 2279 magno
1591 2203 1672 2260 te
1721 2197 2345 2275 aestimaturum,
2407 2197 2471 2258 si
2520 2195 2733 2257 scire

425 2338 511 2350 --
557 2306 825 2387 possis
893 2341 996 2383 —,
1056 2313 1243 2370 uter
1301 2341 1388 2350 —
1433 2310 1679 2380 esset,
1740 2305 2157 2386 perspicuum
2216 2312 2318 2369 est
2377 2302 2575 2367 scribi
2624 2302 2732 2365 de-

427 2412 583 2475 bere
630 2435 933 2494 possea.
988 2413 1200 2495 1865]
1291 2414 1462 2477 Illud
1509 2413 1649 2476 leve
1695 2417 1812 2490 est,
1860 2412 2308 2475 adnotandum
2344 2418 2581 2482 tamen,
2629 2416 2735 2472 ter

427 2520 495 2582 in
539 2519 662 2583 hoc
711 2523 927 2602 capite
975 2520 1259 2585 scribam
1316 2522 1575 2584 nomine
1635 2521 1806 2583 inter
1853 2519 2114 2583 Graecos
2161 2519 2459 2583 inaudito
2508 2516 2732 2599 appel-

421 2627 548 2692 lari
614 2627 996 2711 Xychum3
1063 2636 1225 2713 puto
1282 2627 1737 2711 Eutychum
1805 2625 1949 2708 [aut
2025 2624 2506 2710 Hesychum]
2576 2646 2728 2688 vero

419 2739 681 2801 nomine
728 2736 1131 2820 appellatum
1179 2759 1321 2802 esse
1367 2736 1469 2816 (ut
1515 2757 1595 2799 ex
1639 2736 1852 2800 forte
1898 2734 2308 2817 Eutychus
2353 2734 2599 2797 factum
2645 2731 2730 2793 sit

419 2845 633 2908 forte
668 2845 988 2927 Xychus
1015 2843 1057 2925 [,
1085 2844 1280 2925 idque
1320 2866 1521 2927 quum
1558 2843 1761 2906 semel
1787 2843 2104 2924 scriptum
2140 2846 2333 2919 esset,
2358 2840 2458 2904 bis
2496 2837 2728 2912 deinde

422 2974 461 3015 a
545 2951 818 3016 librario
907 2953 1291 3034 repetitum,
1381 2950 1926 3033 quemadmodum
2017 2950 2324 3027 XXVIII,
2418 2952 2452 3010 7
2522 2947 2586 3008 in
2678 2944 2727 3006 P

423 3058 703 3142 quum§
764 3065 799 3122 9
857 3081 979 3142 pro
1039 3059 1487 3123 Thronium
1554 3058 1845 3140 positum
1913 3065 2089 3120 esset
2154 3059 2557 3131 Toronen,
2628 3052 2728 3115 bis

426 3174 663 3251 postea
709 3166 769 3248 (ἓ
822 3172 891 3229 11
947 3175 1013 3231 01
1062 3167 1167 3250 13)
1213 3167 1387 3230 idem
1435 3187 1669 3229 nomen
1719 3162 2156 3228 substitutum
2204 3151 2458 3246 est]).¹)

595 3274 753 3357 Cap.
804 3280 902 3354 57,
953 3280 1019 3338 2:
1079 3274 1708 3357 Peropportuna
1753 3292 1959 3334 mors
2005 3267 2373 3356 Philippi
2419 3273 2572 3335 suit
2629 3270 2728 3333 ad

424 3382 897 3447 dilationem
967 3389 1045 3448 et
1111 3383 1206 3446 ad
1275 3383 1499 3444 vires
1556 3379 1777 3443 bello
1837 3380 2457 3445 contrahendaS.
2549 3379 2728 3443 Nihil

426 3496 1003 3569 commemoratur,
1053 3491 1227 3572 quod
1275 3491 1359 3553 ad
1406 3489 1577 3552 bello
1625 3487 1794 3550 vires
1842 3488 2326 3553 contrahendas
2383 3490 2726 3571 pertineat,

423 3621 563 3675 nec,
623 3599 756 3662 utri
803 3599 977 3680 parti
1034 3620 1113 3662 ea
1168 3595 1597 3662 commoditas
1667 3595 1971 3671 evenerit,
2040 3596 2460 3677 significatur.
2567 3595 2730 3660 Cum

429 3707 741 3771 dilatione
787 3706 945 3770 belli
988 3712 1166 3769 recte
1213 3707 1692 3785 coniunguntur
1734 3701 1904 3764 vires
1954 3704 2010 3764 ei
2059 3703 2442 3783 subtractae,
2492 3712 2558 3769 et
2604 3706 2729 3769 hoc

432 3815 634 3879 efficit
678 3814 964 3896 Philippi
1030 3834 1232 3891 mors,
1301 3832 1507 3894 eoque
1567 3809 1928 3891 pertinent,
2001 3832 2145 3892 quae
2214 3822 2578 3896 sequuntur
2647 3815 2725 3878 de

424 3923 767 3987 Bastarnis
826 3946 864 3988 a
920 3922 1353 3988 Macedonum
1411 3917 1714 4000 partibus
1782 3922 2112 3984 seiunctis.
2215 3921 2446 4003 Itaque
2505 3923 2726 3986 Livius

471 4200 517 4266 ¹)
555 4200 684 4269 Cap.
725 4204 806 4267 56,
861 4205 926 4255 10
968 4209 1122 4258 recte
1168 4205 1325 4269 fecit,
1384 4205 1634 4273 quisquis
1689 4209 1903 4276 primus
1950 4224 2051 4276 pro
2100 4207 2447 4259 admoneri
2504 4208 2726 4275 scripsit

555 4288 925 4342 admoveri.
999 4289 1127 4343 Non
1164 4290 1224 4342 id
1269 4289 1488 4358 agitur,
1536 4293 1863 4358 potueritne
1902 4292 2191 4345 admoneri
2225 4293 2572 4360 AntigonuS‚
2629 4292 2725 4345 sed

553 4374 897 4441 potueritne,
935 4391 1268 4441 quamquam
1307 4375 1598 4443 Philippus
1636 4377 1888 4430 nondum
1921 4377 2188 4446 perfectis
2238 4379 2489 4431 consiliis
2540 4382 2725 4429 morte

556 4474 855 4526 oppressus
894 4462 996 4525 est,
1039 4460 1246 4512 arcessi
1282 4465 1339 4512 et
1374 4460 1541 4513 rebus
1578 4477 1866 4530 regnoque
1907 4463 2207 4515 admoveri.
