3230 5282
619 637 744 691 Lib.
785 636 1090 690 XXXVIII.
1713 631 1834 689 548

618 809 1079 891 discrepantia,
1127 809 1337 874 solum
1373 809 1437 872 M
1474 831 1732 892 sequar,
1779 813 1847 875 in
1894 835 2025 895 quo
2071 821 2290 878 tamen
2326 816 2489 897 ipsc,
2535 818 2812 883 molesto
2857 820 2925 883 in

614 915 1150 1000 prosa‘oratione
1199 917 1544 981 verborum
1604 919 1864 996 ordine,
1934 921 2248 984 scribitur
2304 922 2533 987 nulla
2590 946 2920 1006 quarum

616 1046 734 1107 pro
783 1045 1113 1107 quarum
1158 1023 1414 1104 nulla)
1461 1024 1543 1088 ab
1602 1028 2003 1091 actuariis
2053 1028 2326 1093 navibus
2385 1031 2478 1093 sic
2536 1041 2924 1114 separantur

614 1153 1017 1210 moneres,
1063 1138 1139 1196 ut
1194 1133 1502 1196 actuariae
1561 1132 1621 1195 X
1668 1133 1994 1198 Antiocho
2054 1135 2518 1214 concedantur,
2588 1160 2925 1204 monerem

612 1239 856 1303 habere
904 1241 1163 1304 omnino
1210 1261 1290 1304 ne
1323 1238 1539 1303 liceat.
1610 1241 1837 1323 Ipsum
1870 1248 2088 1305 tamen
2138 1244 2493 1307 moneris
2527 1266 2781 1324 nomen,
2818 1247 2923 1309 vix

612 1347 903 1411 dubitari
951 1353 1190 1429 potest,
1239 1348 1395 1431 quin
1422 1346 1643 1411 Livius
1681 1350 1995 1430 posuerit,
2036 1370 2234 1432 quum
2275 1350 2358 1413 ob
2384 1350 2754 1432 Moguntini
2790 1352 2920 1433 (cui

441 1457 584 1526 (445)
621 1454 773 1518 Lov.
811 1460 850 1516 4
884 1453 1291 1535 adiungitur)
1328 1455 1881 1534 auctoritatem1),
1917 1462 2058 1519 tum
2093 1457 2269 1537 quod
2304 1458 2707 1537 minorem,
2749 1460 2921 1543 quod

609 1562 908 1645 vulgares
956 1562 1212 1625 codices
1258 1561 1539 1639 habent,
1594 1559 1751 1624 ferri
1811 1564 2037 1643 nequit
2083 1570 2150 1627 et
2197 1585 2275 1626 ex
2321 1563 2435 1628 illo
2483 1571 2698 1629 ortum
2746 1568 2922 1630 vide—

609 1678 750 1747 tur3
820 1669 996 1753 quod
1063 1669 1116 1732 si
1175 1671 1268 1732 ita
1326 1675 1446 1745 est,
1519 1670 1657 1732 sine
1731 1668 1929 1732 dubio
2000 1671 2173 1752 apud
2244 1670 2586 1753 Polybium
2656 1696 2918 1756 quoque

609 1779 908 1843 Graecum
965 1776 1129 1840 illud
1187 1796 1421 1840 nomen
1476 1777 1768 1858 positum
1837 1775 1991 1839 olim
2047 1776 2191 1841 fuit.
2285 1778 2692 1861 Quamquam
2749 1783 2920 1845 inter

609 1886 940 1950 actuarias
986 1905 1183 1948 naves
1231 1883 1452 1964 (tectis
1500 1890 1565 1946 et
1608 1883 1897 1966 plurium
1946 1884 2250 1947 ordinum
2307 1886 2587 1951 navibus
2634 1890 2917 1953 minores

609 1994 1044 2075 levioresque,
1105 1998 1511 2071 τριακοντόρους
1581 1989 1988 2069 similesque)
2049 1999 2114 2055 et
2170 2012 2469 2057 moneres
2516 1994 2673 2074 quid
2719 1995 2920 2058 inter·-

607 2101 825 2177 fuerit,
866 2098 1127 2163 difficile
1165 2106 1266 2162 est
1313 2098 1688 2178 excogitatu
1734 2118 1854 2160 nec
1901 2099 2054 2161 scic.
2127 2099 2254 2163 Sed
2303 2099 2480 2181 quod
2527 2101 2703 2182 apud
2750 2100 2918 2164 Livi-

609 2230 717 2272 um
765 2206 1078 2273 actuariae
1123 2226 1322 2270 naves
1370 2226 1519 2267 eum
1566 2203 1785 2268 locum
1832 2212 2075 2280 tenent,
2126 2227 2317 2288 quem
2367 2207 2541 2289 apud
2579 2207 2919 2290 Polybium

610 2316 706 2398 (et
782 2313 1181 2396 Appianum)
1249 2317 1445 2376 tectae
1525 2310 1964 2392 (κατάφρακτοι),
2038 2333 2453 2395 nequaquam
2520 2320 2701 2377 recte
2778 2314 2918 2377 fieri

606 2429 788 2505 pute.
880 2421 1111 2501 Itaque
1173 2425 1239 2483 et
1300 2418 1476 2501 apud
1521 2418 1861 2500 Polybium
1931 2427 1998 2483 et
2057 2421 2233 2502 apud
2280 2419 2531 2484 Livium
2591 2422 2905 2485 excidisse

606 2527 920 2593 nonnulla
965 2534 1146 2610 puto,
1195 2528 1641 2607 scriptumque
1687 2523 1727 2589 a
1772 2525 1952 2589 Livio
2000 2526 2080 2590 ad
2131 2526 2302 2590 hanc
2360 2526 2635 2592 formam
2683 2529 2914 2592 fuisse:

605 2658 755 2701 neu
803 2634 1073 2720 plures
1143 2655 1377 2717 quam
1448 2632 1719 2697 decem
1791 2654 2028 2697 naves
2095 2640 2344 2696 tectas
2414 2655 2593 2698 neve
2659 2635 2918 2716 plnres

601 2763 820 2821 quam
868 2788 900 2825 *
949 2762 1166 2805 naves
1234 2741 1686 2818 actuariae,
1760 2761 2097 2822 quarum
2156 2742 2384 2805 nulla
2442 2742 2627 2824 plus
2688 2765 2921 2825 quam

605 2854 957 2936 triginta
1025 2851 1263 2914 remis
1334 2852 1659 2930 agatur,
1728 2847 2031 2913 habeto
2099 2869 2297 2912 neve
2367 2870 2764 2913 monerem
2833 2870 2920 2912 ex

605 2960 811 3025 belli
858 2980 1136 3036 causa,
1182 2956 1394 3038 quod
1441 2956 1617 3037 ipse
1664 2954 2061 3018 illaturus
2109 2962 2250 3019 est.
2343 2957 2417 3019 In
2462 2954 2567 3019 his
2614 2956 2920 3019 extremis

602 3068 898 3133 residere
967 3066 1274 3130 mendum
1340 3085 1473 3126 non
1541 3061 1752 3125 solum
1818 3085 1895 3124 ex
1957 3083 2034 3126 eo
2096 3064 2424 3145 suspicor,
2495 3064 2668 3144 quod
2729 3063 2919 3125 nimis

601 3176 775 3240 nude
823 3174 986 3238 illud
1032 3191 1438 3237 monerem
1497 3170 1653 3250 poni
1708 3168 1999 3246 videtur,
2068 3169 2187 3233 sed
2246 3153 2420 3250 quod
2482 3176 2734 3233 certum
2802 3176 2918 3245 est,

600 3282 834 3347 Latine
879 3301 1009 3344 non
1057 3280 1186 3342 dici
1231 3298 1470 3340 naves
1517 3275 1823 3339 habere
1870 3297 1960 3339 ex
2006 3276 2211 3339 belli
2260 3296 2543 3356 causa,
2606 3277 2721 3340 sed
2768 3284 2909 3339 tan-

603 3396 742 3453 tum
788 3385 989 3451 belli
1037 3405 1296 3449 causa.
1393 3382 1622 3464 Neque
1681 3383 2040 3464 quidquam
2098 3384 2279 3447 iuvat
2335 3384 2388 3446 B
2436 3391 2502 3447 et
2548 3384 2915 3463 vulgarium

603 3496 902 3560 codicum
948 3494 1308 3575 scriptura:
1358 3511 1447 3555 ea
1491 3489 1695 3553 belli
1743 3510 2004 3553 causa.
2096 3490 2330 3571 Itaque
2377 3497 2494 3555 aut
2541 3511 2632 3553 ex
2678 3489 2912 3555 tollen·

603 3603 758 3667 dum
825 3607 928 3664 est
994 3605 1110 3663 aut
1176 3596 1628 3662 scribendum:
1696 3617 2090 3661 monerem
2160 3599 2338 3661 eius
2406 3596 2607 3661 belli
2655 3615 2911 3674 causa,

602 3708 824 3792 quod
871 3714 991 3771 cet.
1043 3704 1102 3788 [ἐ
1151 3709 1187 3768 9
1234 3724 1354 3788 pro
1401 3725 1508 3779 ec,
1568 3703 1744 3787 quod
1813 3703 2047 3782 editur,
2103 3706 2528 3786 pecuniam
2600 3705 2918 3785 stipen-

602 3816 845 3892 dium,
893 3816 958 3881 in
1006 3834 1133 3897 quo
1184 3818 1250 3876 et
1307 3810 1642 3875 distinctio
1691 3811 1983 3892 pecuniae
2030 3818 2098 3875 et
2143 3810 2452 3893 stipendii
2505 3810 2809 3893 displicet
2854 3814 2921 3872 et

602 3922 853 4005 copulae
920 3922 1219 3997 omissio,
1281 3915 1699 3983 scribendum
1747 3924 1875 3981 est:
1946 3919 2383 4001 pecuniam
2454 3917 2534 3978 in
2610 3920 2915 4000 stipen-

660 4205 706 4272 ι)
745 4203 1006 4258 Graviter
1070 4208 1219 4257 errat
1280 4199 1638 4270 Kreyssigius
1702 4199 1886 4256 codici
1955 4200 2015 4254 M
2075 4202 2417 4255 minorem
2482 4201 2751 4255 tribuens,
2855 4199 2921 4252 Id

740 4306 910 4356 quum
959 4290 1042 4343 ed.
1114 4286 1450 4355 Moguntina
1507 4301 1576 4337 ex
1636 4285 2021 4353 superioribus
2079 4286 2434 4353 retinuisset,
2475 4283 2785 4339 Cat-bachio
2830 4289 2914 4336 ta-

744 4377 938 4439 cente,
985 4371 1246 4427 Gelenius
1297 4370 1577 4439 „Antiqua
1636 4368 1836 4435 lectio,
1892 4369 2106 4438 inquit,
2165 4370 2339 4423 habet
2395 4367 2803 4435 monerem“,
2859 4366 2920 4421 id

740 4462 844 4523 est,
882 4457 1074 4512 codex.
