3230 5282
567 594 691 647 Lib.
730 587 977 645 XXXIV.
1662 581 1784 639 496

569 765 727 847 legi,
796 770 870 827 ut
935 765 998 826 in
1072 761 1459 825 brevissimo
1532 768 1597 825 et
1664 760 1978 825 facillimo
2039 762 2355 825 orationis
2413 763 2662 827 ambitu
2722 763 2875 827 sub-

569 873 809 935 iectum
891 871 1230 934 sententiae
1310 871 1524 951 ipsum
1606 868 1835 932 eadem
1922 868 2313 932 substantivi
2393 870 2603 934 forma
2668 870 2873 934 inclu-

570 979 767 1042 datur
833 979 898 1041 in
970 977 1295 1041 ablativos
1363 976 1738 1040 absolutos:
1786 976 2018 1040 urbe
2100 983 2335 1058 capta
2406 978 2596 1041 urbs
2662 977 2873 1041 redi-

569 1088 830 1150 mitur.
943 1085 1068 1166 (W.
1127 1083 1372 1162 XXXI,
1434 1089 1505 1162 2,
1570 1089 1638 1162 6,
1701 1085 2072 1167 comparari
2129 1085 2339 1161 iubet,
2411 1084 2521 1148 ubi
2582 1085 2738 1167 quid
2796 1107 2874 1148 ex

568 1187 835 1258 minima
917 1199 1103 1274 parte
1186 1191 1394 1256 simile
1477 1193 1588 1270 sit,
1667 1189 1941 1268 nesci0.)
2066 1189 2331 1255 Certum
2415 1198 2541 1266 est,
2626 1193 2872 1256 Livium

569 1301 906 1384 scripsisse
973 1300 1454 1363 tantummodo:
1515 1298 1678 1362 Iam
1749 1305 1989 1381 capta
2055 1321 2095 1362 a
2153 1299 2414 1364 Gallis
2475 1322 2629 1382 quo
2690 1299 2872 1363 red-

572 1415 834 1491 empta
880 1406 1073 1471 urbs
1121 1407 1285 1470 est?

396 1522 540 1588 (397)
751 1513 905 1597 Cap.
955 1519 1020 1593 6,
1091 1519 1125 1576 7
1186 1512 1280 1593 (in
1339 1513 1567 1578 eadem
1615 1513 1968 1592 oratione):
2037 1514 2214 1577 Haec
2272 1537 2510 1595 quum
2568 1517 2683 1579 ita
2738 1537 2871 1578 na-

566 1632 751 1687 tura
820 1622 1226 1686 distincta
1293 1621 1464 1685 sint
1533 1619 1636 1700 (ut
1703 1620 1857 1683 aliae'
1916 1620 2094 1703 leges
2162 1629 2498 1704 perpetuae
2566 1622 2871 1686 utilitatis

570 1751 786 1808 causa,
832 1730 977 1793 aliae
1025 1728 1109 1792 ad
1157 1734 1415 1810 tempus
1459 1727 1807 1807 ferantur),
1857 1749 1943 1791 ex
1991 1735 2171 1792 utro
2220 1728 2539 1792 tandem
2586 1751 2870 1811 genere

569 1860 657 1902 ea
715 1838 843 1901 lex
890 1858 1065 1901 esse
1112 1836 1471 1913 videtur,
1533 1856 1765 1916 quam
1824 1836 2363 1917 abrogamus?
2432 1857 2597 1919 quae
2642 1846 2870 1900 vetus

568 1947 795 2026 regia
849 1945 976 2009 lex
1035 1943 1274 2007 simul
1336 1964 1499 2006 cum
1559 1944 1736 2024 ipsa
1791 1942 1991 2006 urbe
2038 1951 2231 2007 nata
2277 1944 2701 2027 aut·„quod
2746 1966 2869 2008 se·

569 2052 911 2116 cundum
1004 2057 1154 2129 est,
1246 2052 1340 2114 ab
1434 2050 1917 2115 decemviris
2011 2050 2108 2113 ad
2189 2052 2613 2116 condenda
2694 2053 2872 2115 iura

569 2161 876 2224 creatis
969 2160 1042 2223 in
1124 2158 1548 2223 duodecim
1638 2158 1947 2222 tabulis
2028 2160 2373 2242 scripta,
2466 2161 2641 2223 sine
2720 2180 2871 2241 qua

569 2290 802 2350 quum
861 2268 1209 2331 maiores
1265 2266 1529 2329 nostri
1588 2287 1738 2330 non
1797 2267 2356 2330 existimarint
2414 2267 2652 2331 decus
2713 2288 2871 2330 ma-

568 2375 890 2439 tronale
939 2374 1249 2438 servari
1297 2394 1561 2455 posse,
1619 2372 1851 2436 nobis
1901 2395 2212 2456 quoque
2262 2374 2697 2455 verendum
2744 2376 2869 2448 sit,

568 2504 659 2547 ne
742 2503 913 2545 cum
993 2502 1085 2545 ea
1162 2480 1544 2570 pudorem
1626 2482 2321 2561 sanctitatemque
2390 2479 2868 2545 feminarum

570 2589 1067 2672 abrogemus.
1193 2586 1385 2665 Quis
1454 2588 1707 2668 igitur
1774 2588 2040 2652 nescit
2108 2597 2229 2653 cet.
2345 2587 2450 2653 Sic
2521 2589 2604 2667 B;
2673 2589 2871 2653 ceteri

570 2698 826 2763 codices
867 2698 975 2777 (de
1014 2697 1082 2761 M
1120 2696 1403 2778 tacetur)
1446 2718 1561 2777 pro
1618 2716 1785 2776 quae
1838 2704 2064 2760 vetus
2113 2697 2360 2761 habent
2399 2698 2586 2778 quia
2625 2702 2868 2769 vetus,

567 2807 694 2871 nisi
740 2806 913 2888 quod
965 2827 1135 2868 unus
1174 2801 1692 2868 Drakenborchii
1743 2804 1973 2867 eodem
2009 2804 2200 2868 modo
2237 2803 2675 2886 interpolatus
2711 2812 2869 2880 erat,

565 2936 690 2996 quo
740 2913 985 2995 Sigonii
1035 2919 1217 2976 vetns
1266 2910 1349 2991 (si
1395 2911 1493 2974 dis
1539 2910 1784 2993 placet)
1832 2910 2026 2987 liber,
2091 2933 2282 2993 quem
2330 2911 2617 2975 editores
2663 2932 2869 2993 usque

566 3022 648 3085 ad
704 3028 1005 3086 nostrum
1062 3027 1321 3101 tempus
1382 3019 1588 3083 secuti
1650 3026 1833 3095 sunt,
1903 3020 1995 3082 sic
2052 3019 2447 3083 scribentes:
2496 3054 2583 3063 —
2626 3019 2869 3083 abro-

563 3130 883 3210 gamus?
951 3148 1037 3190 an
1093 3135 1329 3191 vetus
1385 3128 1619 3208 regia
1676 3126 1802 3190 lex
1859 3161 1944 3170 —
2000 3127 2235 3189 nata?
2304 3145 2423 3205 nn,
2485 3126 2692 3207 quod
2750 3147 2868 3190 se-

498 3246 508 3258 ”
563 3236 905 3300 cundum
963 3241 1116 3311 est,
1178 3234 1272 3297 ab
1333 3234 1815 3297 decemviris
1864 3241 1985 3298 cet.
2089 3234 2382 3316 Apparet
2428 3233 2535 3314 (ne
2583 3234 2740 3315 quid
2787 3234 2867 3297 de

562 3365 652 3406 an
726 3352 790 3407 et
860 3362 1028 3423 quae
1087 3341 1186 3404 vel
1248 3342 1435 3424 quia
1495 3342 1887 3423 permutatis
1946 3341 2188 3421 dicam)
2246 3343 2425 3423 prius
2484 3363 2577 3405 an
2634 3342 2865 3405 vitiose

564 3450 716 3532 poni
761 3470 879 3531 pro
926 3458 1283 3512 vetusne.
1356 3449 1586 3532 Itaque
1635 3448 2201 3513 Weissenbornius
2248 3449 2563 3512 codicum'
2593 3449 2868 3530 vestigia

561 3557 834 3639 propius
881 3576 1182 3637 premens
1230 3554 1464 3619 edidit:
1537 3556 1852 3638 Quippe
1899 3562 2125 3619 vetus
2171 3557 2397 3637 regia
2442 3556 2862 3631 lex—aut,

562 3662 764 3743 quod
814 3662 1252 3727 secundum
1300 3670 1435 3741 est,
1486 3663 1580 3727 ab
1630 3663 2105 3727 decemviris
2143 3672 2287 3742 cet,
2336 3670 2409 3727 ut
2445 3664 2689 3728 ironice
2727 3662 2865 3725 haec

562 3770 938 3833 dicerentur
975 3770 1205 3833 eodem
1243 3769 1630 3850 significatu,
1671 3792 1832 3852 quo:
1884 3770 2146 3847 VetuS‚
2183 3770 2442 3849 credo,
2481 3772 2702 3851 regia
2741 3778 2861 3833 cet.

560 3875 687 3939 Sed
736 3876 1029 3958 quippe
1075 3897 1434 3958 numquam
1470 3877 1563 3940 sic
1600 3878 1867 3959 ponitur
1903 3878 2088 3943 initio
2128 3878 2269 3941 eius
2309 3879 2669 3955 sententiae,
2722 3898 2864 3958 quae

560 3983 803 4045 ironice
849 3982 1145 4064 fingitur,
1215 3993 1621 4067 repugnante
1681 3985 1829 4066 ipsa
1886 3984 2188 4050 vocabuli
2247 3991 2483 4048 natura
2531 3985 2614 4048 ab
2662 3985 2861 4048 inter-

539 4089 847 4173 rogando
897 4097 1072 4169 orta3
1133 4091 1346 4173 posito
1394 4092 1533 4173 ipso
1581 4091 1715 4171 illo,
1775 4091 1948 4173 quod
1994 4092 2329 4156 irridendo
2377 4091 2662 4173 fingitur,
2712 4090 2861 4154 sub-

558 4198 779 4261 iicitur
825 4219 971 4261 cum
1020 4199 1270 4262 ironica
1316 4198 1771 4262 adfirmatione
1821 4197 2092 4278 (warum
2136 4198 2407 4279 nichtP).
2501 4198 2599 4262 Ad
2647 4218 2861 4261 emen-

559 4304 892 4369 dationem
959 4305 1412 4369 inveniendam
1480 4306 1773 4387 proderit
1845 4306 2414 4383 animadvertisse,
2484 4328 2610 4369 non
2681 4312 2858 4368 recte
