3230 5282
1678 571 1803 671 244

587 760 742 825 libri
797 758 954 824 XXI
1021 758 1104 824 ab
1170 758 1361 823 initio
1429 763 1497 822 et
1549 755 1703 821 libri
1760 753 1944 819 XXX
2003 755 2276 820 extremi
2332 775 2486 839 pars
2542 753 2771 837 aliqua
2824 756 2891 818 in

586 869 923 935 Puteaneo
992 868 1207 946 deest,
1276 887 1421 951 quae
1485 865 1554 929 in
1624 865 1860 930 ceteris
1928 863 2266 928 codicibus
2325 869 2427 928 est
2481 861 2636 944 (etsi
2696 862 2891 927 etiam

585 976 754 1042 Med.
800 978 869 1041 in
928 975 1057 1042 fine
1113 976 1385 1040 mutilus
1443 973 1601 1055 est),
1669 979 1948 1057 apparet
2004 978 2158 1056 post
2214 971 2473 1037 codices
2530 970 2698 1035 alios
2741 969 2890 1034 inde

591 1085 959 1169 descriptos
1005 1085 1220 1169 prima
1265 1089 1331 1148 et
1375 1088 1669 1148 extrema
1712 1081 1892 1161 folia,
1937 1086 2013 1146 ut
2054 1079 2149 1161 fit,
2195 1101 2353 1146 casu
2390 1085 2456 1145 et
2487 1078 2894 1162 neglegentia

590 1201 709 1259 aut
752 1195 814 1258 vi
861 1193 1141 1276 denique
1187 1191 1620 1257 intercidisse.
1714 1188 1840 1273 [De
1886 1189 2280 1272 antiquioris
2328 1188 2597 1272 originis
2640 1186 2891 1252 lacunis

589 1309 657 1367 et
720 1302 1234 1386 transpositione
1303 1300 1529 1385 aliqua
1597 1299 1812 1363 dicam
1880 1296 2079 1383 paulo
2148 1295 2350 1382 post.]
2460 1295 2727 1378 Itaque,
2791 1294 2890 1359 his

585 1408 888 1493 partibus
937 1411 1260 1494 exceptiS,
1329 1408 1703 1489 ubicunque
1763 1406 1843 1471 de
1901 1406 2148 1471 codicis
2196 1405 2516 1471 Puteanei
2565 1404 2894 1489 scriptura

588 1524 875 1597 constat,
944 1519 1012 1582 in
1069 1520 1362 1602 quinque
1421 1516 1687 1601 quidem
1746 1515 2078 1600 prioribus
2134 1513 2329 1579 huius
2390 1512 2657 1578 decadis
2703 1512 2887 1577 libris

589 1626 673 1691 ad
734 1647 881 1691 eum
925 1648 1156 1706 unum,
1226 1626 1462 1691 ceteris
1511 1624 1844 1704 omnibus,
1914 1624 2114 1688 etiam
2159 1622 2449 1704 antiquis
2498 1628 2563 1686 et
2606 1620 2890 1703 reliquo-

589 1757 737 1799 rum
814 1735 1025 1800 turbae
1103 1734 1295 1818 longe
1363 1733 1865 1819 praestantibus,
1945 1731 2375 1815 posthabitis,
2456 1730 2665 1795 omnis
2730 1749 2893 1794 verae

594 1844 936 1927 scripturae
993 1844 1398 1908 existimatio
1445 1850 1512 1907 et
1555 1841 1908 1926 exquisitio
1963 1839 2310 1905 referenda
2367 1844 2467 1903 est
2525 1839 2680 1918 (nisi
2722 1837 2890 1903 forte

593 1951 751 2035 quid
832 1951 987 2017 olim
1064 1952 1131 2016 in
1198 1972 1273 2016 eo
1340 1951 1757 2035 perspicuum
1820 1970 1994 2014 nunc
2062 1947 2382 2029 evanuit),
2463 1948 2529 2012 in
2597 1946 2887 2030 quinque

585 2060 1066 2143 posterioribus
1113 2081 1259 2124 cum
1297 2080 1394 2139 ea,
1441 2080 1587 2144 quae
1621 2079 1773 2123 mox
1808 2056 2443 2136 commemorabitur,
2488 2057 2888 2139 exceptione.

584 2167 759 2233 Usus
827 2174 926 2233 est
992 2174 1211 2233 autem
1267 2169 1520 2252 primus
1577 2189 1656 2232 eo
1716 2166 1942 2232 codice
1999 2164 2091 2231 Io.
2154 2164 2259 2229 Fr.
2322 2163 2691 2230 Gronovius
2746 2184 2891 2228 cum

590 2298 842 2341 summo
903 2277 1068 2340 Livii
1136 2276 1383 2357 fructu,
1449 2274 1746 2340 adhibito
1813 2274 2055 2357 ingenii
2113 2273 2444 2349 acumine,
2516 2272 2632 2337 sed
2690 2272 2889 2356 scrip-

589 2390 778 2448 turas
835 2384 1015 2449 illius
1071 2386 1286 2449 aetatis
1333 2406 1536 2463 more,
1607 2406 1807 2468 quum
1863 2384 2033 2467 ipse,
2100 2388 2173 2446 ut
2228 2383 2296 2445 in
2353 2380 2737 2464 praefatione
2796 2386 2890 2444 te-

596 2497 840 2568 statur,
908 2491 1158 2557 nullum
1226 2514 1358 2558 non
1426 2492 1679 2576 apicem
1746 2495 2133 2575 persecutus
2201 2493 2406 2568 eSSet,
2471 2494 2729 2553 tantum
2786 2509 2891 2552 ex-

588 2606 865 2683 cerptaS,
924 2621 959 2665 e
1006 2600 1241 2683 quibus
1287 2602 1425 2686 ipse
1471 2600 1966 2666 emendationes
2012 2598 2551 2684 suspicionesque
2597 2595 2893 2677 duxerat,

586 2709 928 2792 evulgavit.
1029 2710 1301 2774 Addidit
1356 2730 1605 2795 paucas
1665 2706 2245 2773 Drakenborchius
2306 2729 2347 2772 a
2405 2705 2682 2771 Sallerio
2740 2705 2892 2771 sub·

585 2818 1013 2897 ministratas,
1050 2819 1369 2900 quasdam
1394 2816 1756 2897 Creverius,
1791 2822 2024 2881 neuter
2062 2818 2200 2881 sine
2236 2814 2589 2880 erroribus.
2647 2814 2891 2880 Nostro

585 2930 806 2989 autem
848 2932 1146 3008 tempore
1196 2948 1452 2991 omnem
1500 2927 1844 3010 scripturae
1888 2926 2272 2989 varietatem
2308 2925 2375 2988 in
2410 2922 2624 2988 tribus
2662 2922 2892 3007 primis

585 3033 773 3099 libris
851 3033 1296 3099 Alschefskius
1375 3055 1416 3099 a
1483 3056 1552 3099 se
1636 3040 1970 3098 enotatam
2053 3031 2259 3096 edidit
2339 3031 2531 3113 (satis
2609 3030 2896 3097 molesta

584 3141 855 3223 forma),
915 3143 979 3207 in
1028 3164 1142 3208 sex
1186 3143 1502 3226 proximis
1549 3140 1620 3222 (a
1664 3141 1877 3205 XXIV
1924 3140 2007 3204 ad
2053 3139 2329 3221 XXIX),
2389 3160 2431 3204 a
2475 3139 2551 3205 G.
2596 3139 2893 3205 Beckero

588 3250 934 3334 diligenter
1003 3251 1431 3335 descriptam,
1498 3249 2100 3329 Weissenbornius;
2169 3249 2238 3312 in
2307 3247 2478 3312 libro
2542 3246 2725 3311 XXX
2782 3247 2895 3312 AJ—

587 3357 981 3438 schefskiuS,
1051 3381 1249 3440 quum
1319 3380 1468 3423 eum
1523 3357 1768 3422 librum
1813 3358 2168 3441 separatim
2215 3357 2468 3436 ederet,
2535 3376 2694 3422 usus
2754 3362 2900 3421 erat

585 3467 928 3549 scripturis
1007 3464 1091 3531 ab
1158 3465 1233 3529 E.
1300 3465 1559 3531 Millero
1630 3466 1913 3531 enotatis
1982 3486 2227 3549 easque
2294 3464 2897 3530 incommodissime

587 3573 948 3657 discerptas
1013 3595 1147 3639 non
1214 3595 1436 3638 omnes
1494 3573 1731 3653 edidit,
1800 3573 2127 3657 supplevit
2186 3580 2409 3637 autem
2463 3579 2697 3657 postea
2754 3573 2896 3656 ipse

588 3682 892 3766 quaedam
956 3687 1025 3747 et
1070 3682 1375 3763 correxit,
1434 3702 1578 3764 quae
1617 3682 2190 3748 Weissenbornius
2235 3682 2333 3745 ita
2379 3681 2772 3764 composuit,
2824 3688 2898 3746 ut

588 3799 811 3856 tamen
856 3790 1109 3874 aliquid
1152 3791 1219 3853 in
1262 3790 1388 3855 hoc
1430 3790 1603 3856 libro
1651 3791 1736 3855 ad
1783 3791 2044 3875 plenam
2089 3789 2529 3873 cognitionem
2574 3789 2843 3869 desit.¹)

765 3899 1022 3964 Desunt
1075 3919 1277 3977 nunc,
1346 3905 1421 3963 ut
1474 3900 1606 3963 iam
1664 3899 1827 3980 dixi,
1897 3899 2144 3963 codicis
2200 3898 2251 3963 P
2306 3897 2466 3962 folia
2520 3897 2780 3980 aliquot
2836 3898 2902 3962 in

585 4009 772 4073 initio
820 4016 885 4072 et
929 4007 1076 4086 fine,
1120 4008 1187 4070 in
1233 4006 1473 4090 quibus
1521 4013 1710 4071 erant
1741 4007 1894 4072 libri
1917 4007 2072 4071 XXI
2096 4008 2314 4092 capita
2348 4005 2795 4090 quadraginta
2831 4012 2898 4071 et

585 4137 738 4201 pars
797 4116 1278 4198 quadragesimi
1333 4116 1561 4199 primi,
1621 4116 1750 4181 nisi
1805 4114 1982 4199 quod
2041 4115 2168 4180 duo
2215 4113 2377 4180 folia
2419 4121 2896 4194 remanserunt,

587 4245 735 4309 quse
796 4225 1134 4290 continent
1190 4246 1241 4289 c.
1291 4228 1400 4304 20,
1457 4228 1496 4289 8
1557 4223 1644 4289 ad
1691 4228 1803 4304 21,
1867 4229 1943 4288 13
2004 4232 2070 4289 et
2126 4245 2179 4288 c.
2229 4228 2339 4304 29,
2399 4227 2435 4287 6
2484 4221 2570 4286 ad
2615 4226 2727 4302 30,
2796 4228 2893 4302 11,

584 4333 736 4398 libri
783 4340 1002 4398 autem
1045 4331 1228 4396 XXX
1274 4354 1431 4416 pars
1476 4333 1612 4397 fere
1657 4335 1857 4398 tertia
1904 4354 1944 4397 a
1989 4354 2041 4397 c.
2094 4337 2194 4412 30,
2245 4337 2342 4412 14,
2388 4331 2517 4397 nisi
2561 4330 2739 4413 quod
2788 4331 2895 4396 hic

646 4526 690 4592 ¹)
732 4523 882 4594 [Cfr.,
919 4540 1044 4594 quae
1081 4524 1343 4596 exposuit
1377 4522 1733 4581 Woelfflinus
1767 4524 1989 4581 Hermae
2023 4525 2136 4579 vol.
2172 4523 2307 4580 vm
2341 4542 2396 4595 p.
2434 4524 2532 4579 361
2571 4520 2716 4592 sqq]
