3230 5282
1450 604 1570 666 671
2298 620 2421 677 Lib.
2457 621 2656 679 XLIII.

368 785 402 871 ξ
446 792 487 851 4
533 794 610 854 et
654 793 883 853 natum
929 789 1160 873 opinor
1205 809 1285 853 ex
1328 788 1562 855 ultima
1604 789 1831 855 littera
1874 789 2056 856 verbi
2104 791 2439 873 scirent,
2501 795 2660 859 scri-

365 894 781 979 bendumque
829 917 1004 963 esse:
1052 896 1132 963 id
1173 898 1290 962 ita
1332 903 1419 963 ut
1464 919 1640 964 esse
1690 899 1996 965 scirent
2041 900 2369 984 patres.)

539 1001 694 1089 Cap.
748 1008 844 1084 16,
899 1008 1003 1070 13:
1074 1003 1467 1072 Censores
1526 1004 1591 1086 (a
1637 1006 1705 1072 P.
1753 1006 1999 1073 Rutilio
2048 1012 2128 1073 tr.
2175 1008 2261 1092 pl.
2308 1009 2659 1093 perduelli-

365 1113 507 1178 onis
554 1113 873 1196 accusati)
911 1114 1311 1197 extemplo
1347 1114 1426 1184 in
1463 1116 1762 1180 atrium
1796 1114 2256 1183 Libertatis
2294 1120 2660 1186 escende-

362 1228 568 1301 runt,
617 1228 694 1287 et
738 1221 856 1287 ibi
901 1222 1259 1305 signatis
1294 1221 1634 1287 tabellis
1669 1223 2025 1307 publicis
2062 1224 2512 1312 clausoque
2548 1236 2660 1294 ta-

361 1328 683 1394 bulario
728 1365 815 1373 —
859 1337 1265 1414 negarunt
1313 1351 1393 1396 se
1439 1365 1528 1375 —-
1569 1331 2017 1417 quidquam
2061 1330 2371 1417 publici
2414 1352 2660 1416 nego-

358 1438 459 1502 tii
504 1445 903 1521 gesturos.
995 1436 1332 1521 Signare
1401 1439 1764 1506 tabellas
1823 1440 2028 1523 (velut
2084 1439 2658 1522 testamentorum)

361 1566 588 1612 eorum
631 1547 926 1631 ipsorum
972 1553 1100 1626 est,
1172 1547 1287 1630 qui
1344 1549 1648 1632 apposito
1707 1550 1891 1633 signo
1951 1571 2059 1616 eas
2116 1548 2501 1617 confirmant
2545 1553 2661 1615 aut

359 1653 597 1720 saltem
641 1654 837 1720 fidem
880 1655 960 1720 iis
1009 1655 1381 1721 conciliant.
1450 1656 1684 1751 Itaque
1721 1659 1824 1742 (ut
1862 1660 2178 1739 omittam,
2213 1657 2474 1724 tabulas
2509 1678 2657 1722 cen-

356 1764 567 1828 sorias
613 1784 824 1848 neque
882 1764 1179 1847 signatas
1234 1784 1511 1846 usquam
1579 1768 2078 1833 commemorari
2143 1787 2355 1851 neque
2421 1785 2657 1850 genere

360 1893 479 1937 suo
526 1871 876 1954 signandas
921 1871 1122 1939 fuisse
1166 1872 1423 1953 videri),
1473 1874 1527 1938 si
1573 1895 1876 1941 censores
1914 1895 2025 1941 eas
2061 1895 2232 1942 nunc
2269 1857 2657 1956 signassent,

355 1979 425 2045 id
472 1980 687 2062 ipsum
732 1979 1057 2058 fecissent,
1107 1980 1282 2065 quod
1331 2002 1399 2046 se
1445 1980 1733 2048 facturos
1779 1983 2137 2066 negabant,
2184 1989 2257 2048 ut
2302 1981 2659 2064 quidquam

354 2107 477 2172 pro
524 2088 920 2172 magistratu
956 2097 1247 2171 agerent.
1318 2088 1649 2156 Praeterea
1693 2090 1808 2155 ibi
1845 2090 2157 2157 abundat.
2229 2088 2400 2168 Quid
2435 2089 2658 2155 Livius

355 2196 711 2280 scripserit,
756 2196 858 2261 vel
904 2215 1103 2262 unum
1148 2196 1313 2262 illud
1362 2197 1637 2263 clauso
1684 2197 2098 2265 tabulario
2144 2198 2494 2266 ostendere
2541 2220 2657 2281 po-

353 2309 517 2370 test:
567 2312 643 2370 et
687 2304 1123 2387 obsignatis
1169 2304 1504 2371 tabellis
1567 2307 1781 2390 publ.
1830 2307 2269 2391 clausoque
2324 2308 2485 2374 tab.
2534 2314 2655 2373 cet·

353 2412 801 2498 Obsignarunt
845 2412 1129 2493 tabulas,
1173 2420 1248 2479 ut
1294 2435 1518 2479 earum
1562 2417 1873 2482 tractatio
1910 2423 1976 2481 et
2020 2415 2341 2482 confectio
2386 2437 2653 2500 prorsus
2689 2419 2832 2488 (556)

355 2521 923 2586 intermitteretur.
995 2519 1300 2588 Ceterum
1344 2521 1594 2588 Livium
1641 2523 1966 2591 tabulas
2011 2524 2134 2590 has
2170 2523 2470 2609 publicas
2515 2546 2663 2590 cen·
2806 2507 2811 2514 ⁹

361 2630 698 2714 soriasque
747 2629 1116 2715 appellasse
1161 2639 1343 2716 put0,
1391 2653 1521 2697 non
1566 2632 1946 2699 tabellas.
2020 2632 2216 2718 [Nam
2262 2633 2435 2716 quod
2481 2632 2660 2718 apud

364 2737 746 2804 Ciceronem
812 2739 878 2803 in
936 2738 1116 2805 Verr.
1165 2739 1237 2820 V,
1302 2744 1420 2805 103
1489 2742 1688 2806 semel
1756 2741 2111 2808 tabellas
2159 2741 2343 2807 codd.
2391 2741 2653 2823 habent,

360 2846 463 2913 bis
522 2846 887 2924 tabulas,
944 2868 1062 2931 pro
1109 2846 1301 2912 Arch.
1351 2852 1562 2912 s—lo
1608 2851 1764 2914 item
1811 2849 2011 2915 semel
2057 2848 2441 2929 tabellaS,
2487 2871 2658 2934 saepe

358 2954 496 3020 tab
512 2954 718 3035 ulaS,
809 2956 1015 3039 magis
1106 2955 1430 3022 dubitatio
1533 2956 1957 3022 confirmatur
2056 2976 2253 3041 quam
2354 2956 2654 3040 tollitur]

362 3061 423 3146 (ξ
477 3067 550 3127 12
598 3063 851 3128 Livium
901 3064 1268 3148 scripsisse:
1315 3087 1471 3131 non
1516 3064 2094 3130 recusantibus
2153 3065 2657 3146 censoribuS,

362 3173 498 3255 qui
567 3172 822 3237 minus
891 3207 974 3217 —
1039 3172 1429 3238 iudicium
1490 3173 1579 3238 de
1628 3193 1706 3238 se
1752 3173 2105 3257 populus
2153 3172 2490 3251 faceret,
2538 3194 2656 3256 pro

360 3280 609 3345 usitato
657 3301 804 3362 quo
851 3282 1141 3362 minus,
1207 3282 1469 3346 minime
1516 3287 1768 3346 certum
1813 3288 1929 3347 est.
2021 3282 2199 3359 Quos
2245 3279 2658 3346 Drakenbor-

363 3388 545 3453 chius
612 3388 699 3453 ad
743 3387 1041 3468 XXVIII,
1092 3392 1187 3469 13,
1240 3393 1316 3453 18
1364 3396 1703 3473 comparat
1748 3398 1883 3455 tres
1941 3389 2147 3467 locOS,
2208 3387 2656 3473 omnesgalius

359 3498 616 3581 generis
664 3503 847 3575 sunt3
914 3497 981 3562 in
1040 3497 1299 3564 duobus
1368 3499 1508 3581 qui
1563 3500 1825 3563 minus
1871 3503 1972 3563 est
2019 3496 2413 3582 quomodo
2460 3496 2653 3579 (cur)

361 3607 659 3681 minuS,
706 3612 863 3671 noto
907 3605 1086 3687 usu.)

535 3713 691 3797 Cap.
744 3717 839 3794 17,
888 3718 925 3778 8
973 3713 1082 3796 (de
1128 3713 1598 3792 Acarnanibus,
1667 3735 1941 3797 quorum
2011 3713 2221 3779 altera
2289 3712 2517 3793 factio,
2584 3719 2659 3779 ut

360 3821 667 3907 praesidia
713 3822 1008 3887 Romana
1050 3823 1118 3887 in
1174 3822 1367 3887 urbes
1414 3842 1567 3887 suas
1612 3820 2093 3900 inducerentur,
2140 3819 2648 3906 postulaverat):

359 3951 551 4015 pars
596 3950 1006 4010 recusare,
1073 3950 1196 4011 ne,
1265 3930 1473 4012 quod
1540 3929 1760 3995 bello
1819 3931 2089 4014 captis
2148 3937 2226 3995 et
2283 3928 2657 3995 hostibus

360 4059 525 4103 mos
573 4044 825 4118 esset,
872 4037 950 4102 id
994 4045 1297 4122 pacatae
1345 4045 1419 4103 et
1466 4040 1692 4103 sociae
1760 4038 2147 4103 civitates
2205 4036 2657 4119 ignominias

360 4147 850 4231 acciperent.
940 4146 1169 4211 Audiri
1213 4166 1479 4212 necesse
1538 4154 1640 4211 est
1684 4146 2087 4230 accipere,
2136 4145 2260 4210 etsi
2305 4143 2658 4209 admodum

361 4254 523 4320 dure
571 4253 838 4320 auditur
884 4256 1084 4320 etiam
1129 4254 1212 4320 ob
1260 4254 1474 4321 relata
1519 4255 1691 4319 inter
1736 4275 1805 4319 se
1853 4251 2061 4337 quod
2108 4287 2183 4298 —
2232 4252 2330 4331 id,
2378 4272 2655 4336 quorum

359 4370 711 4447 utrumque
757 4383 944 4428 suum
989 4362 1259 4429 verbum
1291 4362 1602 4446 postulat.
1673 4361 1801 4428 Sed
1835 4383 2068 4446 parum
2104 4367 2257 4444 apte
2292 4359 2465 4425 bello
2502 4380 2655 4441 cap-

358 4472 446 4537 tis
492 4492 632 4537 mos
680 4491 822 4536 esse
869 4470 1112 4535 dicitur
1158 4471 1452 4553 accipere
1500 4470 1940 4553 ignominiam,
2004 4469 2196 4552 quasi
2253 4469 2545 4552 ipsorum
2589 4468 2655 4530 in
