3230 5282
1371 602 1494 663 605
2271 611 2396 666 Lib.
2432 611 2578 666 XLI.

276 786 659 871 postulatio,
706 785 1070 870 praesertim
1128 784 1212 849 ab
1273 785 1545 850 deorum
1601 784 1851 851 honore
1918 785 2227 869 separati,
2296 805 2577 848 comme-

277 902 607 974 moratur3
653 915 773 959 nec
816 893 1036 958 Livius
1084 894 1176 957 sic
1224 894 1589 977 scripturus
1638 899 1809 972 erat,
1880 901 1955 958 ut
2008 894 2226 978 priore
2271 893 2415 958 loco
2461 892 2578 956 ho-

276 1024 474 1068 nores
521 1000 848 1084 (meritos)
916 1001 1286 1067 hominibus
1352 1002 1755 1085 postulatos,
1823 1002 2036 1068 altero
2102 1000 2419 1067 honorem
2476 1000 2578 1065 dis

278 1110 652 1176 habendum
696 1112 1083 1176 nominaret.
1154 1110 1310 1188 Quae
1357 1111 1444 1174 sit
1490 1111 1655 1175 Livii
1698 1110 1764 1174 in
1811 1109 2142 1175 honoris
2195 1111 2457 1175 nomine
2498 1109 2579 1173 de

282 1219 408 1285 hoc
466 1241 703 1303 genere
760 1240 979 1284 rerum
1039 1218 1344 1302 ponendo
1401 1218 1834 1296 consuetudO,
1880 1218 2161 1301 perspici
2204 1219 2453 1302 poterit
2500 1239 2581 1282 ex

279 1329 475 1393 huius
521 1328 675 1393 libri
721 1350 773 1393 c.
827 1333 923 1406 17,
987 1331 1043 1405 3,
1093 1349 1170 1392 ex
1214 1325 1446 1404 XXVI,
1508 1331 1608 1404 21,
1659 1329 1714 1404 3,
1759 1325 2056 1405 XXVIII,
2104 1331 2162 1406 9,
2211 1332 2247 1392 7
2296 1326 2401 1407 (et
2460 1325 2579 1390 dis

284 1436 891 1502 immortalibus
935 1435 1389 1500 haberetur
1434 1434 1689 1500 honos
1735 1439 1813 1498 et
1849 1435 2052 1518 ipsis
2086 1434 2577 1519 triumphan-

280 1544 503 1610 tibus
550 1544 822 1609 urbem
868 1545 1078 1609 inire
1125 1541 1465 1625 liceret),
1512 1542 1811 1621 XXXIII,
1857 1547 1956 1620 22,
2006 1548 2041 1607 5
2099 1543 2277 1623 (non
2323 1544 2577 1626 magis

285 1655 374 1719 de
420 1654 830 1737 triumpho
890 1654 1061 1718 eius
1131 1673 1363 1736 quam
1430 1652 1522 1716 de
1568 1651 1872 1716 honore
1919 1651 2039 1716 dis
2096 1652 2580 1717 immortali-

282 1763 431 1828 bus
477 1762 834 1827 habendo
883 1760 1300 1843 dubitari),
1367 1759 1630 1839 XXXV,
1687 1763 1745 1838 8,
1806 1763 1842 1823 3
1902 1759 2267 1842 (questus
2312 1765 2432 1823 est
2473 1795 2578 1837 —,

282 1870 494 1953 quod
535 1905 623 1915 —
669 1892 819 1935 non
866 1876 1090 1934 esset
1133 1868 1464 1934 habitus
1500 1868 1621 1932 dis
1657 1867 2256 1933 immortalibus
2290 1868 2580 1947 honos3

283 1980 737 2064 postulavit
783 1978 1106 2057 deinde,
1154 1982 1240 2041 ut
1286 1976 1976 2060 supplicationem
2020 1976 2260 2041 simul
2305 1977 2581 2041 trium-

279 2088 684 2172 phumque
751 2084 1331 2166 decernerent),
1397 2084 1756 2165 XXXVIII,
1814 2091 1913 2164 44,
1979 2088 2074 2165 10,
2139 2084 2270 2151 ibd.
2330 2088 2431 2162 48,
2485 2089 2581 2162 16,

282 2195 588 2274 XXXIX,
644 2202 702 2273 4,
765 2199 802 2258 2
862 2202 929 2260 et
975 2199 1032 2273 6,
1089 2194 1221 2260 ibd.
1283 2198 1380 2273 38,
1429 2199 1484 2258 5.
1574 2194 1941 2278 Apparebit
2006 2193 2126 2259 hos
2180 2193 2367 2259 locos
2435 2214 2583 2276 per-

283 2305 629 2384 lustranti,
688 2304 957 2370 honoris
1024 2302 1309 2368 habendi
1375 2303 1774 2368 mentionem
1831 2324 2086 2386 semper
2141 2301 2225 2366 ad
2292 2301 2449 2366 deos
2515 2308 2584 2367 et

283 2414 368 2478 ad
418 2413 961 2497 supplicationem
1004 2412 1351 2495 pertinere,
1398 2410 1513 2475 ubi
1558 2418 1777 2477 autem
1824 2412 1903 2476 de
1949 2410 2283 2494 triumpho
2329 2417 2582 2493 agatur,

284 2542 429 2586 eam
473 2522 657 2606 poni,
708 2520 881 2603 quod
927 2522 994 2584 in
1039 2519 1370 2604 triumpho
1416 2520 1617 2584 etiam
1667 2519 1766 2584 dis
1813 2519 2325 2602 supplicaretur,
2372 2518 2584 2586 altero

283 2630 430 2695 loco
486 2631 694 2715 ipsius
740 2628 1055 2713 triumphi
1114 2629 1497 2714 petitionem
1564 2627 1853 2711 adiungi.
1943 2628 2174 2713 Itaque
2241 2626 2365 2694 hoc
2429 2628 2576 2696 loco
2615 2645 2758 2716 (497)

289 2741 662 2804 necessario
752 2738 1166 2802 scribendum
1257 2744 1385 2802 est:
1465 2737 2246 2821 postulandumque,
2335 2738 2588 2804 honos

286 2848 631 2911 meritus
700 2853 787 2911 ut
854 2846 971 2910 dis
1029 2845 1634 2910 immortalibus
1695 2844 2152 2910 haberetur.
2244 2843 2590 2930 Scriptura

287 2955 600 3020 mendosa
668 2961 894 3019 totane
963 2956 1026 3017 in
1097 2953 1323 3018 codice
1390 2953 1593 3018 fuerit
1658 2973 1742 3016 an
1808 2954 2170 3017 accesserit
2213 2952 2465 3035 aliquid
2508 2976 2591 3019 ex

284 3065 498 3128 minus
566 3062 743 3126 felici
800 3062 1057 3145 Grynaei
1116 3067 1383 3139 conatu,
1454 3061 1707 3139 nesci03
1778 3059 1953 3141 quod
2010 3082 2089 3124 ex
2144 3060 2273 3125 his:
2319 3068 2589 3144 postu-

287 3170 784 3255 landumque
831 3171 1085 3234 honos
1131 3169 1468 3232 meritus
1514 3166 1756 3232 factum
1797 3168 1971 3233 dico:
2019 3170 2588 3253 postulandos-

284 3301 437 3362 que
483 3279 830 3343 honores
877 3278 1234 3355 meritOS,
1282 3278 1418 3342 eius
1454 3277 1717 3358 quidem
1754 3276 1991 3365 similia
2024 3278 2354 3359 permulta
2387 3278 2588 3344 libra-

285 3389 426 3451 rius
474 3389 816 3452 commisit.
865 3386 991 3451 Sed
1041 3385 1450 3450 desideratur
1495 3386 1700 3468 ipsius
1735 3384 2050 3467 triumphi
2097 3387 2586 3469 petiti-mentio,

293 3497 407 3580 qui
452 3517 505 3561 c.
555 3501 611 3574 7,
662 3502 691 3559 1
745 3502 929 3559 actus
977 3500 1537 3559 commemoratur.
1607 3492 1774 3557 Eam
1809 3499 2030 3556 utrum
2073 3492 2381 3560 librarius
2428 3496 2588 3560 omi-

292 3606 455 3670 serit
520 3627 607 3669 an
671 3603 890 3668 Livius
947 3603 1008 3667 h.
1055 3603 1097 3666 l.
1148 3622 1227 3667 ex
1272 3602 1538 3667 honoris
1606 3599 1878 3665 deorum
1945 3607 2011 3666 et
2078 3602 2583 3687 supplicationis

286 3714 617 3777 mentione
662 3711 956 3793 intellegi
1001 3710 1307 3785 voluerit,
1354 3730 1482 3774 non
1528 3707 1799 3785 definio,
1849 3708 1963 3774 sed
2009 3710 2076 3774 in
2120 3710 2290 3777 hanc
2333 3719 2587 3795 partem

285 3821 526 3886 inclino
571 3841 692 3885 nec
738 3820 1109 3903 suspicione
1155 3817 1329 3881 ultra
1373 3817 1779 3901 progredior.
1871 3816 1932 3899 (ἐ
1979 3822 2016 3881 9
2063 3818 2290 3883 vellem
2336 3819 2586 3885 obtem-

289 3936 594 4013 peratum
649 3949 691 3992 a
744 3926 1219 3992 recentioribus
1285 3924 1582 4004 Dukero,
1640 3926 1751 4009 qui
1805 3933 1983 3990 reete
2050 3927 2379 4006 iudicavit,
2445 3951 2586 4013 pu·

287 4036 505 4102 blice
550 4035 966 4101 scribendum
1011 4032 1278 4115 esse.)¹)

334 4240 387 4306 ²)
425 4238 554 4308 Cap.
595 4241 643 4305 7,
682 4242 714 4291 2
749 4257 865 4293 non
899 4242 1050 4291 recte
1087 4236 1250 4291 alteri
1287 4235 1505 4290 consuli
1552 4252 1879 4305 proenomen
1934 4237 2159 4291 additur
2196 4237 2355 4306 (Ti.),
2390 4243 2587 4292 natum

422 4342 492 4378 ex
529 4325 884 4394 praecedenti
917 4323 1194 4377 vocabulo
1233 4322 1570 4391 (argenti).
1646 4321 1775 4391 Cap.
1814 4325 1863 4388 8,
1900 4325 1934 4375 7
1967 4328 2100 4392 post
2134 4325 2584 4389 permittatur

420 4427 524 4478 pro
579 4415 874 4479 possent
927 4409 1279 4463 scribendum
1334 4424 1454 4461 esse
1506 4408 1810 4476 possint,
1863 4409 2001 4461 satis
2054 4412 2141 4461 est
2182 4409 2356 4463 verbo
2404 4411 2578 4479 signi-

421 4495 608 4550 ficare.
681 4495 879 4564 (1864.)

1880 4878 2441 5170 ΑΓ
