3230 5282
543 599 668 656 Lib.
705 597 798 655 VI.
1642 588 1764 649 162

546 771 727 857 quis
781 805 869 815 -
922 771 1326 837 tributum
1393 773 1629 840 daret
1697 778 1838 837 aut
1903 770 2030 837 ius
2101 771 2194 836 de
2260 771 2615 854 pecunia
2682 792 2866 836 cre-

547 879 725 944 dita
770 878 1107 958 diceret,
1165 881 1359 963 quasi
1402 887 1757 965 utrumque
1804 879 2097 945 eiusdem
2144 879 2232 944 sit
2274 899 2355 943 ac
2398 900 2533 944 non
2576 878 2865 944 alterum

545 988 704 1053 civis
772 1008 935 1052 onus
989 984 1293 1067 ferenti8‚
1362 989 1649 1055 alterum
1706 989 2138 1072 magistratus
2196 988 2510 1071 cogentis.
2620 986 2869 1071 Itaque

543 1096 613 1160 in
655 1102 943 1161 mentem
983 1096 1166 1160 venit
1210 1095 1434 1180 (1861)
1480 1097 1887 1163 tributum
1929 1096 2394 1180 imperaret.
2495 1094 2706 1161 Multo
2755 1102 2872 1161 est

542 1203 805 1269 facilius
855 1210 923 1269 et
966 1224 1221 1268 verum:
1283 1211 1423 1270 aut
1466 1206 1590 1271 ius
1625 1240 1713 1250 -
1746 1204 2184 1269 diceretur.
2252 1202 2552 1269 Alterum
2585 1204 2862 1271 verbum

544 1313 784 1396 prioris
827 1310 1040 1378 forma
1085 1313 1278 1395 cepit.
1373 1311 1587 1394 1875.)

718 1418 875 1504 Cap.
924 1423 1035 1500 32,
1093 1424 1161 1500 6,
1221 1420 1350 1485 etsi
1403 1421 1643 1485 mirum
1697 1419 1983 1499 videtur,
2041 1418 2449 1484 notissimam
2490 1440 2718 1485 vocem
2760 1419 2867 1485 al·

541 1534 689 1593 tera
743 1550 876 1594 non
921 1528 1135 1592 minus
1179 1533 1344 1592 nota
1387 1533 1836 1611 permutatam
1883 1548 2057 1606 esse,
2126 1532 2349 1591 tamen
2403 1548 2596 1593 nemo
2656 1526 2862 1592 fidem

540 1637 766 1717 faciet,
824 1635 1081 1701 Livium
1125 1657 1246 1719 pro
1295 1643 1526 1701 certa
1568 1636 1876 1714 victoria,
1937 1634 2017 1699 de
2064 1656 2195 1718 qua
2240 1634 2478 1718 agitur,
2547 1635 2862 1700 claram

543 1745 823 1825 dixisse3
888 1743 1030 1808 haec
1085 1749 1187 1809 est
1233 1744 1433 1825 enim,
1492 1743 1857 1809 certissimo
1902 1742 2221 1827 loquendi
2265 1764 2423 1823 usu,
2483 1763 2631 1827 quae
2675 1741 2867 1809 fama

543 1842 612 1918 et
668 1850 1082 1917 sermonibus
1128 1851 1533 1933 celebratur3
1598 1871 1845 1936 neque,
1914 1849 2096 1935 quod
2162 1849 2304 1915 dies
2362 1857 2429 1915 et
2485 1849 2700 1915 clarus
2756 1850 2867 1915 ‹li-

372 1975 513 2044 (136)
554 1962 756 2041 citur,
815 1960 952 2025 sole
1010 1960 1298 2041 lucente,
1358 1966 1426 2025 et
1482 1965 1729 2039 certus,
1788 1980 1990 2044 quum
2044 1957 2158 2023 lux
2205 1958 2409 2023 dubia
2452 1978 2593 2023 esse
2640 1958 2859 2040 desiit,

540 2069 692 2135 ideo
751 2069 822 2132 in
877 2067 1025 2133 aliis
1080 2067 1281 2133 rebus
1334 2068 1476 2132 haec
1533 2067 1863 2132 adjectiva
1907 2071 2401 2131 commutantur
2446 2072 2562 2131 aut
2606 2066 2865 2149 promi-

542 2197 695 2243 scue
743 2175 1069 2241 dicuntur.

714 2280 872 2366 Cap.
944 2286 1066 2362 33,
1147 2287 1217 2346 8:
1334 2283 1750 2349 exercitus
1840 2281 2277 2348 Tusculum
2366 2282 2690 2363 ductu83
2777 2282 2858 2348 L.

543 2390 988 2468 Quinctius
1067 2396 1146 2455 et
1216 2389 1376 2455 Ser.
1441 2389 1861 2475 Sulpicius
1928 2425 2015 2435 —
2081 2389 2402 2456 duxere.
2512 2388 2859 2457 Clausas

539 2504 822 2582 portas
879 2496 1217 2562 Tusculi
1275 2497 1779 2582 Latinosque
1838 2497 1979 2582 (qui
2033 2498 2267 2562 urbem
2310 2506 2619 2582 ceperant
2665 2501 2859 2583 oppi-

540 2605 879 2691 danosque
946 2606 1014 2670 in
1086 2626 1304 2671 arcem
1375 2604 1860 2691 compulerant)
1920 2641 2007 2652 —-
2060 2606 2245 2671 hinc
2312 2607 2627 2674 moenia
2697 2606 2859 2672 Tu·-

542 2715 752 2780 sculi
800 2714 1017 2781 tueri
1063 2714 1362 2794 vident,
1408 2714 1649 2780 illinc
1683 2736 1946 2780 arcem
1987 2736 2478 2799 oppugnare.
2547 2715 2672 2779 Vix
2704 2714 2855 2781 fieri

538 2831 777 2908 potest,
812 2829 889 2887 ut
922 2845 1056 2888 non
1089 2819 1423 2888 Tusculi
1458 2829 1612 2907 post
1646 2830 1932 2907 portas
1969 2822 2392 2888 subditicium
2428 2823 2532 2888 sit.
2602 2822 2859 2905 (1861.)

712 2930 869 3016 Cap.
920 2935 1021 3012 34,
1086 2937 1151 2996 1:
1235 2929 1555 3007 Quanto
1614 2931 1870 3015 magis
1924 2965 2011 2976 ——
2066 2930 2530 3015 tranquilla
2589 2932 2863 2997 omnia

536 3037 743 3106 foris
801 3047 1063 3120 erant,
1123 3047 1355 3107 tanto
1414 3040 1493 3104 in
1550 3037 1751 3103 urbe
1808 3038 1934 3103 vis
1989 3045 2312 3122 patrum
2356 3039 2436 3103 in
2483 3038 2656 3104 dies
2700 3039 2859 3103 mi-

539 3150 940 3233 seriaeque
1016 3147 1288 3232 plebis
1369 3145 1877 3213 crescebant.
2000 3145 2346 3211 Ablativus
2423 3145 2601 3230 apud
2678 3166 2857 3210 cre·

541 3277 769 3321 scere
836 3256 1164 3322 rationem
1230 3276 1360 3320 non
1427 3254 1661 3334 habet,
1730 3259 1916 3319 ortus
1975 3275 2053 3318 ex
2113 3253 2453 3337 superiore
2512 3260 2853 3338 quanto,

541 3364 1085 3445 scribendumque
1153 3370 1491 3428 tantum.
1600 3362 1810 3427 Recta
1876 3361 2092 3428 forma
2160 3367 2460 3427 servatur
2516 3382 2569 3427 c.
2620 3366 2730 3441 38,
2789 3366 2855 3443 5,

538 3470 652 3534 ubi
706 3472 773 3534 in
828 3492 960 3536 uno
1020 3477 1088 3535 et
1143 3470 1354 3536 altero
1414 3469 1643 3534 codice
1698 3470 2065 3534 recentiore
2121 3468 2371 3534 factum
2428 3476 2528 3534 est
2583 3475 2855 3550 tanto,

539 3585 624 3658 et,
681 3578 942 3642 inversa
986 3578 1274 3658 ratione,
1331 3578 1415 3657 V,
1466 3583 1575 3656 10,
1641 3581 1707 3641 5:
1778 3583 2164 3659 quantum
2232 3575 2689 3660 augebatur
2729 3612 2855 3659 —,

538 3693 772 3751 tanto
819 3686 1120 3751 maiore
1166 3691 1310 3764 cet„
1356 3692 1424 3749 et
1467 3684 1738 3764 XXXII,
1788 3689 1843 3765 5,
1890 3688 1949 3750 2.
2041 3682 2286 3766 (1861.)

710 3792 868 3878 Cap.
918 3798 1027 3873 36,
1085 3797 1125 3857 8
1173 3790 1282 3873 (de
1328 3793 1619 3877 quinque
1664 3792 1948 3858 tribunis
1993 3791 2238 3876 plebis,
2298 3792 2432 3876 qui,
2492 3813 2533 3856 a
2577 3799 2849 3876 patrum

538 3902 843 3986 partibus
890 3907 1171 3980 stantes,
1226 3899 1486 3984 legibus
1531 3901 1804 3965 Liciniis
1848 3898 2408 3982 intercedebant):
2467 3906 2554 3965 ut
2596 3900 2855 3966 ferme

676 4173 785 4228 nis
830 4179 1190 4241 ceperant3
1241 4175 1322 4226 sic
1358 4174 1507 4227 enim
1545 4172 1752 4227 dicitur
1782 4173 1930 4242 (Liv.
1969 4171 2013 4239 1,
2049 4175 2133 4240 38,
2170 4172 2263 4239 IV,
2300 4173 2385 4240 56,
2422 4170 2492 4239 X,
2527 4174 2611 4239 39,
2645 4170 2859 4240 XXVI,

674 4261 760 4325 34,
806 4257 1029 4326 XXXV,
1064 4262 1149 4325 40,
1186 4259 1466 4326 XXXVII,
1505 4261 1587 4325 57,
1626 4259 1742 4325 XL,
1780 4261 1863 4326 29,
1902 4258 2047 4326 XLI,
2090 4261 2168 4326 13,
2204 4258 2374 4325 XLV,
2410 4260 2479 4311 43
2515 4261 2570 4311 et
2605 4260 2690 4324 44,
2730 4256 2850 4311 Cic.

675 4361 779 4412 pro
816 4342 984 4396 domo
1021 4345 1106 4410 49,
1162 4344 1303 4411 128);
1349 4361 1688 4412 quamquam
1733 4343 1901 4396 etiam
1939 4361 2108 4412 ager
2143 4345 2222 4399 ab
2259 4342 2661 4398 Antiatibus
2697 4360 2857 4411 cap·

674 4435 784 4483 tus
822 4434 878 4482 et
915 4445 991 4482 ex
1027 4427 1436 4483 Tiburtibus
1471 4430 1764 4498 reperitur.
