3230 5282
503 654 518 665 .
609 617 735 673 Lib.
774 618 923 672 XXI.
1705 606 1831 667 262

607 811 741 855 non
807 789 996 854 valde
1051 790 1299 855 moveri
1354 788 1520 855 locis
1573 811 1710 855 non
1766 790 1863 854 ita
1920 789 2144 854 multis
2202 809 2281 854 ac
2336 789 2594 873 potius,
2664 789 2719 853 si
2773 807 2907 852 cum

608 896 868 963 infinita
924 899 1117 981 copia
1161 919 1418 979 eorum,
1475 897 1588 963 ubi
1646 904 1761 962 aut
1817 897 2390 982 praecipitatus
2448 902 2578 961 est
2630 895 2905 960 multa-

611 1026 770 1096 que·
845 1026 1015 1070 cum
1091 1005 1303 1070 caede
1381 1007 1716 1070 emersit
1806 1012 1922 1070 aut
2008 1006 2587 1090 praecipitatus
2674 1001 2906 1067 multa

611 1134 780 1178 cum
828 1113 1037 1194 caede
1083 1114 1422 1178 emersit
1467 1104 1739 1193 dicitur,
1799 1119 2285 1197 comparantur,
2344 1113 2589 1197 paucis,
2646 1131 2904 1196 praeser-

607 1222 728 1287 tim
806 1227 924 1286 aut
1002 1221 1469 1286 accedentibus
1550 1221 1699 1287 aliis
1765 1221 1989 1286 mendi
2055 1220 2317 1286 indiciis
2385 1226 2503 1285 aut
2568 1220 2904 1305 perspicua

611 1330 875 1394 errandi
934 1350 1169 1407 causa,
1236 1329 1417 1394 velut
1472 1328 1653 1411 quod
1706 1330 1774 1393 in
1830 1329 1956 1395 hoc
2010 1328 2153 1412 ipso
2211 1328 2382 1392 libro
2441 1349 2496 1392 c.
2545 1333 2658 1407 45,
2726 1331 2763 1391 8
2806 1326 2904 1390 Al·

608 1437 974 1503 schefskius
1022 1444 1088 1502 et
1108 1436 1680 1502 Weissenbornius
1729 1436 1863 1520 [hic
1906 1457 2080 1502 nunc
2128 1436 2374 1501 additis
2409 1433 2625 1518 uncis]
2665 1435 2905 1500 codices

607 1547 817 1611 secuti
884 1545 1263 1610 ediderunt:
1343 1551 1737 1629 precatus
1806 1545 2030 1623 dem,
2096 1545 2216 1608 ita
2286 1566 2364 1609 se
2431 1548 2905 1620 mactarent,

610 1653 1283 1738 quemadmodum
1348 1654 1527 1737 ipse
1596 1673 1879 1734 agnum
1944 1657 2417 1731 mactasset,
2499 1658 2577 1716 et
2641 1671 2908 1715 secun·

609 1762 791 1825 dum
857 1761 1427 1845 precationem
1495 1766 1745 1844 caput
1810 1760 2149 1843 pecudis
2220 1779 2410 1824 saxo
2480 1759 2739 1839 elisit,
2805 1757 2908 1822 ubi

608 1889 798 1934 nemo
843 1889 992 1949 non,
1049 1869 1222 1933 unde
1270 1874 1485 1933 ortum
1532 1869 1622 1932 sit
1667 1874 1761 1946 et,
1809 1868 2007 1932 videt.
2112 1867 2457 1931 Geminum
2502 1867 2657 1931 huic
2702 1865 2908 1931 mendi

610 1978 860 2060 origine
906 1983 1028 2055 est,
1088 1976 1267 2058 quod
1310 1976 1421 2055 IV,
1485 1980 1539 2055 1,
1604 1981 1640 2039 6
1688 1976 2028 2055 retinetur,
2090 1981 2460 2039 correctum
2505 1975 2662 2039 olim
2704 1976 2773 2038 in
2817 1973 2909 2037 ed.

613 2084 1056 2149 Frobeniana:
1104 2083 1292 2148 Tum
1341 2082 1410 2148 C.
1459 2082 1906 2148 Canuleius
1952 2103 2209 2166 pauca
2254 2084 2335 2147 in
2386 2090 2674 2148 senatu
2720 2082 2912 2146 voci-

607 2191 1478 2273 feratus,——nunquam
1516 2191 2168 2257 eos—dilectum
2201 2190 2663 2270 habituros,
2702 2197 2914 2254 ante-

545 2298 554 2303 ’
608 2317 837 2383 quam
881 2335 966 2343 -—-
1009 2299 1293 2382 plebes
1351 2300 1781 2378 scivisset,
1841 2305 1919 2364 et
1973 2298 2407 2364 confestim
2469 2298 2563 2362 ad
2609 2299 2912 2363 contio-

607 2427 781 2471 nem
840 2405 1293 2470 advocavit.
1395 2407 1469 2487 V,
1519 2410 1621 2486 25,
1669 2411 1706 2470 8
1757 2406 2171 2488 (Matronae
2215 2442 2303 2451 —-
2348 2407 2740 2470 communi
2786 2406 2913 2470 de·

609 2519 833 2579 creto
895 2512 1298 2597 pollicitae
1343 2550 1429 2558 —
1475 2535 1754 2579 aurum
1811 2520 1889 2579 et
1935 2515 2202 2579 omnia
2249 2520 2735 2578 ornamenta
2780 2533 2930 2579 sua.

610 2624 693 2688 in
771 2623 1142 2688 aerarium
1221 2621 1731 2705 detulerunt)
1809 2645 2010 2706 quum
2089 2623 2157 2686 in
2237 2644 2563 2690 concursu
2644 2621 2914 2688 duorum

607 2732 1132 2796 accusativorum
1177 2752 1311 2795 non
1355 2731 2010 2810 animadverteretur,
2059 2719 2339 2796 alterum
2375 2731 2460 2796 ad
2505 2730 2913 2814 pollicitae,

613 2840 897 2904 alterum
957 2839 1041 2903 ad
1087 2839 1568 2903 detulerunt
1611 2840 1943 2923 pertinere
1992 2838 2145 2920 (vid.
2195 2862 2257 2922 p.
2313 2837 2491 2922 120),
2550 2839 2780 2903 addita
2821 2845 2915 2902 est

613 2947 867 3031 copula.
935 2946 1142 3026 XXII,
1196 2951 1293 3027 16,
1344 2951 1382 3011 7
1428 2967 1628 3031 prave
1677 2949 2034 3030 separatim
2079 2946 2218 3010 haec
2253 2953 2621 3030 ponuntur:
2668 2945 2914 3010 Faces

608 3056 974 3139 undique
1033 3076 1124 3119 ex
1181 3056 1397 3138 agris
1455 3055 1826 3120 collectae
1872 3054 2306 3136 fascesque
2353 3091 2432 3099 —
2481 3053 2697 3118 aridi
2744 3074 2913 3118 sar-

607 3165 886 3244 menti,
954 3171 1270 3247 tanquam
1340 3162 1420 3228 de
1489 3162 1875 3229 collectione
1942 3162 2162 3228 facum
2227 3169 2463 3244 agatur
2518 3183 2595 3226 ac
2652 3184 2784 3227 non
2840 3161 2914 3225 de

607 3293 762 3350 usu,
821 3278 964 3334 tum
1011 3270 1305 3349 additur,
1364 3276 1619 3334 mutato
1665 3277 1991 3354 tempore,
2048 3270 2748 3355 praeliganturque
2796 3277 2912 3334 cet.

606 3378 944 3443 Particula
989 3398 1207 3442 errore
1256 3377 1485 3442 addita
1530 3384 1662 3456 est,
1733 3377 1910 3461 quod
1968 3379 2206 3462 saepius
2263 3380 2329 3442 in
2376 3377 2425 3441 P
2470 3378 2717 3442 factum
2780 3398 2916 3442 esse

610 3486 868 3550 ostendi
938 3506 1141 3567 supra
1206 3507 1268 3567 p.
1340 3488 1482 3550 208.
1604 3484 1872 3549 Nullam
1949 3487 2078 3551 nisi
2145 3486 2348 3564 hanc,
2428 3506 2629 3569 quam
2695 3505 2913 3568 argu0,

607 3593 992 3675 suspicionis
1039 3613 1301 3656 causam
1349 3593 1554 3658 habet
1585 3592 1782 3672 XXV,
1831 3597 1932 3672 39,
1980 3598 2017 3656 2
2067 3593 2390 3676 (ceterae
2436 3591 2909 3676 copiae—ad

607 3701 1032 3784 proximos
1089 3699 1377 3765 hostes
1436 3701 1694 3765 ductae
1752 3707 1856 3779 et,
1918 3719 2152 3785 quum
2206 3738 2291 3746 —
2338 3707 2638 3779 essent,
2696 3701 2914 3765 velut

610 3809 690 3871 in
736 3828 877 3872 sua
922 3814 1196 3872 castra
1242 3844 1326 3852 —-
1370 3809 1966 3892 penetravere),
2021 3808 2257 3889 XXVI,
2315 3813 2414 3889 38,
2472 3814 2511 3872 7
2558 3808 2915 3890 (multum

610 3936 704 3979 ac
752 3915 887 3980 diu
934 3921 1378 3980 cunctatus
1426 3923 1502 3982 et
1545 3923 1711 3982 tum
1758 3918 2609 4002 quoque—appellat),
2655 3914 2916 3993 XXVII,

744 4203 954 4240 novum
1019 4187 1334 4241 subiectum
1385 4187 1694 4256 undique
1746 4177 2006 4256 omnes3
2068 4189 2250 4257 magis
2304 4189 2472 4243 etiam
2527 4188 2917 4243 distrahunt-ur

746 4272 998 4324 membra
1048 4289 1151 4341 per
1203 4279 1537 4341 ceterum,
1590 4272 1784 4327 multis
1839 4279 1970 4328 ante
2031 4275 2344 4328 interiectis
2401 4273 2636 4342 (XXIV,
2688 4276 2775 4340 45,
2833 4274 2913 4326 12:

746 4355 1003 4424 Quibus
1069 4374 1491 4425 nequaquam
1554 4357 1875 4413 offensus
1928 4360 2223 4427 Poenus,
2279 4361 2439 4427 quia
2489 4388 2558 4398 —
2609 4359 2911 4413 venden-

747 4442 978 4510 dique3
1017 4447 1324 4496 ceterum
1361 4441 1514 4511 cet).]
