3230 5282
1489 522 1611 582 309
2177 571 2182 577 -
2365 534 2488 588 Lib.
2529 534 2701 587 XXII.

338 689 721 768 *tandam
792 711 1153 788 stragem
1228 708 1661 772 insistunt.
1785 705 1934 769 Non
2004 727 2148 771 esse
2220 706 2527 771 Latinum
2593 708 2711 770 in·

394 813 693 883 sistere
740 814 838 877 ad
887 813 1207 895 aliquid
1257 812 1761 889 faciendum,
1826 820 2125 878 constare
2175 813 2402 893 debet3
2470 814 2584 878 sed
2630 837 2712 879 ne

395 928 767 1001 spectare
834 920 1238 987 insistunt
1305 921 1572 1005 quidem
1641 921 1704 984 h.
1765 920 1805 985 l.
1865 928 2017 1004 apte
2089 922 2448 999 diceretur,
2519 922 2700 1004 quod
2739 934 2878 1003 (253)

392 1027 748 1111 incipiendi
816 1035 884 1093 et
953 1029 1230 1094 conandi
1303 1029 1697 1112 significatio
1767 1029 1986 1094 aliena
2053 1038 2167 1096 est.
2283 1030 2360 1092 In
2416 1030 2520 1093 PC
2579 1037 2708 1095 est:

394 1135 1690 1226 spectandainstrageinsistunt‚
1770 1137 1896 1201 hoc
1977 1143 2107 1201 est:
2188 1134 2712 1220 spectandam

395 1250 750 1327 stragem
812 1245 1125 1309 sistunt
1171 1244 1273 1326 (ut
1319 1245 1560 1325 XXIII,
1609 1250 1669 1324 6,
1718 1250 1755 1308 2
1802 1245 1869 1309 in
1917 1244 1967 1307 P
2021 1245 2357 1309 scribitur:
2417 1243 2711 1309 inafri-

392 1352 981 1433 caindecedat).
1065 1353 1263 1417 Latet
1325 1353 1505 1417 aliud
1561 1352 1834 1418 verbum
1889 1350 2275 1432 videturque
2333 1352 2535 1417 fuisse
2594 1375 2711 1417 ex-

395 1465 584 1524 eunt
630 1458 694 1539 (e
743 1459 1028 1541 castris).
1112 1460 1172 1543 [§
1223 1465 1259 1523 6
1306 1461 1356 1524 Ρ
1403 1458 2330 1543 quostracta—frigore
2378 1460 2714 1525 vulnera

394 1587 511 1649 pro
559 1569 882 1633 stricta.
973 1567 1205 1632 Potest
1247 1567 1454 1633 fuisse
1501 1569 1699 1633 etiam
1744 1575 1989 1634 tacta.
2086 1567 2370 1650 1862.]1)

567 1675 726 1760 Cap.
777 1681 879 1753 54,
931 1682 1044 1739 11:
1116 1673 1555 1759 Compares
1613 1675 1924 1741 cladem
1981 1676 2075 1740 ad
2121 1676 2443 1758 AEgates
2498 1677 2710 1741 insu-

397 1780 517 1846 las
566 1782 1393 1866 Carthaginiensium
1449 1783 1768 1867 proelio
1827 1784 2102 1849 navali
2161 1792 2583 1867 acceptam
2625 1819 2713 1829 —

400 1897 537 1955 aut
605 1912 953 1974 pugnam
1022 1892 1445 1955 adversam
1513 1892 1587 1955 in
1655 1890 1958 1971 Africa,
2027 1892 2154 1955 cui
2220 1897 2517 1975 postea
2582 1891 2712 1956 hic

398 1997 571 2080 ipse
628 1994 1040 2063 Hannibal
1111 1998 1569 2078 succubuit3
1639 1999 1868 2063 nulla
1938 2021 2030 2064 ex
2099 2005 2332 2081 parte
2404 2019 2710 2082 compa-

398 2107 669 2171 randae
731 2114 921 2171 sunt
976 2114 1096 2172 cet.
1200 2106 1288 2171 Et
1342 2107 1542 2189 paulo
1590 2106 1822 2172 durior
1868 2107 2187 2171 orationis
2232 2105 2472 2183 forma,
2533 2106 2711 2188 quod

400 2234 632 2295 parum
700 2221 936 2297 aperta
1002 2222 1104 2279 est
1162 2214 1560 2297 significatio
1617 2215 1746 2293 rei,
1815 2236 1960 2296 quae
2025 2215 2312 2279 fortasse
2379 2213 2578 2277 alicui
2643 2215 2711 2278 in

403 2329 683 2387 mentem
742 2324 963 2387 venire
1010 2324 1255 2405 possit,
1325 2329 1391 2387 et
1449 2322 1696 2386 codicis
1741 2322 2058 2387 Puteanei
2115 2323 2442 2405 scriptura
2488 2322 2709 2402 (com-

402 2429 1141 2511 paressetcladem)
1189 2429 1378 2509 facit,
1436 2438 1510 2495 ut
1555 2430 1879 2509 dubitem,
1942 2452 2026 2494 an
2072 2430 2293 2494 Livius
2340 2430 2706 2512 scripserit:

404 2555 830 2620 compares
898 2537 1235 2601 scilicet
1301 2538 1609 2602 cladem
1678 2545 1801 2602 cet.
1916 2538 2043 2602 Sed
2113 2539 2363 2602 incerta
2419 2537 2709 2619 suspicio

404 2653 533 2725 est3
604 2668 755 2710 nam
810 2647 1029 2728 potuit
1085 2652 1650 2729 comparesset
1709 2668 1789 2711 ex
1843 2632 2240 2729 praecedenti
2287 2652 2507 2710 esset
2553 2644 2711 2709 oriri

401 2752 632 2832 (Paulo
678 2759 851 2836 post,
908 2753 1022 2817 ubi
1070 2754 1135 2816 in
1180 2752 1230 2816 P
1277 2760 1406 2818 est:
1454 2787 1537 2797 --
1583 2752 1968 2818 Sardinia
2029 2774 2352 2818 cessere
2396 2753 2708 2817 invecti

405 2860 666 2927 Gallis
723 2881 812 2926 ac
872 2861 1478 2942 stipendiarios
1536 2862 1725 2926 fieri
1782 2882 1861 2924 se
1923 2862 2150 2942 passi
2213 2866 2426 2936 sunt,
2499 2880 2710 2942 neque

403 2966 587 3034 hinc
633 2968 851 3049 (hinc
895 2968 1376 3051 vestigales)
1423 2988 1635 3051 neque
1682 2967 1865 3032 inde
1910 2967 2066 3032 ferri
2111 2973 2368 3050 potest3
2416 2967 2710 3031 eiusdem

405 3077 576 3140 enim
649 3077 973 3159 temporis
1042 3082 1391 3159 utrumque
1459 3075 1603 3140 fuit.
1728 3074 2154 3140 Scribendum
2234 3094 2557 3138 cessere
2637 3081 2710 3135 et

403 3184 893 3268 vectigales3
964 3205 1163 3266 quum
1218 3185 1428 3248 vecti
1475 3183 1739 3248 Gallis
1796 3183 2116 3264 scriptum
2173 3187 2378 3262 esset,
2450 3181 2532 3246 ob
2595 3181 2709 3245 da-

402 3292 605 3356 tivum
649 3292 898 3357 factum
942 3273 1267 3356 invecti.
1366 3290 1577 3371 1862.)

573 3397 770 3482 *Cap.
821 3403 931 3480 59,
991 3403 1027 3462 9
1087 3397 1180 3478 (in
1242 3401 1538 3463 oratione
1595 3399 1682 3463 M.
1730 3399 1928 3478 Iunii,
1986 3398 2186 3481 legati
2243 3396 2709 3480 captivorum):

406 3504 604 3572 Sunt
652 3506 897 3572 etiam
946 3506 1038 3572 de
1082 3509 1396 3572 nostris
1442 3506 1794 3591 quidam,
1851 3508 1982 3590 qui
2040 3528 2133 3571 ne
2193 3508 2270 3570 in
2330 3507 2499 3578 acie
2539 3497 2712 3588 'qui-

406 3614 572 3680 dem
615 3614 1119 3697 refugerunt,
1167 3615 1321 3694 sed,
1368 3614 1754 3697 praesidio
1795 3615 2103 3680 castris
2141 3614 2442 3693 relicti,
2479 3635 2711 3695 quum

406 3729 679 3789 castra
732 3723 1297 3800 traderentur,
1362 3724 1442 3787 in
1508 3728 2018 3806 potestatem
2075 3722 2433 3787 hostium
2488 3742 2711 3786 vene-

404 3838 611 3896 runt.
722 3830 894 3909 Quid
951 3832 1019 3893 in
1074 3829 1177 3894 his
1233 3830 1372 3895 vitii
1434 3836 1643 3909 esset,
1710 3830 1913 3894 sensit
1967 3831 2116 3894 Ant.
2164 3829 2575 3910 Perizonius3
2643 3831 2709 3892 in

404 3938 693 4004 tollendo
763 3938 1002 4003 mendo
1070 3959 1305 4022 parum
1373 3937 1528 4003 felix
1595 3937 1740 4002 fuit.
1853 3938 2021 4002 Nam
2078 3939 2192 4018 qui
2247 3958 2340 4001 ne
2398 3937 2477 4001 in
2536 3937 2710 4001 acie

407 4047 726 4128 quidem
807 4045 1221 4128 refugisse
1293 4046 1564 4125 dicitur,
1644 4067 1790 4110 eum
1861 4045 2094 4110 credas
2176 4045 2444 4128 (praeter
2512 4045 2713 4110 aliam

460 4297 512 4363 ¹)
550 4297 603 4351 C.
654 4302 748 4367 53,
802 4301 837 4353 8
881 4300 1031 4370 apud
1077 4300 1484 4370 Ingerslevium
1542 4301 1712 4354 scribi
1765 4301 2058 4354 iusseram:
2124 4300 2319 4354 nulla
2372 4299 2598 4353 verius
2642 4325 2712 4337 —

539 4384 851 4438 hostium
886 4395 1112 4439 castra
1148 4403 1317 4452 esse;
1357 4390 1691 4454 occupatum
1731 4393 1852 4440 erat
1889 4386 1958 4439 ab
1994 4385 2035 4437 1.
2075 4384 2141 4437 Η.
2181 4384 2399 4438 Vossio.
