3230 5282
1462 584 1585 646 333
2321 606 2441 659 mh.
2478 560 2680 662 xxw.

373 772 793 851 concinnata3
862 790 1017 834 nam
1083 770 1151 832 in
1205 768 1255 831 P
1315 769 1410 833 sic
1477 771 1794 854 scriptum
1851 779 1984 838 est:
2053 777 2680 858 praeterfluebat

1464 900 1486 941 1

375 899 655 1052 etiros
732 986 1021 1070 procul
1100 987 1213 1049 eis
1292 1006 1501 1068 quae
1570 986 2171 1055 habitabantur
2218 1012 2357 1056 sex
2405 992 2671 1059 millia
2710 1006 2852 1076 (2¹72)

1348 1116 1372 1157 1

302 1206 311 1215 ’
375 1203 665 1268 aberat
721 1203 800 1267 in
855 1202 1052 1268 urbe
1105 1201 1384 1267 nobile
1429 1203 1821 1287 templum
1865 1205 2047 1288 ipsa
2090 1206 2288 1271 urbe
2334 1215 2513 1273 erat
2558 1215 2683 1273 eet.

376 1311 463 1376 Et
508 1331 695 1376 aros
741 1309 1010 1394 quidem
1054 1331 1174 1393 pro
1222 1329 1362 1375 arx
1406 1312 1605 1375 etiam
1653 1311 1852 1395 paulo
1896 1317 2049 1395 post
2094 1311 2156 1396 (ξ
2202 1313 2269 1395 8)
2315 1315 2384 1380 in
2430 1316 2480 1379 P
2528 1317 2686 1380 seri-

381 1419 591 1498 bitur,
654 1425 721 1483 et
766 1438 955 1483 aras
1000 1417 1241 1497 XXIII,
1300 1422 1399 1497 30,
1460 1423 1516 1483 7.
1610 1418 1740 1485 Sed
1785 1419 1918 1485 alia
1962 1420 2241 1487 molesta
2284 1427 2456 1487 sunt.
2546 1423 2686 1488 Pri-

381 1548 557 1592 mum
616 1527 684 1591 in
740 1525 875 1591 illis
931 1526 1149 1592 verbis
1205 1532 1295 1591 et.
1351 1545 1490 1589 arx
1559 1527 1852 1609 procul
1910 1529 2027 1593 eis
2084 1536 2207 1594 eet.
2265 1531 2688 1596 vitiosissima

380 1642 483 1700 est
566 1634 813 1713 orati03
895 1655 1014 1699 arx
1046 1638 1049 1641 ’
1082 1635 1255 1699 enim
1321 1641 1551 1717 aperte
1618 1633 2127 1717 praeterfluxisse
2196 1637 2465 1718 dicitur3
2532 1659 2686 1703 nam

381 1763 593 1826 neque
652 1763 771 1825 per
828 1763 899 1807 se
957 1742 1094 1807 ullo
1149 1742 1343 1807 modo
1401 1741 1609 1825 (quod
1671 1743 1802 1807 iam
1862 1764 2066 1827 supra
2109 1766 2170 1828 p.
2219 1750 2344 1809 248
2391 1751 2523 1810 not.
2573 1747 2688 1811 ad-

378 1850 631 1932 monui)
701 1850 970 1915 verbum
1042 1850 1529 1916 substantivum
1588 1851 1804 1916 omitti
1860 1857 2111 1935 potest,
2176 1853 2288 1918 ubi
2346 1874 2465 1937 pro
2523 1874 2688 1937 prae-

384 1959 606 2026 dicato
675 1959 1059 2042 adiungitur
1124 1959 1509 2042 praepositio
1567 1957 1672 2040 (ut
1728 1980 1868 2024 arx
1923 1961 2207 2044 procul
2265 1962 2383 2027 eis
2427 1961 2686 2043 intelle-

382 2074 606 2150 gatur:
677 2088 821 2132 arx
881 2074 1061 2133 erat
1115 2067 1400 2151 procul
1447 2067 1620 2148 eis),
1679 2072 1747 2132 et
1790 2068 2053 2133 minime
2101 2071 2391 2139 omnium
2433 2069 2502 2134 id
2544 2069 2689 2135 fieri

380 2183 607 2260 potest
662 2176 732 2240 in
775 2175 896 2240 tali
941 2175 1391 2258 copulatione:
1451 2174 1757 2240 flumen
1800 2210 1889 2220 —-
1931 2184 2163 2242 extra
2216 2178 2690 2260 frequentia

381 2285 630 2349 tectis
697 2283 881 2349 loca
948 2283 1608 2367 praeterfluebat,
1677 2290 1759 2349 et
1828 2305 1970 2368 arx
2035 2285 2319 2369 procul
2387 2287 2508 2351 eis
2565 2293 2688 2352 eet.

380 2391 632 2457 Deinde
688 2392 1011 2457 violenter
1065 2414 1187 2475 pro
1244 2393 1325 2456 in
1368 2391 1563 2456 urbe
1609 2392 2040 2459 substituitur
2084 2395 2180 2459 ab
2226 2395 2450 2475 urbe,
2517 2393 2692 2477 quod

384 2520 585 2581 quum
639 2500 1210 2565 Weissenbornius
1280 2499 1745 2579 intellexisset,
1812 2500 2006 2584 longe
2066 2504 2447 2568 coniectura
2503 2502 2691 2568 aber·

383 2609 571 2674 ravit.
692 2608 1035 2675 Postremo
1113 2628 1313 2693 prave
1394 2607 1752 2687 divellitur,
1831 2630 2031 2692 quam
2097 2610 2303 2676 codex
2369 2611 2692 2694 integram

384 2716 606 2796 offert,
676 2717 943 2801 elegans
991 2717 1276 2801 augendi
1320 2717 1560 2782 forma:
1630 2718 1708 2781 in
1754 2718 1953 2783 urbe
1996 2718 2258 2783 nobili
2303 2718 2691 2803 templum

385 2826 567 2910 ipsa
633 2825 830 2891 urbe
895 2826 1285 2903 nobiliuS,
1355 2825 1722 2890 substituta
1780 2847 1984 2908 prava
2040 2826 2108 2890 in
2169 2826 2294 2891 hae
2351 2827 2691 2891 sententiae

384 2933 593 3000 forma
636 2934 1038 3017 parenthesi.
1113 2933 1348 3015 Itaque
1394 2932 1680 2998 tenenda
1725 2939 1828 2997 est
1872 2932 2010 2997 haee
2058 2934 2380 2999 orationis
2425 2934 2693 2998 distine-

381 3043 508 3108 tio:
556 3050 635 3107 et
679 3063 819 3107 arx
865 3041 1147 3125 procul
1192 3042 1327 3119 eis,
1375 3061 1542 3124 quae
1587 3040 2208 3120 habitabantur,
2254 3062 2389 3106 sex
2433 3040 2695 3107 millia

386 3151 704 3230 aberat3
782 3151 861 3214 in
942 3150 1139 3214 urbe
1204 3148 1470 3213 nobili
1535 3147 1934 3232 templum
2000 3149 2182 3232 ipsa
2250 3149 2446 3214 urbe
2515 3156 2695 3214 erat

386 3259 760 3324 nobilius
820 3258 1175 3323 Laciniae
1232 3256 1564 3321 Iunonis
1635 3262 1757 3320 cet.
1875 3255 2235 3339 Postquam
2297 3256 2516 3321 Livius
2572 3255 2692 3321 flu-

388 3390 536 3433 men
604 3374 795 3433 extra
860 3366 1235 3448 frequentia
1300 3365 1493 3429 tectis
1562 3364 1711 3430 loca
1769 3365 1892 3444 (ita
1949 3373 2026 3428 ut
2082 3373 2306 3430 tamen
2365 3371 2694 3429 extremas

393 3497 545 3541 oras
616 3483 682 3541 et
749 3496 907 3540 rara
962 3473 1240 3538 aedificia
1296 3472 1682 3554 attingeret)
1739 3471 2251 3555 praeterfluxisse
2310 3472 2505 3552 dixit,
2564 3473 2696 3556 pri·

389 3606 564 3648 mum
633 3583 934 3647 universe
1005 3602 1222 3647 arcem
1282 3601 1323 3645 a
1379 3579 1524 3678 lpeo
1586 3581 1852 3645 omnino
1910 3580 2211 3646 habitato
2267 3581 2524 3663 longius
2582 3580 2697 3647 ab·

388 3692 591 3756 fuisse
661 3690 909 3767 scribit,
970 3689 1205 3754 deinde
1262 3689 1478 3773 ipsam
1522 3710 1898 3755 mensuram
1941 3689 2146 3753 addit.
2255 3689 2444 3754 Hane
2501 3691 2699 3773 spatii

390 3800 797 3864 notationem
859 3798 942 3863 ab
1001 3818 1151 3862 arce
1208 3796 1292 3861 ad
1352 3797 1666 3880 templum
1724 3797 2079 3862 transferre
2124 3803 2377 3862 mutato
2424 3819 2698 3862 numero

390 3928 510 3971 nec
553 3914 775 3972 tamen
822 3912 1084 3990 aequato
1133 3926 1282 3969 eum
1328 3926 1425 3985 eo,
1482 3927 1678 3989 quem
1715 3905 1954 3971 Strabo
1989 3905 2097 3983 VI,
2144 3928 2204 3988 p.
2243 3908 2366 3968 262
2404 3904 2452 3969 C
2490 3906 2696 3989 ponit,

390 4015 815 4079 temerarium
861 4021 979 4079 est.
1059 4012 1276 4078 Unum
1323 4012 1560 4095 aliquis
1607 4014 1831 4079 mirari
1878 4015 2105 4096 possit,
2155 4013 2329 4095 quod
2376 4014 2452 4077 in
2498 4014 2694 4081 urbe
2730 4031 2871 4101 (2⁹73)

394 4121 654 4186 dicatur
716 4122 919 4187 fuisse
987 4122 1302 4205 templum
1368 4130 1504 4187 tam
1574 4131 1917 4188 remotum.
2033 4121 2186 4187 Sed.
2218 4129 2468 4187 veteres
2526 4143 2701 4206 saepe

390 4228 598 4294 multo
654 4229 930 4295 latiores
990 4251 1184 4310 quam
1243 4251 1364 4293 nos
1413 4230 1673 4294 urbium
1719 4230 1881 4296 fines
1928 4230 2145 4295 animo
2192 4228 2700 4313 comprehende-

390 4336 584 4412 bant,
644 4358 787 4421 quae
845 4339 910 4401 in
958 4338 1133 4420 agris
1180 4337 1440 4401 urbium
1470 4345 1677 4403 erant
1721 4338 1986 4422 publica
2032 4358 2353 4422 sacraque
2401 4337 2697 4416 aedificia,

392 4445 667 4511 urbibus
722 4446 883 4529 ipsis
942 4446 1471 4511 adnumerantes.
1575 4446 1810 4528 Itaque
1868 4447 2047 4530 quod
2105 4443 2160 4508 ἐν
2205 4454 2265 4525 τῇ
2311 4452 2700 4527 Κροτωνιάτιδι
