3230 5282
693 1432 1573 1543 EMENDATIONUM
1635 1459 2329 1543 LIVIANARUM

1276 1624 1464 1680 PARS
1501 1624 1738 1680 PRIMA

599 1765 725 1829 mm
782 1765 1050 1828 tmolum
1104 1764 1277 1827 »1081
1333 1765 1608 1827 rmum!
1667 1764 2060 1826 nnnnnnloflsss
2119 1764 2419 1828 confluxus

1406 1937 1610 1945 ———-

1308 2036 1718 2100 rnoossnwn.

343 2168 583 2282 Quum
642 2205 716 2269 Τ.
763 2206 922 2271 Livii
991 2206 1201 2271 libros
1267 2205 1418 2270 inde
1485 2206 1569 2271 ab
1637 2205 2111 2286 adolescentia,
2178 2212 2255 2271 ut
2322 2226 2440 2289 par
2505 2212 2649 2272 erat
2686 2209 2762 2279 (1)

344 2316 679 2381 hominem
749 2314 965 2380 facere
1033 2316 1102 2378 in
1158 2313 1356 2379 rebus
1412 2315 1861 2399 institutisque
1920 2315 2365 2379 Romanorum
2421 2335 2657 2397 cogno-

350 2422 612 2490 scendis
669 2422 1202 2507 explicandisque
1261 2429 1326 2487 et
1380 2424 1445 2487 in
1505 2424 1823 2488 sermonis
1872 2423 2092 2487 Latini
2135 2422 2387 2505 legibus
2434 2424 2657 2506 exqui-
2755 2400 2767 2417 ⁸

344 2532 571 2598 tendis
616 2530 1160 2615 declarandisque
1207 2539 1632 2616 occupatum,
1695 2531 1987 2597 studiose
2033 2531 2467 2611 lectitassem,
2525 2552 2658 2597 non

351 2652 620 2726 panem,
676 2648 752 2706 ut
796 2638 889 2719 fit,
947 2639 1222 2706 subinde
1267 2638 1449 2705 locos
1495 2639 1982 2720 adnotaveram,
2036 2640 2105 2704 in
2151 2639 2389 2724 quibus
2433 2639 2658 2707 melio-

349 2772 508 2830 rem,
554 2770 751 2833 quam
798 2770 944 2833 quae
979 2749 1046 2812 in
1083 2748 1277 2813 editis
1315 2749 1630 2832 exemplis
1670 2748 2216 2828 circumferretur,
2263 2749 2656 2833 scripturam

348 2866 466 2923 aut
522 2880 557 2923 e
619 2857 957 2923 codicibus
1017 2857 1188 2922 sumi
1241 2879 1436 2940 posse
1493 2864 1610 2922 aut
1669 2856 1948 2922 aliorum
2003 2863 2121 2922 aut
2176 2856 2456 2939 denique
2510 2879 2658 2924 mea

349 2967 735 3031 coniectura
803 2971 1129 3049 repertam
1200 2986 1343 3030 esse
1411 2965 1807 3030 iudicabam.
1935 2966 2122 3030 Anno
2194 2971 2416 3030 autem
2492 2969 2653 3031 1835

349 3081 565 3140 totum
622 3097 784 3158 opus
841 3074 1248 3158 pertractavi
1300 3072 1851 3158 perlustratisque
1910 3074 2320 3156 superiorum
2366 3072 2656 3139 Draken-

351 3181 737 3265 borchiique
791 3190 859 3247 et
915 3183 969 3247 si
1027 3203 1171 3266 quae
1225 3188 1378 3265 post
1420 3203 1566 3246 eum
1610 3189 2028 3247 accesserant
2092 3182 2297 3266 copiis
2342 3183 2657 3249 orationis

348 3289 629 3356 formam
700 3291 1079 3372 recognovi,
1150 3290 1338 3354 cuius
1394 3290 1861 3372 recognitionis
1923 3297 1990 3354 et
2043 3290 2112 3354 in
2170 3291 2655 3356 commentariis

351 3400 515 3463 meis
572 3397 1019 3464 Ciceronianis
1086 3398 1171 3463 ad
1230 3396 1433 3462 libros
1493 3397 1573 3463 de
1630 3397 1870 3462 finibus
1931 3404 1997 3463 et
2052 3398 2118 3462 in
2175 3397 2444 3478 libellis,
2491 3420 2655 3482 quos

352 3514 505 3591 post
573 3506 741 3570 illud
809 3515 1069 3591 tempus
1140 3507 1422 3590 scriptos
1488 3505 1771 3571 alterum
1839 3505 2304 3589 opusculorum
2362 3527 2655 3572 meorum

349 3614 876 3680 academicorum
951 3614 1254 3681 volumen
1319 3616 1642 3695 continet,
1735 3615 1897 3679 satis
1978 3613 2189 3679 multa
2264 3614 2656 3680 documenta

355 3731 640 3788 exstant.
743 3723 995 3788 Deinde
1042 3744 1245 3808 quum
1289 3723 1375 3787 ad
1420 3721 1584 3787 alias
1631 3722 1998 3787 studiorum
2043 3729 2266 3806 partes
2310 3723 2656 3788 traductus

356 3852 591 3912 essem,
646 3853 766 3915 per
807 3839 944 3897 tres
991 3833 1190 3896 etiam
1236 3851 1461 3910 annOS,
1517 3851 1681 3915 quos
1724 3831 1792 3894 in
1836 3830 2028 3913 longe
2071 3828 2202 3894 alio
2246 3831 2656 3912 negotiorum

353 3958 595 4020 genere
640 3941 760 4021 egi,
806 3961 1065 4005 omnem
1110 3960 1380 4023 operam
1424 3938 1887 4023 philologicam
1921 3932 2435 4018 intermisissem‚
2478 3945 2654 4023 post-

352 4065 561 4128 quam
604 4068 660 4112 a.
712 4051 875 4113 1852
932 4048 1083 4112 vitae
1141 4045 1533 4112 academicae
1593 4053 1661 4111 et
1714 4045 2086 4131 philologiae
2139 4045 2436 4112 redditus
2491 4069 2654 4127 sum,

354 4155 632 4238 primum
676 4176 883 4240 prope
930 4175 1120 4234 casu,
1176 4154 1566 4220 academicae
1622 4155 1996 4238 scriptionis
2041 4155 2438 4220 necessitate
2481 4156 2655 4222 inter

353 4264 521 4328 alias
580 4265 1047 4347 occupationes
1092 4264 1346 4343 oblata,
1407 4263 1662 4327 Livium
1707 4263 1928 4346 attigi3
1985 4262 2184 4347 paulo
2240 4268 2462 4328 autem
2505 4272 2655 4348 post

352 4371 442 4452 (a.
496 4376 659 4437 1853
718 4378 789 4437 et
839 4372 1057 4454 1854),
1117 4372 1204 4437 ab
1262 4370 1519 4438 homine
1575 4371 1818 4451 amico,
1876 4370 2306 4454 Ingerslevio,
2363 4379 2653 4456 rogatus,

350 4487 446 4559 ut,
495 4481 552 4545 si
598 4481 757 4564 quid
803 4479 892 4545 ad
930 4479 1095 4544 Livii
1138 4478 1342 4546 libros
1384 4486 1521 4545 tres
1558 4479 1807 4564 primos
1841 4486 1907 4544 et
1939 4480 2315 4546 vicesimum
2352 4482 2650 4564 primum,

2167 4602 2193 4652 1
