3230 5282
1415 612 1538 673 507
2216 625 2336 679 Lib.
2374 627 2621 682 XXXIV.

319 799 501 866 modi
546 818 885 875 numeroS,
941 817 1072 860 non
1117 795 1332 859 verbis
1379 802 1447 859 et
1490 794 1731 860 litteris
1776 795 2103 860 indicatos
2146 793 2379 877 fuisse3
2447 819 2526 862 ex
2571 798 2621 862 L

318 905 523 989 (quod
556 907 626 970 in
660 911 880 970 vetere
913 902 1125 967 forma
1145 901 1340 966 facile
1365 902 1610 985 potuit)
1636 901 1883 967 factum
1908 902 1982 967 V.
2054 902 2191 985 [Sic
2214 904 2621 988 Rupertius.]

493 1011 649 1095 Cap.
716 1017 824 1090 54,
898 1015 925 1072 1
992 1009 1193 1074 verba
1250 1008 1420 1074 haec:
1501 1008 1848 1075 Comitia
1908 1010 2332 1076 consulum
2393 1009 2622 1078 fuere

319 1120 611 1205 quibus
660 1118 918 1184 creati
967 1123 1152 1181 sunt
1197 1123 1320 1181 cet.
1358 1117 1808 1182 inanissimam
1846 1117 2321 1183 abundantiam
2360 1119 2624 1199 habere,

318 1227 827 1292 Forchhammer
903 1226 1129 1289 sensit.
1251 1223 1516 1288 Excidit
1592 1244 1830 1289 nomen
1911 1223 2070 1289 diei:
2152 1245 2340 1290 com.
2410 1247 2622 1292 cons,

317 1333 543 1399 fuere
590 1356 648 1399 a.
700 1333 818 1411 d.*,
864 1331 1160 1414 quibus
1207 1339 1348 1395 cet.
1456 1328 1562 1394 Sic
1608 1330 1826 1408 habet,
1877 1351 2007 1412 quo
2053 1330 2382 1397 referatur
2427 1334 2620 1398 illud:

324 1449 653 1524 postero
700 1440 847 1505 die.
941 1437 1187 1519 (1863.)

492 1548 648 1632 Cap.
699 1553 808 1624 58,
879 1550 914 1609 5
975 1545 1070 1628 (in
1125 1544 1611 1627 disceptatione
1670 1545 2036 1628 legatorum
2085 1545 2392 1611 Antiochi
2451 1549 2623 1631 regis

321 1677 470 1721 cum
524 1657 596 1720 T.
646 1654 1007 1733 Quinctio):
1077 1653 1501 1716 Enimvero
1559 1652 1640 1716 id
1702 1653 1989 1717 auditu
2052 1653 2293 1718 etiam
2352 1654 2623 1720 dicere

321 1764 736 1846 indignum
804 1782 981 1826 esse
1049 1760 1564 1841 Hegesianax
1635 1758 2011 1840 (legationis
2074 1761 2380 1826 Antiochi
2448 1763 2623 1844 prin-

322 1870 535 1954 ceps),
604 1869 967 1933 Thraciae
1036 1874 1115 1931 et
1181 1864 1676 1931 Chersonesi
1743 1866 2084 1932 urbibus
2151 1870 2415 1932 arceri
2471 1871 2624 1933 An-

205 1993 212 1996 ’
320 1978 712 2056 tiochum3
783 1997 951 2059 quae
1011 1973 1401 2038 Seleucus
1456 1994 1808 2056 proavus
1868 1973 2080 2052 eius,
2148 1974 2624 2058 Lysimacho

321 2107 507 2168 rege
584 2084 802 2149 bello
879 2083 1099 2146 victo
1170 2087 1248 2145 et
1314 2081 1394 2145 in
1463 2082 1638 2145 acie
1707 2102 1938 2160 caeSO,
2015 2102 2159 2165 per
2238 2091 2797 2158 summum(40⁷)

323 2194 561 2257 decus
609 2197 847 2274 parta
890 2189 1362 2269 reliquerit,
1432 2190 1607 2271 pari
1668 2209 1836 2253 cum
1893 2188 2136 2253 laude
2182 2190 2481 2272 partim
2528 2190 2625 2253 ab

321 2298 779 2364 Thracibus
859 2317 1244 2380 possessa
1321 2295 1566 2360 armis
1644 2296 2056 2378 receperit
2139 2296 2625 2375 Antiochus,

322 2409 623 2491 partim
684 2406 1045 2482 deserta,
1115 2405 1326 2467 sicut
1381 2404 1636 2485 ipsam
1681 2402 2304 2486 Lysimachiam,
2374 2411 2452 2469 et
2499 2426 2626 2469 re-

321 2516 638 2580 vocatis
713 2511 1180 2578 cultoribus
1236 2510 1901 2592 frequentaverit
1956 2518 2062 2590 et,
2130 2532 2301 2592 quae
2357 2518 2627 2576 strata

324 2622 592 2687 ruinis
651 2628 890 2702 atque
937 2616 1349 2684 incendiis
1397 2625 1662 2698 erant,
1721 2618 2194 2701 ingentibus
2238 2620 2629 2703 impensis

326 2728 900 2795 aedificaverit.
992 2727 1320 2803 Quattuor
1363 2725 1564 2789 verba
1608 2727 1738 2791 alio
1787 2727 2014 2792 ordine
2061 2728 2318 2793 codices
2364 2726 2627 2804 habent,

325 2837 378 2901 B
425 2845 491 2901 et
535 2837 867 2918 vulgares:
925 2834 1019 2898 ab
1066 2832 1521 2898 Thracibus
1566 2835 1866 2916 partim
1916 2855 2320 2917 possessa.
2366 2833 2433 2897 M
2480 2855 2627 2897 cum

327 2944 474 3009 edd.
521 2951 711 3008 vett:
759 2943 856 3006 ab
896 2940 1354 3005 Thracibus
1401 2961 1789 3023 possessa
1833 2941 2160 3023 partim3
2206 2940 2321 3005 sed
2370 2940 2628 3004 codices

326 3051 456 3116 fide
503 3052 684 3132 digni
731 3049 908 3131 (ΜΒ)
955 3055 1110 3113 ante
1156 3048 1251 3112 ab
1297 3047 1764 3112 Thracibus
1811 3047 2066 3112 addunt
2112 3047 2384 3112 eadem
2430 3047 2629 3129 idque

325 3158 891 3223 Weissenbornius
969 3157 1221 3239 recepit
1302 3153 1407 3235 (eo
1475 3154 1736 3233 ordine,
1815 3173 2005 3237 quem
2073 3155 2126 3218 B
2195 3161 2262 3218 et
2330 3154 2628 3236 vulgares

326 3265 621 3344 habent).
735 3264 864 3329 Sed
929 3265 995 3327 in
1064 3263 1188 3327 hac
1257 3262 1711 3326 coniunctione
1780 3260 1946 3342 (sine
2013 3261 2277 3344 copula)
2349 3261 2627 3325 duorum

326 3372 769 3437 membrorum
827 3371 999 3435 idem
1056 3370 1387 3435 obiectum
1435 3368 1656 3452 (quae)
1703 3368 2087 3433 habentium
2144 3369 2211 3433 id
2253 3390 2629 3451 pronomen,

327 3480 503 3563 quod
572 3480 1135 3563 comparationem
1209 3476 1500 3559 aliquam
1569 3477 1849 3554 indicat,
1921 3475 2076 3540 addi
2142 3482 2319 3540 recte
2378 3478 2625 3559 nequit.

325 3586 665 3651 Accedunt
721 3586 854 3649 alia
897 3584 1337 3662 incommoda,
1409 3584 1570 3649 ordo
1629 3583 2001 3663 verborum,
2067 3584 2134 3647 in
2192 3584 2316 3647 hac
2372 3591 2628 3649 senten-

327 3694 569 3757 tiarum
628 3694 1120 3769 coniunctione,
1190 3712 1320 3755 non
1376 3697 1554 3755 recte
1612 3692 1903 3755 variatus
1966 3690 2061 3770 (in
2116 3698 2400 3772 utroque
2457 3692 2627 3755 enim

325 3799 617 3865 membro
675 3800 1041 3864 subiectum
1099 3799 1469 3881 praecedere
1517 3798 1831 3863 debebat:
1902 3818 2070 3880 quae
2119 3796 2500 3863 Seleucus
2543 3833 2628 3843 —-

323 3906 784 3989 reliquerit,
828 3905 1285 3972 Antiochus
1326 3939 1415 3950 —
1456 3905 1892 3988 receperit)
1940 3912 2007 3970 et
2049 3907 2369 3969 transitus
2418 3905 2627 3971 duris-

327 4013 531 4078 simus
597 4034 716 4077 nec
782 4013 1092 4078 ferendus
1151 4013 1378 4093 (quum
1434 4012 1619 4076 nulla
1674 4033 1795 4076 nec
1852 4032 2055 4077 causa
2108 4033 2230 4076 nec
2289 3994 2627 4077 excusatio

325 4120 439 4199 sit)
488 4142 523 4184 a
571 4119 879 4185 feminino
937 4141 1174 4204 genere
1231 4120 1313 4183 ad
1360 4127 1665 4184 neutrum
1711 4119 2098 4200 (Thraciae
2158 4128 2236 4184 et
2283 4119 2628 4184 Cherso-

324 4229 501 4291 nesi
558 4227 928 4306 urbibuS,
994 4247 1161 4311 quae
1219 4227 1611 4292 Seleucus
1680 4233 1917 4310 parta
1972 4226 2416 4307 reliquerit
2479 4248 2626 4309 pro:

330 4354 528 4416 quas
574 4369 658 4380 --
703 4344 994 4417 partas
1052 4334 1544 4416 reliquerit).
1655 4333 1847 4397 Viam
1892 4334 2026 4397 veri
2072 4333 2444 4414 reperiendi
2490 4354 2628 4396 cer-
