3230 5282
755 1445 1058 1526 EMEN
1062 1445 1546 1531 DATIONU
1547 1451 1633 1528 M
1696 1449 2390 1532 LIVIANARUM

1315 1612 1500 1666 PARS
1542 1613 1840 1680 QUARTA

413 1749 541 1809 mvn
581 1750 847 1852 mmmm
896 1752 1122 1821 QUINQUE
1169 1753 1198 1810 A
1246 1753 1642 1824 Qulnsslflsss'mo
1692 1754 1851 1813 Pallio
1898 1754 1963 1813 An
2005 1754 2445 1824 aulnsslcsssmml
2482 1756 2715 1825 (ulmum

1204 1854 1595 1915 summimus
1635 1856 1938 1916 commus

1362 2125 1771 2189 Pnoossmwm.

407 2243 483 2352 P
489 2303 923 2359 ostremorum
960 2296 1264 2377 quinque,
1314 2298 1427 2378 qui
1465 2303 1745 2374 exstant,
1785 2297 1949 2360 Livii
1987 2297 2304 2360 librorum
2346 2319 2568 2363 omnes
2602 2321 2717 2362 no-

412 2411 569 2467 runt
613 2403 862 2467 nullum
908 2411 1058 2486 post
1100 2410 1366 2468 renatas
1412 2403 1672 2468 litteras
1720 2406 2167 2487 comparuisse
2213 2405 2503 2469 codicem
2551 2428 2716 2488 prae-

407 2519 510 2575 ter
555 2533 721 2588 eum,
771 2534 850 2575 ex
897 2533 1026 2592 quo
1074 2532 1185 2574 eos
1233 2512 1484 2593 primus
1524 2511 1745 2575 Simon
1785 2511 2101 2593 Grynaeus
2138 2533 2195 2575 a.
2243 2517 2397 2576 1531
2439 2513 2713 2577 Basileae

407 2620 586 2702 apud
631 2619 1030 2684 Frobenium
1076 2618 1309 2697 edidit,
1370 2621 1482 2701 qui
1541 2620 1777 2699 codex,
1838 2641 2038 2703 quum
2086 2641 2142 2683 a.
2196 2624 2358 2683 1527
2409 2621 2510 2699 (ut
2559 2644 2715 2687 con·

407 2734 539 2791 stat
586 2750 664 2791 ex
712 2727 996 2811 epistola
1033 2728 1291 2810 Grynaei
1339 2727 1422 2791 ad
1459 2728 1572 2791 Ph.
1609 2728 2198 2805 Melanchthonem,
2249 2728 2331 2791 ab
2372 2729 2455 2791 M.
2491 2730 2715 2811 Haup-

405 2838 497 2900 tio
548 2837 612 2898 in
662 2835 793 2900 ind.
844 2835 1048 2899 schol.
1098 2835 1384 2899 Berolin.
1439 2838 1642 2913 185⁶s7
1693 2835 1900 2917 edita)
1960 2836 2025 2898 in
2074 2836 2390 2899 coenobio
2442 2836 2715 2899 Lauris-

405 2945 707 3007 hamensi
751 2965 879 3006 non
924 2943 1115 3025 louge
1163 2963 1204 3005 a
1247 2943 1474 3006 Rheno
1523 2966 1554 3005 e
1604 2945 1869 3024 regione
1906 2942 2368 3025 Borbetomagi
2415 2945 2715 3007 inventus

407 3058 599 3127 essct,
647 3058 883 3133 postea
928 3052 1128 3113 variis
1173 3049 1438 3114 casibus
1487 3054 1551 3113 iu
1599 3051 1908 3114 Noricum
1945 3051 2334 3134 (Tyroliam)
2385 3053 2449 3114 in
2498 3072 2714 3114 arcem

405 3159 941 3233 Ambrasensem‚
1007 3158 1242 3221 deinde
1292 3157 1751 3222 Vindobonam
1808 3158 2065 3221 delatus
2126 3165 2221 3221 est
2271 3158 2491 3237 ibique
2540 3179 2713 3221 nunc

403 3268 471 3330 in
515 3267 921 3329 bibliotheca
969 3264 1267 3329 Caesarea
1313 3260 1640 3343 servatur,
1699 3266 1940 3329 amisso
1996 3273 2218 3329 tamen
2266 3289 2395 3328 uno
2447 3272 2710 3348 quater-

402 3375 597 3437 nione
646 3380 887 3457 praeter
933 3396 1059 3449 θος,
1106 3374 1218 3453 qui
1263 3373 1395 3436 iam
1436 3373 1695 3455 Grynaei
1743 3379 1937 3437 aetate
1984 3375 2474 3437 interciderant..
2546 3373 2713 3436 Nam

406 3504 605 3565 quum
653 3484 908 3565 integer
954 3483 1177 3559 codex,
1225 3489 1299 3545 ut
1340 3484 1655 3565 Grynaeus
1702 3482 2047 3563 diligenter
2083 3483 2381 3584 exposuit
2429 3483 2495 3546 in
2542 3504 2714 3546 com-

404 3589 762 3673 pellatione
808 3590 1069 3654 lectoris
1137 3591 1204 3653 in
1265 3591 1417 3653 edit.
1469 3590 1886 3653 Frobeniana
1941 3596 2092 3672 post
2159 3590 2438 3654 indicem
2493 3593 2714 3673 posita

403 3696 604 3778 (unde
651 3698 1059 3780 repetierunt
1105 3696 1685 3761 Drakenborchius
1732 3697 1856 3761 vol.
1904 3697 2026 3760 VII
2084 3720 2144 3780 p.
2194 3703 2314 3762 225
2365 3706 2430 3763 et
2475 3701 2712 3783 Kreys-

403 3805 608 3887 sigius
655 3807 722 3869 in
767 3805 1107 3870 Annotatt.
1157 3830 1217 3889 p.
1270 3804 1357 3886 9),
1407 3807 1681 3887 triginta
1728 3811 2045 3887 quattuor
2091 3809 2557 3887 quaterniones
2606 3829 2712 3871 oc-

402 3918 710 3978 tonorum
767 3912 1070 3977 foliorum
1137 3913 1505 3992 habuisset,
1562 3914 1696 3977 iam
1757 3920 1897 3977 tum
1943 3914 2216 3978 deerant
2264 3917 2613 3997 quaternio
2660 3914 2710 3995 Ι,

397 4020 486 4083 IV
543 4028 784 4103 praeter
841 4044 1039 4084 unum
1096 4020 1325 4085 folium
1385 4020 1541 4101 (quo
1611 4023 1983 4086 cont-inetur
2046 4022 2483 4105 fragmentum
2561 4023 2712 4087 libri

397 4128 546 4192 XLI
596 4152 635 4192 a
681 4152 733 4191 v.
785 4129 1121 4192 deduxit
1168 4136 1460 4191 extremo
1522 4152 1572 4194 e.
1630 4136 1704 4192 18
1755 4131 2122 4213 incipiens),
2174 4132 2224 4190 V
2272 4133 2426 4194 item
2474 4139 2713 4213 practer

398 4258 600 4300 unum
645 4235 874 4300 folium
923 4237 1114 4318 (XLI.
1166 4236 1292 4317 20),
1341 4237 1476 4307 XV,
1525 4238 1693 4315 XVI,
1741 4238 1942 4315 XVII,
1990 4238 2203 4300 XVIII
2253 4238 2453 4317 (inter
2500 4238 2712 4301 XLIII

397 4365 448 4408 c.
502 4350 537 4407 3
587 4352 652 4409 et
699 4345 784 4426 4),
832 4346 1282 4426 quaternionis
1330 4345 1507 4408 XXV
1564 4347 1725 4411 folia
1783 4347 1909 4410 duo
1957 4347 2175 4409 media
2233 4346 2407 4428 (quae
2463 4347 2702 4410 lacuna
2738 4358 2885 4428 (485)

394 4452 620 4516 incidit
669 4453 874 4516 XLIV
920 4454 1093 4517 inter
1151 4475 1203 4517 c.
1254 4458 1334 4516 32
1383 4461 1449 4517 et
1497 4455 1605 4534 33)
1655 4462 1721 4517 et
1781 4453 1908 4517 duo
1969 4460 2258 4517 extrema
2318 4453 2478 4533 (ibd.
2528 4475 2580 4517 c.
2629 4457 2709 4516 30
