3230 5282
1471 628 1595 687 403
2299 642 2421 696 Lib.
2458 641 2688 696 XXVII.

380 813 571 877 taciti
608 817 1025 895 praetereunt.
1110 811 1196 876 Et
1240 815 1462 875 tamen
1509 812 1671 894 quid
1716 811 2067 877 absurdius
2114 814 2513 896 nugaciusve
2560 813 2695 878 dici

378 922 623 1005 potuit,
679 940 879 1002 quam
923 920 1256 983 Neronem
1313 939 1402 982 ea
1455 941 1497 982 ιι
1513 940 1550 982 o
1566 927 1644 984 ct
1660 941 1693 983 e
1737 953 1825 965 --
1870 943 1900 984 s
1915 926 2097 986 exto
2145 922 2185 985 d
2200 923 2221 985 i
2236 942 2271 985 e
2321 921 2406 985 ad
2453 923 2694 987 stativa

381 1050 501 1093 sua
567 1029 943 1111 pervenisse
957 1027 989 1090 Ῥ
1054 1024 1474 1090 Manifestum
1543 1033 1646 1092 est
1660 1077 1675 1106 ,
1746 1028 2068 1093 excidisse
2136 1029 2558 1112 participium
2627 1037 2694 1094 et

377 1136 750 1201 huiusmodi
794 1134 995 1200 fuisse
1040 1156 1262 1198 veram
1308 1134 1624 1199 orationis
1670 1135 1978 1200 formam:
2037 1134 2096 1197 N
2113 1157 2193 1200 er
2212 1158 2249 1200 o
2298 1158 2332 1200 e
2348 1157 2390 1200 a
2432 1159 2475 1200 n
2491 1159 2528 1201 o
2546 1158 2581 1201 c
2594 1144 2622 1202 t
2638 1159 2694 1216 e,

380 1265 546 1327 quae
603 1250 888 1308 secuta
938 1247 1064 1307 est
1109 1263 1476 1324 pugnam,
1527 1261 1939 1322 regressus
1985 1243 2400 1324 citatiore,
2451 1266 2605 1326 qua
2631 1268 2694 1310 m

382 1351 575 1416 inde
653 1356 1027 1429 venerat,
1121 1349 1468 1431 agmine,
1552 1349 1678 1414 die
1760 1358 1994 1415 sexto
2074 1358 2196 1415 cet.
2329 1351 2695 1435 [Excidisse

379 1460 803 1542 participium
878 1459 1074 1522 etiam
1123 1457 1454 1521 Sartorius
1514 1457 1822 1540 viderat]
1936 1457 1998 1541 [ἕ
2046 1464 2083 1523 9
2130 1481 2164 1524 e
2211 1461 2540 1544 scriptura
2584 1482 2693 1526 co-

380 1567 540 1630 dicis
595 1565 645 1629 P
693 1588 734 1648 p
755 1572 1004 1644 osset,
1063 1565 1346 1629 traher
1365 1572 1571 1643 etur,
1631 1586 1826 1646 quam
1872 1565 1968 1629 W.
2014 1568 2316 1646 retinuit,
2377 1587 2579 1652 quum
2623 1571 2689 1633 in

380 1674 778 1739 editionibus
823 1680 999 1738 esset
1040 1680 1069 1737 t
1084 1673 1225 1737 rah
1240 1694 1273 1736 e
1287 1695 1322 1736 r
1338 1693 1373 1736 e
1387 1675 1468 1736 tu
1484 1694 1629 1753 rqu
1645 1694 1700 1751 e,
1747 1670 2120 1738 faciendum
2166 1682 2343 1740 erat:
2393 1699 2433 1760 p
2453 1699 2489 1740 o
2509 1698 2539 1740 s
2553 1699 2583 1741 s
2599 1684 2691 1757 et,

379 1788 492 1845 set
558 1782 1048 1846 traheretur.
1173 1779 1206 1862 ξ
1272 1784 1349 1843 10
1375 1832 1388 1858 ,
1457 1779 1572 1844 ubi
1644 1781 1862 1844 editur
1928 1782 2146 1846 inter
2202 1784 2355 1867 imp
2374 1792 2693 1850 otentes

381 1890 557 1953 eius
617 1888 920 1970 (laetitiae)
979 1889 1193 1952 anim
1213 1911 1250 1953 o
1269 1910 1319 1967 S,
1381 1909 1414 1951 e
1461 1886 1511 1950 P
1558 1887 1854 1971 (interp
1873 1889 2228 1971 onentis)
2275 1882 2693 1957 scribendum

380 2003 484 2061 est
547 1999 766 2061 inter
834 2002 1214 2081 potentes
1294 1997 1464 2060 eius
1521 1997 1733 2059 anim
1755 2017 1854 2059 os.
1965 1997 2119 2080 Ipsa
2175 2001 2567 2065 coercitione
2627 2007 2694 2064 et

382 2106 876 2188 dispensatione
922 2105 1169 2168 laetitiae
1214 2110 1521 2187 potentes
1568 2103 1834 2168 fiebant.
1932 2104 2144 2187 1863]
2158 2105 2217 2187 ¹)

552 2210 710 2296 Cap.
772 2217 848 2276 51
866 2263 881 2291 ,
954 2217 1030 2275 10
1085 2211 1658 2276 Weissenbornius
1723 2219 1986 2277 secutus
2054 2220 2153 2278 est
2218 2213 2387 2279 hanc
2444 2214 2689 2280 codicis

380 2321 430 2385 P
501 2328 1000 2403 ceterorumque
1069 2319 1152 2383 ab
1221 2340 1298 2382 eo
1365 2319 1796 2403 pendentium
1866 2321 2292 2404 scripturam:
2379 2322 2421 2386 S
2436 2328 2609 2387 tatu
2626 2345 2689 2387 m

380 2451 644 2513 quoqu
662 2449 697 2492 e
770 2429 1144 2492 civitatis
1213 2448 1301 2491 ea
1378 2427 1489 2508 (ad
1548 2427 1925 2492 Metaurum
1995 2426 2264 2509 flumen)
2334 2429 2691 2494 victoria

378 2537 769 2611 firmavit,
826 2537 1111 2600 utiam
1157 2535 1340 2599 inde
1385 2534 1596 2599 haud
1646 2557 1878 2600 secus
1925 2558 2149 2619 quam
2195 2538 2274 2601 in
2320 2558 2512 2619 pace
2560 2559 2689 2603 res

379 2646 598 2709 inter
657 2666 736 2710 se
783 2643 1267 2708 contrahere
1311 2643 1745 2725 vendendo,
1805 2651 2226 2727 argentum
2286 2646 2687 2710 creditum

380 2776 410 2818 s
425 2753 495 2817 ol
515 2775 549 2815 v
566 2775 600 2817 e
618 2774 660 2815 n
676 2751 718 2815 d
733 2775 770 2816 o
849 2772 889 2814 a
903 2770 943 2814 u
962 2751 1002 2815 d
1017 2774 1052 2816 e
1066 2774 1100 2814 r
1115 2774 1148 2815 e
1163 2773 1203 2814 n
1223 2758 1268 2814 t.
1392 2751 1689 2835 Apparet
1765 2752 1979 2816 tribus
2055 2753 2391 2817 minimum
2468 2775 2690 2818 rerum

378 2860 976 2925 contrahendarum
1055 2858 1367 2942 exemplis
1442 2859 1800 2925 nominatis
1878 2867 2092 2925 totum
2168 2881 2371 2942 genus
2436 2861 2690 2925 Livium

378 2968 779 3050 significasse
793 3017 808 3047 ,
875 2988 1007 3030 non
1065 2965 1171 3031 his
1232 2966 1488 3031 duobus
1547 2972 1685 3030 tam
1745 2967 2051 3031 diiunctis
2109 2966 2286 3049 (nam
2336 2968 2687 3032 coniuncta

377 3080 530 3140 sunt
606 3098 643 3138 v
656 3097 690 3140 e
705 3098 745 3138 ιι
763 3074 801 3137 d
818 3097 852 3138 e
866 3096 900 3138 r
915 3095 948 3137 e
966 3126 979 3153 ,
1068 3096 1103 3139 e
1117 3097 1183 3139 m
1196 3096 1230 3138 e
1245 3097 1278 3137 r
1293 3073 1355 3155 e)
1376 3125 1389 3152 ,
1472 3081 1610 3138 tam
1686 3075 2100 3157 inaequaliter
2191 3073 2432 3154 (altero
2537 3096 2684 3152 una,

376 3183 586 3247 altero
659 3182 872 3246 tribus
938 3182 1235 3263 vocibus)
1306 3187 1372 3245 et
1440 3187 1740 3253 ἀσυνδὲτως
1796 3183 2197 3265 compositis.
2307 3181 2432 3246 Est
2487 3182 2688 3263 igitur

374 3290 483 3354 hic
538 3290 722 3355 locus
783 3312 863 3354 ex
919 3291 1001 3354 iis
1019 3341 1032 3368 ,
1101 3311 1265 3374 quos
1324 3291 1720 3371 integriores
1788 3311 1984 3371 quam
2041 3290 2091 3354 P
2148 3291 2426 3354 servavit
2483 3290 2689 3354 codex

376 3398 704 3482 Spirensis
723 3448 738 3476 ,
807 3419 886 3462 ex
944 3420 1072 3481 quo
1133 3398 1428 3462 derivata
1474 3397 1673 3480 plena
1717 3399 2066 3482 scriptura,
2114 3403 2192 3461 ut
2237 3398 2385 3462 aliis
2432 3398 2687 3481 aliquot

372 3506 533 3571 locis
548 3558 562 3585 ‚
633 3507 701 3569 in
769 3507 1017 3589 primas
1085 3505 1407 3571 editiones
1472 3507 1653 3569 venit
1668 3556 1683 3584 ,
1759 3507 1888 3569 nisi
1955 3506 2132 3587 quod
2202 3527 2294 3570 eae
2361 3505 2688 3588 particula

365 3621 534 3697 apta
591 3621 656 3678 et
712 3614 1085 3677 necessaria
1131 3620 1377 3677 carent.
1481 3613 1651 3677 Nam
1708 3614 1775 3677 in
1825 3612 1932 3696 Sp.
1982 3614 2339 3678 Rhenanus
2397 3619 2687 3678 testatur

370 3721 570 3787 fuisse
618 3722 713 3802 (in
757 3720 917 3784 Pall.
947 3720 1405 3801 Gebhardus):
1448 3721 1889 3800 vendendo,
1936 3721 2281 3801 emendo,
2328 3728 2685 3786 mutuum

372 3829 636 3895 dando
694 3834 1121 3907 argentum
1177 3829 1750 3912 creditumque
1813 3828 2225 3893 solvendo.
2340 3829 2416 3893 In
2471 3828 2521 3892 P
2569 3836 2685 3895 aut

368 3939 508 4002 eius
575 3937 934 4019 archetypo
1005 3936 1229 4000 oculus
1300 3937 1366 4001 in
1435 3937 1706 4020 syllabis
1774 3936 1816 4000 d
1829 3958 1863 4000 e
1876 3959 1919 4000 n
1934 3937 1976 4001 d
1989 3959 2027 4002 o
2086 3937 2151 4017 (v
2166 3958 2199 4001 e
2216 3960 2259 4001 n
2274 3937 2316 4001 d
2330 3958 2364 4001 e
2379 3960 2421 4001 n
2435 3936 2475 4000 d
2490 3936 2555 4018 o)
2619 3944 2685 4001 et

371 4045 413 4109 d
428 4067 521 4109 an
539 4046 580 4110 d
594 4068 631 4110 o
689 4045 1040 4109 aberravit.
1143 4043 1290 4109 Una
1333 4051 1542 4109 restat
1589 4045 1912 4110 dubitatio
1928 4095 1943 4123 ,
2001 4066 2143 4127 quae
2187 4046 2317 4109 iam
2365 4045 2682 4109 Rhenano

369 4153 607 4218 oborta
662 4160 824 4218 erat.
926 4153 1187 4218 Dicitur
1243 4153 1415 4217 enim
1473 4153 1775 4217 absolute
1832 4176 1894 4217 m
1908 4160 2048 4218 utu
2062 4175 2184 4217 um
2230 4152 2272 4216 d
2288 4172 2373 4216 ar
2388 4174 2422 4217 e
2439 4204 2453 4231 ,
2512 4173 2593 4217 cr
2608 4174 2642 4216 e
2656 4187 2682 4197 -
2746 4198 2759 4210 .

422 4405 468 4473 ¹)
506 4404 540 4474 ἓ
593 4408 625 4459 5
679 4405 764 4459 W.
817 4406 1177 4461 manifestum
1228 4407 1495 4461 mendum
1549 4407 1760 4462 codicis
1805 4408 1848 4460 P
1888 4414 2113 4463 secutus
2152 4414 2259 4463 est:
2316 4426 2341 4462 s
2354 4427 2390 4462 u
2405 4427 2442 4477 p
2455 4427 2492 4477 p
2507 4407 2557 4459 li
2572 4423 2601 4459 c
2615 4422 2680 4461 es

501 4509 538 4544 v
553 4492 690 4545 otis
705 4509 740 4560 q
752 4509 788 4545 u
800 4510 830 4545 e
866 4491 931 4545 fa
943 4493 997 4546 ti
1009 4509 1130 4562 gar
1142 4511 1171 4548 e
1210 4492 1248 4546 d
1262 4511 1290 4546 e
1305 4511 1337 4546 o
1351 4512 1397 4561 s,
1437 4511 1560 4562 quoe
1588 4495 1845 4563 copulari
1874 4499 2159 4563 tamquam
2190 4494 2350 4564 paria
2375 4495 2679 4561 nequeunt.

2115 4596 2213 4648 26*
