3230 5282
1383 641 1464 702 27

275 826 505 892 amici
548 862 637 872 —
679 827 907 905 tiam3
951 828 1021 892 in
1064 826 1360 909 margine
1406 825 1765 891 adnotatur
1807 826 2147 891 multum
2194 825 2572 907 deficit.¹)
2613 834 2717 901 (25)

275 934 391 999 Est
441 943 767 1020 praeterea
823 938 985 1001 satis
1043 955 1284 1019 magna
1337 935 1406 1000 in
1461 934 1688 1001 codice
1746 934 1814 999 M
1869 934 2108 1000 lacuna
2164 934 2314 999 inde
2371 956 2411 998 a
2465 934 2580 1007 ΙΙΙ,

275 1047 383 1123 27,
454 1050 481 1107 l
558 1045 647 1110 ad
713 1066 766 1110 c.
826 1047 938 1123 28,
1006 1048 1043 1109 7
1113 1042 1349 1125 (dicit
1402 1042 1474 1107 L.
1532 1042 2057 1127 Tarquitium
2109 1079 2196 1089 —
2252 1042 2580 1127 proelio

274 1159 594 1237 coepto,
651 1152 803 1234 ne),
861 1173 993 1237 quo
1050 1152 1194 1217 loco
1240 1152 1444 1217 ceteri
1489 1173 1713 1217 omnes
1758 1153 1995 1235 integri
2043 1151 2286 1233 sunt.²)
2390 1149 2582 1215 Solus

274 1261 466 1326 etiam
511 1261 646 1341 111,
704 1266 819 1341 37,
879 1267 916 1325 5
978 1267 1296 1345 quattuor
1349 1259 1554 1325 verba
1601 1260 1847 1325 omittit
1892 1267 2162 1345 propter
2203 1259 2431 1325 modo
2480 1258 2580 1323 bis

276 1371 590 1453 positum,
650 1370 765 1449 IX,
820 1375 880 1449 4,
941 1373 1019 1434 14
1066 1368 1196 1434 duo
1243 1367 1357 1450 (ac
1401 1367 1867 1452 prodimus).
1975 1368 2203 1434 Certat
2248 1375 2472 1433 autem
2514 1367 2581 1432 in

274 1477 390 1543 hoc
432 1479 662 1544 codice
709 1500 857 1544 cum
902 1499 1143 1561 magna
1190 1476 1509 1559 religione
1544 1499 1675 1543 non
1709 1478 1923 1544 minor
1956 1477 2308 1562 imperitia,
2355 1498 2581 1560 quam-

273 1608 489 1671 quam,
552 1594 633 1653 ut
687 1608 858 1652 nunc
914 1608 1021 1651 res
1081 1592 1213 1664 est,
1273 1585 1433 1669 quid
1491 1585 1688 1651 huius
1746 1586 1956 1670 ipsius
2002 1585 2245 1651 codicis
2290 1585 2581 1659 librari0‚

272 1697 420 1779 quid
480 1696 812 1761 communi
870 1696 1009 1760 eius
1056 1700 1124 1759 et
1166 1694 1642 1760 vormatiensis
1687 1695 1950 1778 parenti
1997 1695 2348 1771 debeatur,
2414 1693 2582 1758 iudi-

271 1806 397 1869 cari
440 1805 709 1889 nequit;
777 1805 1134 1870 accessisse
1194 1804 1263 1867 in
1320 1804 1629 1868 extremis
1684 1802 1871 1868 libris
1928 1803 2190 1868 videtur
2235 1802 2459 1885 aliqua
2504 1823 2581 1867 ex

270 1912 456 1978 taedio
500 1912 941 1997 neglegentia,
996 1911 1129 1990 ubi,
1176 1917 1252 1976 ut
1294 1910 1759 1976 adnotationes
1804 1911 2200 1993 marginales
2246 1912 2313 1975 in
2359 1911 2583 1995 aliqua

276 2028 459 2104 parte
501 2022 663 2087 libri
710 2021 972 2105 septimi
1014 2026 1154 2085 tam
1202 2040 1375 2102 saepe
1422 2020 1707 2084 orationi
1751 2020 2085 2084 immixtas
2130 2027 2406 2098 taceam,
2453 2039 2583 2084 non

270 2129 359 2194 ita
426 2150 652 2214 pauca
705 2127 1026 2193 eiusmodi
1081 2133 1378 2192 monstra
1432 2126 1746 2192 librarius
1805 2128 2098 2210 scripsit,
2166 2127 2360 2210 quale
2418 2125 2582 2192 illud

272 2246 367 2303 est
407 2240 474 2303 in
522 2236 683 2317 VII,
744 2240 859 2315 33,
923 2240 1029 2299 10:
1097 2241 1321 2300 recte
1380 2235 1664 2300 dicant
1721 2233 2040 2316 (erectae
2083 2236 2418 2318 micant)
2466 2242 2584 2301 aut

272 2346 333 2411 in
385 2346 576 2426 vm,
638 2350 707 2425 6,
771 2348 877 2409 11:
945 2343 1613 2429 partemderetur
1680 2342 2085 2409 alteruter
2152 2344 2582 2410 consulum

275 2453 492 2519 facta
529 2452 886 2537 implebe
925 2451 1666 2536 (portenderentur,
1714 2452 2128 2517 alteruter
2166 2452 2580 2519 consulum

274 2562 438 2628 fata
480 2560 907 2648 impleret)
955 2567 1072 2625 aut
1114 2561 1182 2625 in
1228 2560 1404 2639 VIII,
1453 2565 1552 2639 10,
1601 2565 1677 2624 9:-
1731 2582 1936 2625 seme
1982 2567 2421 2626 nocturnas
2469 2560 2581 2645 (se

276 2670 781 2752 Minturnas),
826 2677 1097 2754 arrepta
1140 2675 1422 2748 tantum,
1469 2689 1614 2752 quae
1652 2691 1721 2735 se
1757 2670 1975 2735 animo
2012 2669 2350 2750 offerebat,
2398 2671 2575 2735 Lati·
2615 2687 2720 2755 (26)

280 2800 497 2845 narum
556 2786 630 2846 et
689 2785 998 2844 notarum
1053 2798 1286 2843 vocum
1344 2778 1580 2861 specie.
1696 2776 1825 2842 Sed
1881 2785 2156 2862 propter
2210 2778 2391 2843 illam
2436 2778 2585 2844 reli-

279 2889 521 2970 gionem
579 2910 732 2954 cum
794 2888 1193 2971 antiquitate
1241 2884 1669 2970 archetypum
1715 2908 1918 2970 prope
1965 2888 2389 2970 contingente
2434 2909 2586 2953 con·

332 3081 374 3149 ¹)
410 3083 667 3137 Priorem
712 3081 1220 3151 transpositionem
1268 3079 1547 3135 Salvinius
1602 3081 1834 3134 omnino
1888 3099 2006 3136 non
2063 3083 2586 3137 commemoravisse

407 3168 666 3232 videtur3
720 3185 904 3236 neque
958 3167 1107 3222 enim
1159 3166 1335 3220 ullum
1386 3167 1469 3220 rei
1523 3166 1827 3236 vestigium
1873 3166 2021 3235 apud
2065 3166 2585 3222 Drakenborchium

409 3259 517 3320 est,
573 3253 876 3323 scripturae
921 3253 1255 3306 varietatem
1291 3268 1321 3305 e
1356 3250 1690 3306 Florentino
1730 3251 1928 3306 ordine
1971 3257 2427 3321 persequentem,
2479 3253 2586 3307 nisi

406 3340 570 3408 quod
618 3356 670 3392 c.
715 3340 806 3405 25,
859 3341 896 3391 4
949 3338 1009 3391 in
1053 3353 1120 3390 eo
1167 3337 1437 3407 scriptum
1486 3355 1608 3393 esse
1657 3337 1869 3392 dieitur
1920 3338 2142 3392 litore
2196 3342 2586 3393 sannaturae

408 3424 752 3490 Aestatis,
805 3424 965 3492 quasi
1010 3440 1124 3477 una
1167 3439 1281 3477 vox
1325 3427 1615 3491 uaturae,
1669 3441 1787 3478 non
1832 3423 2027 3477 decem
2072 3424 2259 3493 capita
2293 3424 2372 3478 ibi
2407 3425 2582 3479 inter-

407 3511 603 3580 posita
637 3509 863 3564 fuerint.
943 3509 1143 3563 Altero
1180 3508 1310 3563 loco
1349 3510 1421 3563 ad
1456 3508 1560 3576 IX,
1611 3512 1691 3577 14,
1730 3512 1763 3563 2
1796 3508 2293 3564 Drakenborchius
2329 3510 2586 3576 adnotat,

409 3595 603 3649 omitti
648 3595 707 3648 in
742 3594 1077 3649 Florentino
1128 3594 1316 3648 omnia
1359 3612 1537 3662 usque
1585 3595 1664 3649 ad·
1694 3612 1739 3648 c.
1778 3597 1846 3648 22
1884 3600 2048 3661 extr„
2105 3599 2275 3662 atque
2312 3595 2383 3648 ad
2416 3594 2587 3649 huius

408 3681 614 3752 capitis
649 3679 819 3735 finem
849 3679 1136 3745 adscribit,
1171 3678 1322 3733 finiri
1347 3679 1625 3745 lacunam,
1662 3697 1765 3734 nec
1793 3681 1853 3734 in
1880 3679 2080 3734 mediis
2109 3681 2386 3749 capitibus
2414 3681 2586 3735 ullam

408 3765 728 3821 Florentini
778 3767 1117 3834 scripturam
1161 3764 1357 3835 ponit,
1409 3765 1762 3834 miraturque
1810 3765 1882 3819 ad
1919 3784 1966 3820 c.
2010 3766 2101 3834 15,
2156 3768 2191 3818 ’7
2227 3784 2260 3820 a
2295 3764 2583 3821 Gronovio

412 3850 818 3906 Florentinum
854 3851 1302 3906 commemorari.
1365 3850 1565 3920 Itaque
1594 3850 1877 3905 Salvinius
1914 3869 2086 3920 quum
2123 3852 2182 3905 in
2218 3869 2264 3905 c.
2301 3853 2372 3905 40
2406 3853 2464 3905 in
2501 3870 2585 3918 ea,

413 3954 540 4005 quoe
585 3938 747 4007 prius
796 3937 1006 3991 omissa
1050 3942 1234 4003 erant,
1279 3936 1602 4003 incidisset,
1650 3953 1768 3990 uon
1803 3936 2105 4004 agnovisse
2142 3953 2244 3990 nec
2279 3937 2585 3991 contulisse

415 4022 656 4077 videtur.
741 4021 854 4077 Sed
898 4022 958 4076 in
1003 4022 1118 4075 suis
1165 4022 1288 4091 ipse
1332 4021 1626 4075 codicibus
1662 4020 2160 4076 Drakenborchius
2197 4023 2585 4091 transpositio-

414 4125 563 4174 nem,
600 4109 650 4161 si
686 4108 766 4163 ibi
799 4107 1016 4175 fuisset,
1056 4106 1578 4173 animadvertisset3
1617 4125 1722 4162 neo
1757 4108 1818 4161 in
1850 4105 1896 4160 P
1934 4107 2239 4176 quidquam
2275 4109 2547 4162 turbatur.

336 4192 386 4258 ')
418 4192 564 4247 Duae
600 4198 731 4248 sunt
766 4193 916 4248 intra
947 4193 1112 4247 huius
1150 4193 1367 4247 lacunae
1404 4194 1649 4263 spatium
1683 4191 1938 4246 Rhenani
1975 4191 2412 4260 emendationes,
2448 4212 2584 4263 quas

416 4278 466 4332 si
501 4296 534 4333 e
569 4278 767 4333 codice
804 4280 1060 4348 sumpsit,
1096 4278 1303 4332 lacuna
1336 4279 1503 4333 unius
1531 4278 1591 4332 M
1617 4278 1852 4348 propria
1890 4277 2014 4345 fuit,
2050 4279 2207 4332 cuius
2233 4283 2423 4333 tamen
2450 4278 2585 4334 folia

418 4363 613 4420 deesse
666 4362 1048 4418 Alschefskius
1108 4381 1226 4418 uon
1288 4363 1639 4435 significavit.
1739 4362 1853 4417 Sed
1902 4363 2207 4418 Rhenanus
2273 4365 2333 4418 in
2384 4371 2585 4420 neutra

418 4449 815 4505 emendatione
869 4449 1083 4503 codicis
1136 4450 1478 4503 auctoritate
1530 4450 1716 4504 utitur
1767 4454 1964 4518 estque
2012 4454 2246 4517 utraque
2291 4450 2583 4518 eiusmodi,

421 4551 547 4602 qnoe
581 4535 911 4590 coniectura
943 4533 1107 4589 facile
1141 4535 1375 4604 reperiri
1409 4534 1681 4604 potuerit.
