3230 5282
519 581 644 637 Idib.
681 580 879 636 XXIV.
1622 566 1744 627 336

692 752 852 838 Cap.
902 759 961 833 8,
1025 758 1101 818 15
1171 751 1264 833 (in
1316 753 1617 818 oratione
1665 750 1739 829 Q.
1789 751 1979 816 Fabii
2024 757 2255 817 contra
2299 752 2371 816 T.
2421 752 2833 833 Otacilium):

522 861 659 928 Sin
694 870 957 928 autem
995 870 1073 927 te
1120 861 1469 927 classem
1518 860 1944 925 obtinente
1994 861 2237 925 etiam
2273 860 2494 925 velut
2529 869 2836 942 pacato

520 973 719 1036 mari
765 971 1062 1053 quaevis
1107 968 1555 1035 Hannibali
1600 975 1785 1034 tuta
1832 974 2078 1052 atque
2111 969 2435 1052 integra
2471 968 2566 1033 ab
2604 969 2831 1034 domo

518 1086 915 1144 venerunt
959 1086 1083 1144 cet.
1187 1077 1419 1160 Neque
1475 1078 1724 1143 etiam
1782 1082 2010 1160 aptum
2065 1077 2407 1142 sententiae
2462 1085 2565 1142 est
2619 1098 2831 1164 neque

520 1188 821 1272 quaevis
870 1186 1096 1268 (Drak.
1144 1184 1561 1269 quaelibet)
1618 1184 1778 1250 ferri
1834 1192 2085 1268 potest,
2143 1185 2454 1266 quoniam
2509 1183 2635 1251 hoc
2680 1207 2836 1269 pro-

516 1303 758 1361 nomen
822 1317 954 1361 non
1019 1295 1262 1360 dicitur
1327 1295 1420 1359 sic
1486 1294 1731 1377 plurali
1796 1314 2067 1359 numero
2123 1313 2245 1376 pro
2301 1293 2708 1359 substantivo
2767 1301 2834 1359 et

520 1403 1066 1487 significationem
1144 1403 1348 1468 habet
1424 1404 1635 1467 omnis
1703 1403 1958 1485 generis
2035 1403 2175 1466 sine
2243 1400 2486 1466 dilectu
2555 1403 2639 1466 ab
2706 1400 2831 1467 hoc

518 1512 662 1578 loco
744 1512 1044 1577 alienam.
1170 1511 1243 1575 In
1337 1510 1674 1575 codicibus
1754 1510 1834 1591 (P
1878 1511 1946 1576 M
1993 1509 2214 1590 Cant„
2297 1509 2474 1591 aliis)
2553 1533 2673 1594 pro
2751 1532 2828 1575 eo

520 1621 833 1685 scribitur
888 1620 1098 1703 quib.
1147 1618 1252 1702 (P)
1311 1629 1429 1684 aut
1484 1620 1801 1703 quibus.
1905 1618 2234 1703 Scriptum
2288 1616 2495 1683 fuisse
2539 1618 2826 1684 videtur:

517 1763 604 1774 —
681 1729 1116 1793 obtinente
1204 1728 1455 1791 onnia
1545 1728 1769 1794 velut
1860 1735 2152 1811 pacato
2229 1727 2434 1792 mari
2511 1728 2827 1790 navibus

516 1836 961 1902 Hannibali
1008 1844 1140 1903 ‘cet
1244 1834 1530 1902 Omnia
1584 1838 1830 1902 mutari
1886 1838 2107 1920 potuit
2166 1837 2251 1902 ob
2299 1843 2655 1901 extremam
2701 1835 2827 1920 syl-

518 1946 737 2013 labam
783 1947 961 2012 vocis
1006 1945 1458 2030 praecedentis».
1549 1944 1796 2027 (1876.)
1886 1942 1919 2027 ἓ
1971 1949 2048 2008 10
2096 1951 2462 2027 exspectes:
2533 1952 2619 2010 ut
2674 1966 2826 2011 non

519 2050 653 2118 aus
689 2056 919 2120 deum
965 2060 1104 2119 aut
1151 2055 1351 2119 belli
1399 2056 1869 2120 deseramus
1916 2073 2262 2118 causam.
2353 2053 2601 2134 (1862.)

691 2163 846 2247 Cap.
907 2169 974 2237 9,
1049 2167 1123 2226 10
1191 2162 1300 2245 (de
1359 2160 1433 2238 Q.
1493 2162 1700 2227 Fabio
1770 2161 2037 2227 consule
2093 2163 2175 2227 iis
2244 2162 2525 2227 comitiis
2586 2168 2827 2241 creato,

518 2292 665 2354 quae
709 2273 852 2355 ipse
900 2272 1124 2337 consul
1170 2271 1518 2352 habebat):
1587 2270 1931 2354 Tempus
1978 2290 2068 2335 ac
2111 2270 2579 2335 necessitas
2625 2270 2827 2335 belli

517 2400 608 2444 ac
654 2379 1097 2445 discrimen
1145 2370 1456 2444 summa}
1500 2400 1765 2444 rerum
1811 2378 2263 2458 faciebant,
2320 2399 2414 2444 ne
2461 2379 2642 2461 quis
2689 2392 2828 2444 aut

516 2489 591 2551 in
672 2487 1119 2571 exemplum
1200 2490 1676 2573 exquireret
1754 2494 1893 2552 aut
1973 2493 2441 2569 suspectum
2509 2486 2825 2569 cupidi-

515 2597 720 2662 tatis
767 2597 1092 2680 imperii
1138 2598 1546 2663 consulem
1591 2595 1947 2661 haberet.
2018 2595 2209 2674 Quod
2254 2616 2355 2661 me
2393 2599 2548 2661 ante
2585 2594 2827 2661 multos

515 2726 723 2770 annos
783 2706 1086 2787 offendit,
1154 2708 1231 2771 in
1305 2705 1753 2789 exemplum
1828 2705 2296 2789 exquirere,
2364 2705 2431 2769 in
2491 2725 2568 2771 eo
2628 2705 2824 2769 etiam

515 2813 1087 2881 Weissenbornius
1133 2815 1353 2894 haesit3
1411 2815 1527 2880 sed
1583 2814 1762 2899 quod
1819 2814 2101 2880 fortasse
2159 2813 2627 2897 inquireret
2672 2812 2825 2877 sub·

514 2923 923 2989 stituendum
978 2931 1174 3008 putat
1228 2932 1296 2990 et
1353 2924 1722 3007 exemplum
1780 2928 1922 2986 tum
1980 2923 2049 2986 in
2108 2928 2446 3005 posterum
2493 2920 2825 3004 proditum

514 3031 857 3117 intellegit,
904 3054 1115 3116 neque
1161 3032 1610 3116 exemplum
1655 3030 1830 3096 nude
1878 3031 2169 3113 positum
2215 3031 2310 3094 sic
2344 3030 2553 3112 accipi
2588 3036 2824 3112 potest,
2939 3027 2950 3038 “

337 3158 494 3230 4275)
527 3162 741 3224 neque
797 3142 1216 3224 inquirere
1275 3142 1352 3205 in
1399 3139 1848 3223 exemplum
1895 3145 1998 3202 est
2045 3159 2357 3220 quaerere,
2405 3158 2604 3220 quam
2651 3138 2821 3202 bono

519 3250 770 3316 malove
849 3241 1146 3334 exemplo
1215 3250 1373 3332 quid
1441 3248 1576 3313 fiat.
1705 3246 2171 3312 Scribendum:
2252 3268 2346 3310 ne
2424 3246 2607 3327 quis
2687 3251 2824 3309 aut

488 3358 969 3442 exemplum
1029 3359 1508 3439 exquireret
1563 3362 1701 3421 aut
1759 3361 1883 3420 cet.
1995 3354 2203 3418 Nemo
2261 3353 2627 3437 exemplum
2685 3354 2870 3417 eius·

516 3467 614 3531 rei
658 3475 812 3532 ante
857 3466 1052 3530 factae
1099 3465 1490 3548 exquirebat
1535 3464 1657 3545 (ut,
1720 3464 1774 3527 si
1821 3485 1950 3527 non
1996 3463 2413 3544 repperisset,
2460 3482 2599 3526 rem
2643 3460 2823 3526 nullo

517 3574 814 3659 exemplo
859 3572 1102 3638 factam
1150 3572 1659 3655 quereretur).¹)

650 3845 904 3914 Utroque
954 3845 1084 3899 loco
1131 3846 1406 3915 praecedit
1456 3860 1517 3896 ιιι.
1605 3843 1673 3897 In
1718 3843 1959 3898 vindob.
2007 3848 2197 3896 tamen
2243 3840 2432 3908 XLII,
2487 3844 2577 3908 51,
2632 3847 2664 3898 3
2713 3861 2830 3897 non

652 3932 1006 4001 praecedente
1054 3946 1098 3982 ιιι
1147 3931 1433 3985 scribitur:
1493 3935 1804 3983 armatos
1863 3929 1929 3982 in
1987 3944 2222 3996 campo
2282 3927 2553 3982 struxit.
2644 3928 2827 3983 Resti-

651 4016 925 4071 tuendum
962 4016 1325 4083 instructi,
1374 4016 1722 4070 instruxit.
1807 4014 1972 4068 Acies
2022 4013 2208 4081 aliquo
2246 4012 2416 4067 modo
2456 4017 2672 4079 strui,
2720 4014 2831 4069 hoc

656 4107 759 4165 est,
807 4101 1060 4156 ordinari
1096 4108 1154 4156 et
1191 4103 1457 4172 componi
1495 4101 1606 4156 dici
1643 4105 1833 4170 potest
1872 4097 2041 4166 (VIII,
2085 4101 2135 4164 8,
2182 4101 2231 4163 3,
2281 4097 2382 4164 ΙΧ,
2426 4100 2511 4165 31,
2555 4100 2605 4164 9,
2653 4097 2832 4165 XLII,

653 4190 702 4252 7,
738 4189 808 4254 4),
845 4187 1057 4241 milites
1094 4194 1315 4244 tantum
1353 4189 1629 4243 instrui.

575 4271 623 4340 ¹)
661 4271 921 4325 Proxima
976 4276 1336 4345 paragrapho
1385 4274 1498 4343 (11)
1543 4280 1830 4343 receptum
1885 4288 2063 4342 nuper
2116 4280 2202 4330 est
2248 4275 2508 4331 codicum
2554 4274 2842 4338 mendum,

660 4358 810 4427 quod
868 4375 1062 4413 omnes
1124 4360 1196 4415 ad
1238 4366 1495 4414 nostram
1554 4364 1785 4413 aetatem
1833 4364 1984 4414 recte
2029 4368 2385 4430 spreverant:
2441 4376 2649 4428 seque
2702 4363 2838 4411 tum

652 4443 829 4498 hand
875 4443 1081 4498 dubie
1128 4462 1305 4510 esse;
1361 4447 1557 4500 abesse
1608 4462 1956 4514 pronomen,
2012 4445 2071 4501 in
2117 4446 2401 4515 quo‘ipsa
2437 4445 2676 4498 vertitur
2713 4461 2839 4505 sen,
