3230 5282
1592 565 1719 627 450

499 751 1023 828 consideramus,
1091 749 1457 832 perversius
1526 767 1723 829 quam
1794 769 2023 831 quum,
2093 756 2167 815 ut
2232 750 2359 815 hoc
2415 757 2595 831 utar,
2661 752 2825 818 libr.

457 912 472 926 ,
506 859 778 938 XXXV,
838 863 895 936 2,
942 861 978 920 7
1034 856 1104 921 in
1162 856 1444 934 codice,.
1482 855 1663 939 quod
1710 877 1935 922 omnes
1983 857 2370 937 concedunt,
2416 860 2825 943 perantiquo

506 974 573 1032 et
620 968 724 1032 cui
770 965 1111 1049 permultis
1155 963 1322 1028 locis
1370 962 1621 1043 credas,
1668 964 1761 1028 sic
1794 965 2112 1048 scriptum
2146 964 2436 1047 legatur:
2487 966 2826 1049 placere

505 1072 1107 1140 tumultuarios
1165 1071 1475 1136 milites
1533 1077 1765 1137 extra
1821 1072 2150 1136 Italiam
2210 1074 2465 1138 scribi
2522 1095 2563 1138 a
2617 1097 2814 1157 prae-

506 1191 702 1248 tore.
791 1179 1011 1245 Mens
1059 1199 1150 1243 ea
1194 1184 1529 1244 senatus
1575 1177 1770 1257 fuit,
1826 1180 2035 1243 utin
2084 1180 2483 1264 Hispania
2528 1182 2819 1247 tumul·

507 1289 762 1354 tuarii
810 1287 1121 1352 milites
1168 1285 1690 1369 eligerentur,
1739 1287 1991 1369 optima
2036 1289 2338 1352 oratione
2385 1296 2451 1353 et
2487 1290 2831 1355 sententia.

507 1404 947 1463 extremorum
1011 1393 1365 1460 verborum
1427 1393 1770 1476 aptissima
1835 1393 1921 1457 ad
1988 1414 2068 1458 ea
2132 1395 2597 1479 praeparanda,
2667 1418 2827 1479 quar

507 1504 942 1570 subiiciuntur
1009 1501 1273 1567 Valerio
1341 1501 1608 1565 Antiate
1693 1507 1865 1565 teste
1933 1500 2015 1565 de
2081 1501 2399 1567 milit-ibus
2467 1504 2669 1569 etiam
2736 1526 2819 1570 ex

509 1613 656 1677 aliis
711 1610 1062 1695 provinciis
1120 1608 1425 1685 adscitis,
1493 1608 1562 1671 in
1632 1609 1867 1672 ceteris
1936 1614 2157 1674 autem
2216 1609 2551 1676 codicibus
2610 1610 2691 1693 (B
2749 1619 2832 1678 et,

506 1716 945 1800 vulgaribus),
1005 1738 1168 1799 quos
1229 1736 1518 1799 persaepe
1579 1715 1921 1780 verborum
1981 1717 2334 1782 omissione
2380 1739 2656 1801 peccare
2702 1741 2825 1785 ne·

511 1826 801 1891 cessario
839 1825 977 1907 ipse
1018 1823 1389 1903 confiteare,
1438 1824 1562 1887 sic:
1610 1823 1935 1907 placere
1981 1824 2468 1888 tumultuari
2507 1825 2828 1892 milites
2918 1878 2923 1884 .

511 1940 740 1998 extra
783 1931 1113 1997 Italiam
1170 1930 1682 2013 legerentur,
1751 1930 2048 1995 oratione
2108 1953 2312 2013 prava
2356 1930 2594 2014 (neque
2642 1934 2823 1998 enim

512 2041 592 2106 de
641 2040 929 2105 decretis
977 2038 1221 2103 dicitur
1264 2060 1542 2119 usquam
1589 2038 1914 2121 placere
1960 2038 2105 2103 hoc
2151 2039 2424 2119 fiat),¹)
2470 2039 2596 2104 hoc
2648 2040 2815 2118 „for-

509 2156 686 2213 tasse
731 2146 1013 2211 rectius“
1064 2152 1320 2229 putare,
1378 2166 1595 2227 quum,
1644 2145 1746 2208 cui
1792 2144 2036 2208 homini
2089 2153 2155 2209 et
2201 2168 2329 2227 quo
2377 2147 2654 2211 consilio
2701 2146 2829 2211 illa

512 2256 754 2321 addere
801 2257 862 2319 in
913 2260 1193 2317 mentem
1237 2253 1503 2329 venerit,
1552 2273 1744 2316 nemo
1792 2274 1872 2315 ne
1919 2253 2239 2334 suspicari
2288 2254 2552 2335 quidem
2589 2256 2827 2337 possit,

514 2384 633 2426 cur
701 2369 921 2426 autem
987 2361 1236 2423 omissa
1310 2360 1474 2435 sint,
1544 2379 1747 2423 causa
1806 2359 2340 2424 manifestissima
2399 2363 2517 2440 sit3
2585 2362 2827 2426 oculus

511 2471 682 2535 enim
742 2468 1089 2532 scribentis
1152 2467 1247 2530 sic
1294 2466 1626 2530 aberravit
1672 2487 1712 2529 a
1754 2466 2353 2531 tumultuarios
2401 2469 2485 2532 ad
2533 2467 2819 2533 tumul·-

512 2582 597 2640 tu
616 2575 785 2652 arii,
845 2581 921 2638 ut
964 2581 1182 2637 tamen
1229 2573 1346 2638 illa
1391 2580 1629 2636 extra
1674 2572 2004 2636 Italiam
2051 2576 2388 2656 arriperet.
2481 2575 2831 2639 Eiusdem-

515 2705 640 2766 que
685 2682 1134 2766 perversitatis
1181 2688 1298 2759 est,
1348 2703 1547 2764 quum
1594 2681 1885 2745 eiusdem
1934 2680 2084 2744 libri
2133 2703 2185 2745 c.
2233 2687 2325 2759 ll,
2384 2688 2450 2744 ll
2493 2684 2560 2746 in
2600 2683 2662 2745 M
2700 2684 2831 2747 sit:

516 2792 594 2855 in
675 2812 951 2872 agrum
1033 2790 1414 2854 latiorem
1483 2791 1748 2852 evecti
1817 2789 2081 2852 omnia
2146 2791 2613 2871 propinqua
2678 2791 2820 2854 viae

514 2904 746 2963 tecta
826 2897 1304 2977 incendunt3
1395 2897 1761 2980 proximo
1845 2896 2133 2960 deinde
2201 2898 2369 2961 vico
2451 2895 2829 2962 inferunt·

517 3007 809 3088 ignem;
901 3005 1117 3068 ferro
1208 3004 1708 3086 flammaque
1792 3005 2064 3095 omnia
2144 3010 2662 3087 pervastant,
2752 3006 2825 3069 in

519 3114 756 3177 ceteris
806 3119 1025 3175 autem
1072 3119 1367 3176 tantum:
1439 3113 1514 3175 in
1577 3111 1955 3175 latiorem
2017 3133 2287 3191 agrum
2345 3112 2608 3175 evecti
2665 3133 2822 3176 om·-

516 3222 651 3285 nia
716 3225 1236 3303 pervastant‚
1320 3220 1560 3282 omissa
1629 3238 1895 3300 prorsus
1962 3219 2251 3282 incendii
2324 3218 2819 3301 significatione,

520 3348 717 3410 quam
800 3326 1142 3410 postulant
1219 3327 1516 3408 proxima
1596 3324 1882 3403 (fumus
1952 3326 2209 3407 primo
2280 3325 2834 3408 conspectus),

520 3434 739 3517 potius
799 3431 1152 3496 dilucidam
1212 3438 1278 3495 et
1335 3431 1597 3495 uberem
1649 3438 1715 3494 et
1764 3432 2097 3496 Livianam
2144 3434 2240 3496 rei
2287 3434 2737 3498 narrationem
2780 3453 2824 3498 a

519 3541 739 3604 nescio
797 3562 927 3622 quo
983 3538 1259 3603 inauditi
1314 3540 1568 3621 generis
1626 3538 2098 3621 interpolatore
2144 3540 2284 3603 sine
2328 3540 2564 3604 umbra
2610 3561 2829 3606 causae

518 3647 976 3729 interpositam
1022 3652 1256 3727 putare
1301 3666 1494 3725 quam
1532 3643 1933 3725 intellegere,
1979 3646 2154 3726 quod
2187 3648 2318 3711 iam
2355 3646 2468 3711 alii
2503 3647 2826 3729 dixerant,-

519 3753 804 3830 librarii,
876 3777 915 3816 a
981 3754 1163 3816 cuius
1233 3772 1435 3833 opera
1501 3750 1553 3813 B
1622 3760 1689 3814 et
1754 3752 2056 3833 vulgares
2125 3754 2385 3819 codices
2454 3757 2584 3819 orti
2651 3762 2834 3835 sunt,

525 3860 782 3925 oculum
843 3882 881 3923 a
938 3860 1153 3943 priore
1225 3860 1484 3923 omnia
1551 3859 1637 3922 ad
1698 3859 1975 3923 alterum
2035 3862 2460 3926 transiluisse.
2570 3862 2656 3928 Et
2710 3863 2825 3927 ad-

521 3974 794 4033 vocatur
865 3968 1064 4030 etiam
1134 3966 1324 4031 testis
1380 3966 1767 4044 FrontinuS,
1837 3968 2030 4050 quasi
2085 3989 2216 4032 non
2273 3969 2361 4046 is,
2433 3991 2630 4051 quum
2686 3990 2827 4061 rem

525 4095 642 4139 suo
714 4074 910 4139 modo
981 4073 1266 4137 breviter
1334 4080 1400 4139 et
1466 4074 1639 4138 nude
1707 4081 2039 4154 narraret,
2107 4076 2263 4139 item
2321 4076 2609 4159 reliqua,
2679 4097 2837 4161 quae

751 4245 882 4253 w.

582 4324 630 4393 ¹)
671 4323 893 4393 [XXVL
934 4327 1013 4392 10,
1050 4329 1082 4378 2
1118 4332 1271 4381 recte
1306 4326 1438 4381 olim
1477 4325 1770 4381 edebatur:
1809 4326 2097 4393 Placuit,
2135 4329 2837 4397 consules—ponere

664 4414 915 4476 castra3
954 4411 1203 4479 sequitur
1237 4439 1304 4449 -
1340 4427 1643 4479 praeesse
1677 4438 1745 4449 —
1781 4409 2173 4480 contineri]
