3230 5282
1413 629 1532 690 201
2312 643 2435 697 Lib.
2474 643 2618 697 Vm.
2702 632 2705 637 ⁴

332 834 519 895 pars
577 814 797 895 parti
851 814 1185 879 abscisa
1237 822 1434 880 erat.
1527 814 1657 879 Sed
1704 837 2101 899 quamquam
2148 816 2492 899 diligenter
2536 816 2619 880 ad

329 941 503 1000 eam,
571 942 764 1003 qnam
821 923 1000 988 soleo
1047 924 1411 1007 appellare,
1479 923 1972 1006 significationis
2018 925 2507 990 conversionem
2552 925 2619 989 in

329 1030 539 1094 verbis
607 1031 856 1096 attendi
919 1031 1093 1112 (cin,
1160 1053 1306 1114 quae
1360 1031 1495 1095 dixi
1549 1031 1636 1096 ad
1691 1032 1775 1111 V,
1831 1037 1944 1110 46,
2004 1031 2100 1113 9),
2168 1032 2332 1096 nihil
2397 1040 2615 1098 tamen

327 1137 477 1202 huic
524 1140 733 1205 simile
780 1141 1058 1224 repperi,
1116 1141 1295 1225 quod
1341 1142 1785 1220 mumimenta‚
1832 1140 2071 1224 quibus
2118 1141 2368 1223 aliquid
2414 1142 2613 1206 inter-

326 1249 623 1330 saepitur,
704 1250 847 1331 ipsa
923 1249 1314 1332 intersaepiri
1395 1248 1732 1327 dicuntur,
1811 1249 2195 1331 Liviumque
2273 1250 2616 1333 scripsisse

326 1355 589 1438 opinor:
670 1357 1099 1438 lutei-septi
1176 1358 1724 1435 munimentis,
1801 1355 1869 1420 id
1935 1363 2156 1421 autem
2222 1378 2263 1421 a
2326 1357 2615 1423 librariis

323 1470 648 1528 mutatum
696 1486 868 1544 esse,
932 1466 1197 1531 minime
1257 1486 1410 1529 rara
1462 1464 1586 1529 hac
1643 1467 1849 1530 totius
1908 1472 1974 1530 et
2018 1467 2303 1550 partium
2349 1466 2613 1549 copula-

325 1574 501 1637 tione
547 1573 1054 1658 (Intersaepti
1097 1609 1185 1618 —-
1228 1596 1412 1658 pars
1456 1573 1704 1657 parti)
1751 1573 2031 1639 offensis.
2121 1574 2365 1657 (1875.)

496 1680 770 1764 Cap.28,
798 1688 866 1745 2:
902 1682 1364 1766 L.Papirius
1398 1683 1464 1747 is
1497 1681 1684 1763 fuit3
1733 1685 1862 1747 cui
1899 1705 2128 1766 quum
2164 1705 2243 1747 se
2268 1682 2613 1747 C.Publi-

324 1789 480 1854 lius
516 1826 601 1834 —-
637 1812 915 1855 nexum
951 1790 1354 1871 dedisset,
1403 1812 1573 1875 quae
1619 1798 1810 1856 aetas
1856 1791 2274 1875 formaque
2308 1793 2612 1857 miseri-

324 1899 679 1963 cordiam
716 1899 1018 1964 elicere
1056 1905 1393 1999 poter9at
1428 1899 1581 1982 (scr.
1610 1921 1759 1964 cum
1793 1900 1945 1964 Lov.
1973 1906 2012 1963 4
2046 1900 2479 1984 poterant),
2516 1902 2611 1966 ad

323 2006 748 2072 libidinem
832 2014 911 2072 et
979 2008 1552 2072 contumeliam
1633 2007 1976 2073 animum
2033 2008 2611 2089 accenderunt‘3

324 2113 461 2196 [ut]
510 2116 798 2180 florem
833 2117 1107 2180 aetatis
1144 2116 1317 2180 eius
1341 2116 1695 2181 fructum
1730 2116 2285 2182 adventicium
2319 2118 2607 2182 crediti

323 2232 547 2288 ratus
615 2226 870 2307 primo
938 2223 1334 2307 pellicere
1407 2224 2014 2290 adolescentem
2070 2247 2433 2290 sermone
2491 2227 2609 2290 in-

322 2339 544 2397 cesto
602 2340 725 2397 est
781 2340 1120 2397 conatus
1166 2339 1287 2397 cet.
1378 2332 1615 2397 Notavi
1661 2355 1902 2413 vocem,
1962 2354 2107 2415 quae
2151 2333 2443 2398 tollenda
2486 2341 2606 2413 est,

322 2449 469 2506 orta
519 2463 594 2505 ex
641 2440 886 2505 ultimis
933 2439 1172 2505 litteris
1218 2440 1400 2505 verbi
1444 2442 2003 2507 accenderunt
2036 2442 2609 2526 (quemadmodum

323 2549 428 2628 lv,
462 2556 520 2629 2,
567 2550 654 2631 4).
749 2548 849 2614 Ut
896 2556 1130 2613 ratus
1177 2570 1295 2632 pro
1332 2556 1559 2614 ratus
1597 2550 1708 2631 (ut
1742 2551 1870 2632 qui
1908 2550 2265 2634 putaret)
2305 2552 2607 2616 Latinum

321 2680 447 2723 non
524 2667 655 2738 est;
739 2660 1113 2742 superiores
1193 2659 1479 2724 editores
1547 2660 1727 2741 (ante
1794 2660 2300 2742 Alschefskium)
2369 2661 2607 2726 substi-

324 2776 583 2833 tuerant
638 2775 746 2846 et3
813 2768 928 2832 sed
986 2768 1191 2832 multo
1247 2769 1494 2832 rectius
1552 2770 1691 2833 sine
1750 2768 2074 2851 particula
2127 2771 2419 2835 narratio
2478 2771 2606 2834 sin-

319 2877 608 2957 gulorum
664 2877 983 2942 universae
1037 2877 1132 2941 rei
1179 2876 1639 2959 significationi
1685 2877 1808 2960 (ad
1853 2878 2085 2942 libid.
2131 2914 2216 2922 —
2260 2880 2605 2943 animum

323 2985 896 3065 accenderunt)
942 2984 1338 3067 adiungitur.

492 3091 642 3177 Cap.
691 3098 803 3170 29,
869 3097 977 3155 13:
1047 3092 1464 3157 Postremo
1525 3094 1629 3174 (D.
1678 3094 1903 3159 Iunius
1959 3094 2201 3157 Brutus
2258 3093 2488 3157 consul
2545 3117 2602 3159 a.

323 3207 448 3264 325
492 3225 546 3264 a.
593 3201 744 3266 Chr.
790 3201 1033 3266 bellum
1079 3200 1147 3264 in
1191 3201 1481 3266 Vestinis
1526 3202 1786 3285 gerens)
1833 3202 2134 3285 oppida
2178 3204 2488 3284 q‘uoque
2533 3204 2605 3266 vi

324 3331 780 3392 expugnare
840 3308 1191 3388 adortuS,
1238 3310 1490 3392 primo
1539 3309 1914 3375 Cutinam
1960 3311 2273 3392 ingenti
2318 3310 2603 3374 ardore

324 3416 662 3481 militum
719 3423 860 3481 aut
913 3415 1327 3482 vulnerum
1386 3419 1526 3498 ira,
1593 3418 1800 3503 quod
1870 3419 2083 3482 haud
2151 3418 2317 3482 fere
2385 3420 2603 3500 quis-

323 3547 548 3606 quam
603 3529 922 3608 integer
975 3526 1290 3609 proelio
1355 3525 1576 3609 (paulo
1636 3533 1787 3590 ante
1844 3525 2046 3606 sacto)
2105 3534 2603 3607 excesserat,

325 3632 569 3697 scalis
624 3635 858 3717 cepit.
959 3634 1129 3698 Mira
1187 3639 1290 3698 est
1346 3632 1485 3697 haec
1543 3635 1928 3717 compositio
1975 3657 2052 3700 ac
2098 3635 2414 3699 diiunctio
2461 3639 2602 3716 (ar-

328 3739 507 3803 dore
553 3742 894 3806 militum
941 3748 1078 3806 aut
1121 3741 1536 3806 vulnerum
1579 3742 1747 3822 ira),
1804 3744 1990 3825 quasi
2037 3744 2324 3808 dubitari
2373 3747 2600 3827 possit,

331 3855 533 3911 utrum
576 3851 791 3928 fuerit,
860 3857 928 3914 et
994 3851 1185 3932 quasi
1249 3850 1669 3915 vulnerum
1735 3852 1856 3926 ira
1922 3872 1963 3914 a
2028 3852 2433 3917 militibus
2502 3876 2600 3917 se-

329 3954 540 4021 iuncta
574 3959 690 4038 sit;
728 3959 980 4036 mirum,
1013 3959 1325 4041 ingenti
1361 3960 1772 4023 vulnerum
1808 3960 1931 4023 ira
1964 3961 2111 4042 capi
2146 3959 2389 4025 urbem.
2448 3961 2600 4026 Per-

331 4063 611 4144 spicuum
653 4073 781 4144 est,
851 4066 1081 4132 urbem
1138 4067 1331 4132 scalis
1389 4074 1648 4151 captam
1708 4067 1834 4132 dici
1880 4069 2125 4151 ingenti
2172 4070 2448 4134 militum
2495 4094 2597 4136 ar-

334 4169 512 4246 dore,
576 4196 718 4238 eum
764 4182 982 4240 autem
1027 4176 1329 4241 ardorem
1375 4198 1453 4240 ex
1495 4176 1833 4241 vulnerum
1880 4177 1978 4241 ira
2021 4185 2253 4242 ortum.
2365 4179 2597 4262 Itaque

336 4279 671 4362 scripserat
717 4284 964 4348 Livius:
1024 4285 1335 4366 ingenti
1379 4285 1670 4351 ardore
1715 4284 2061 4350 militum
2109 4306 2144 4347 a
2189 4288 2593 4353 vulnerum

335 4385 470 4464 ira,
522 4410 631 4454 suo
677 4391 786 4456 illo
832 4393 1314 4475 praepositionis
1360 4394 1453 4458 ab
1500 4416 1642 4471 usu,
1693 4415 1821 4477 quo
1869 4393 1947 4458 de
1993 4416 2191 4460 causa
2235 4404 2301 4462 et
2346 4398 2594 4478 origine

336 4495 598 4576 ponitur.
668 4498 1006 4568 simillime
1052 4501 1216 4568 dixit
1254 4502 1481 4582 XXIV,
1528 4509 1628 4585 30,
1684 4506 1747 4569 l:
1797 4502 2590 4575 Marcellus—tanto
