3230 5282
1427 570 1546 631 127
2383 584 2509 641 Lib.
2543 587 2640 642 IV.

329 754 652 820 sententia
728 760 862 833 est,
942 754 1361 838 aptissimum
1436 753 1601 819 illud
1676 754 1882 821 fuisse
1957 762 2220 841 tempus
2298 757 2642 825 divisionis

325 863 462 945 agri
517 862 701 946 plebi
758 861 1147 928 obiiciendae
1203 860 1424 945 (quasi
1479 883 1561 928 ea
1614 884 1723 928 res
1777 884 1899 948 per
1943 885 2014 931 se
2060 866 2430 949 expetenda
2475 872 2640 932 tem-

322 992 576 1054 pusque
621 971 765 1035 eius
811 970 1239 1053 quaerendum
1280 970 1545 1053 fuerit),
1602 971 1720 1036 sed
1776 972 2189 1056 aptissimam
2246 995 2392 1039 eam
2434 974 2639 1040 fuisse

320 1084 539 1145 motus
586 1078 798 1143 civilis
842 1077 1118 1144 sedandi
1159 1078 1334 1143 viam
1379 1084 1448 1144 et
1491 1080 1777 1163 tempori
1823 1082 2334 1147 convenientem.
2400 1082 2638 1166 Itaque

319 1186 580 1251 videtur
645 1186 810 1251 mihi
866 1185 1091 1251 Livius
1163 1185 1423 1252 duabus
1492 1185 1738 1253 litteris
1805 1188 1954 1272 plus
2025 1190 2402 1273 scripsisse:
2482 1190 2638 1274 Ap-

318 1295 725 1360 tissimum
789 1295 883 1356 ad
937 1300 1263 1379 tempus
1319 1291 1594 1360 fuerat
1651 1297 1749 1374 (es
1804 1302 1977 1361 ware
2036 1295 2190 1361 sehr
2244 1299 2636 1380 zeitgemass

317 1401 658 1485 gewesen).
733 1396 1032 1487 [Aptus
1075 1402 1155 1468 in
1201 1408 1514 1487 tempus
1559 1404 1665 1468 vix
1709 1409 1888 1469 recte
1933 1404 2194 1485 dicitur,
2240 1406 2367 1470 etsi
2413 1405 2637 1471 Livius

319 1510 681 1589 XXXVIII,
742 1515 845 1590 21,
892 1514 930 1574 7
979 1510 1144 1576 dixit
1186 1516 1463 1594 aptum
1506 1511 1588 1575 in
1634 1510 1972 1595 aliquod
2015 1533 2264 1596 genus
2307 1511 2635 1597 pugnae]

484 1617 648 1703 Cap.
710 1622 821 1698 56,
893 1617 1052 1698 13¹)
1110 1616 1253 1699 (ubi
1313 1620 1535 1702 agitur
1590 1619 1674 1684 de
1727 1620 2012 1685 tribunis
2071 1642 2263 1685 suum
2319 1621 2635 1686 auxilium

317 1727 713 1811 negantibus
792 1726 879 1791 ad
957 1726 1357 1793 coercendos
1432 1726 1740 1793 tribunos
1817 1728 2102 1794 militum
2170 1730 2429 1794 senatui
2493 1750 2627 1794 non
2663 1746 2813 1816 (107)

319 1834 758 1916 obedientes):
835 1833 1179 1900 Interim
1255 1835 1629 1918 patricii,
1710 1835 1966 1900 soluti
2041 1835 2305 1919 legum
2383 1837 2631 1919 magi-

318 1950 890 2027 stratuumque
957 1942 1490 2022 verecundia,
1558 1963 1704 2027 per
1761 1963 1842 2008 se
1898 1963 2221 2027 quoque
2276 1943 2631 2009 tribuni-

319 2053 518 2116 ciam
562 2056 1074 2136 potestatem
1118 2056 1477 2133 agerent.
1580 2050 1792 2117 Valde
1838 2058 2219 2136 suspectum
2266 2056 2367 2117 est
2412 2057 2631 2135 pote·
2710 2103 2714 2106 ⁴

314 2166 611 2225 statem
655 2157 844 2223 trib.
894 2177 1139 2239 agere
1183 2179 1304 2241 pro
1351 2178 1447 2238 eo,
1495 2158 1673 2242 quod
1718 2164 1823 2224 est
1868 2179 2276 2239 exercere,
2321 2165 2634 2243 suspecta

316 2267 516 2331 etiam
562 2269 711 2351 ipsa
757 2264 898 2331 haec
945 2286 1183 2349 parum
1227 2272 1387 2351 apta
1432 2286 1578 2331 cum
1624 2266 1926 2332 irrisione
1964 2266 2356 2347 exhortatiO,
2390 2272 2467 2331 ut
2500 2264 2631 2349 ipsi

311 2375 578 2459 patricii
652 2374 1077 2439 tribuniciam
1142 2379 1545 2457 potestatem
1611 2380 1963 2440 exerceant
2030 2373 2239 2460 (quod
2305 2376 2630 2459 interpre-

314 2488 574 2562 tantur,
641 2487 719 2547 ut
783 2482 914 2566 ipsi
982 2482 1110 2547 sibi
1177 2481 1423 2547 auxilio
1460 2484 1626 2548 >sint
1693 2488 1763 2548 et
1814 2503 1947 2547 non
2009 2480 2390 2548 obedientes
2448 2503 2628 2549 coer·

312 2590 565 2672 ceant);
633 2610 787 2656 nam
851 2610 1066 2675 neque
1134 2590 1443 2656 coercitio
1511 2590 1611 2656 ita
1667 2597 1813 2657 erat
1867 2589 2140 2675 propria
2194 2590 2630 2671 tribunorum,

311 2708 388 2764 ut
451 2700 721 2784 patricii
778 2720 935 2764 suos
993 2704 1372 2765 coercentes
1429 2699 1845 2765 tribunorum
1904 2700 2192 2784 speciem
2235 2700 2630 2783 acciperent,

311 2814 398 2885 et,
445 2807 625 2891 quod
671 2806 1085 2872 manifestius
1131 2813 1252 2887 est,
1299 2827 1446 2891 quse
1491 2806 1939 2891 adiunguntur
1984 2807 2266 2890 (soluti
2298 2842 2386 2853 —
2418 2828 2630 2873 vere-

314 2915 664 2996 cundia),
720 2914 912 2998 longe
957 2914 1088 2980 alio
1134 2920 1458 2998 spectant,
1514 2931 1647 2980 non
1693 2914 1779 2980 ad
1822 2914 2206 2981 tribunatus
2252 2915 2629 2981 similitudi-

311 3045 462 3089 nem
528 3044 652 3088 nec
717 3022 807 3087 ad
871 3022 1365 3102 coercitionem,
1444 3022 1560 3087 sed
1643 3023 1728 3087 ad
1803 3022 2138 3088 libertatis
2213 3022 2630 3106 licentiaeque

311 3132 623 3197 fructum.
714 3130 1056 3196 Postremo
1101 3128 1322 3195 mendi
1365 3128 1680 3195 indicium
1724 3130 2010 3195 absolvit
2054 3151 2377 3215 quoque
2421 3132 2630 3214 parti-

313 3241 466 3305 cula
534 3261 670 3305 non
723 3244 903 3303 recte
960 3239 1213 3323 posita3
1282 3237 1576 3304 debebat
1632 3237 1805 3304 enim
1864 3239 2025 3304 dici:
2094 3238 2631 3303 tribuniciam

313 3368 636 3431 quoque
705 3350 1203 3430 potestatem
1267 3366 1415 3430 per
1479 3366 1562 3410 se
1630 3346 2062 3430 agerent.²)
2183 3345 2342 3411 Haec
2409 3344 2629 3409 omnia

311 3454 734 3522 incommoda
800 3451 1037 3519 tollent
1102 3459 1170 3519 et
1236 3454 1648 3538 aptissimam
1707 3455 2105 3520 sententiam
2151 3460 2219 3519 et
2264 3454 2630 3518 orationem

312 3563 606 3629 efficient
672 3561 822 3627 duae
873 3560 1148 3642 litterae,
1214 3582 1362 3646 quae
1419 3563 1622 3627 semel
1679 3563 1946 3647 scriptae
2005 3568 2186 3641 sunt,
2252 3562 2629 3645 geminataet

369 3809 418 3875 ¹)
458 3806 492 3877 5
533 3813 594 3863 11
649 3809 884 3876 omitto,
929 3808 1196 3876 quoniam
1242 3805 1620 3861 Gronovianae
1668 3807 2079 3862 emendationis
2125 3807 2319 3875 (nihil
2363 3823 2522 3861 esse
2563 3807 2634 3860 in

451 3911 522 3946 se
558 3895 649 3949 iis
687 3894 938 3948 auxilii
972 3921 1070 3962 —,
1117 3893 1388 3962 quibus)
1424 3893 1819 3948 necessitatem
1853 3893 2344 3948 Weissenbornius
2381 3893 2461 3959 (in
2499 3892 2632 3946 edit.

452 3979 944 4046 Weidmanniana)
980 3978 1262 4034 intellexit
1296 3983 1354 4032 et
1390 3983 1615 4033 secutus
1653 3983 1752 4032 est.

367 4067 419 4134 ¹)
453 4064 560 4133 VI,
607 4068 701 4133 20,
746 4067 782 4118 ’7
822 4082 995 4134 prave
1039 4066 1273 4131 citatur;
1326 4081 1460 4118 nam
1501 4063 1582 4117 ibi
1632 4079 1904 4132 quoque
1949 4064 2183 4132 ponitur
2225 4070 2359 4135 post
2391 4064 2634 4134 primam

452 4168 654 4205 vocem
691 4168 857 4206 novae
892 4151 1144 4206 notionis
1182 4151 1439 4205 decora
1471 4148 1676 4215 belli,
1729 4155 1797 4202 ut
1833 4149 1912 4217 11,
1956 4152 2053 4217 45,
2106 4154 2152 4219 1,
2194 4150 2371 4218 XXII,
2422 4154 2503 4218 14,
2553 4151 2633 4217 15,

454 4236 661 4305 ml,
688 4240 775 4303 41,
803 4240 862 4304 4,
891 4236 1145 4305 XXVIII,
1172 4239 1257 4303 24,
1283 4237 1319 4289 8
1336 4240 1395 4289 et
1413 4238 1497 4303 35,
1526 4237 1576 4301 5,
1598 4235 1666 4289 al.
1722 4234 2144 4305 Relinquantur
2177 4237 2295 4291 tria
2322 4236 2444 4290 cod.
2478 4235 2632 4289 arch.

456 4325 690 4379 menda:
725 4323 797 4391 X,
838 4326 917 4390 14,
952 4326 988 4377 9
1023 4322 1310 4392 (quoque
1346 4327 1592 4391 aperta
1626 4322 1885 4390 pugna),
1929 4326 2083 4376 recte
2119 4321 2270 4391 apud
2288 4321 2634 4375 Frobenium

453 4412 632 4466 tacite
668 4413 1004 4476 correctum,
1048 4406 1224 4475 XXII,
1269 4408 1355 4474 2¹7,
1406 4410 1485 4473 11,
1523 4407 1660 4460 item
1696 4409 1868 4462 tacite
1906 4410 1975 4461 ab
2013 4409 2135 4477 ipso
2175 4405 2635 4462 Weissenbornio

458 4496 841 4563 emendatum,
876 4494 1081 4558 XXIII,
1115 4496 1204 4562 43,
1238 4494 1291 4561 4,
1328 4509 1364 4546 a
1399 4492 1685 4562 SiesbyeO.
