3230 5282
1468 624 1549 686 83
1677 720 1680 723 Ι
1891 624 1912 649 ’
2395 636 2518 692 Lib.
2555 637 2652 691 III.

352 808 577 874 Livius
620 808 729 875 hic
774 808 860 874 ad
905 808 1178 874 eandem
1219 807 1497 875 formam
1543 811 1884 894 scripserit
1927 816 2124 894 atque
2169 811 2287 892 VI,
2351 815 2446 891 16,
2506 812 2545 873 2
2591 816 2656 876 et

354 916 730 999 XXXVHI,
789 923 899 998 51,
954 923 994 983 8
1041 918 1165 1000 (ad
1218 918 1481 984 Iovem
1541 917 1614 984 O.
1662 919 1747 983 Μ.
1794 918 2340 1003 Iunonemque
2398 925 2477 985 et
2521 920 2654 984 Mi-

355 1047 681 1092 nervam
759 1034 1246 1111 ceterosque
1314 1025 1564 1111 deos),
1644 1049 1841 1113 quam
1907 1033 2255 1093 tenuerunt
2321 1029 2520 1093 etiam
2589 1034 2656 1093 et

354 1131 588 1200 Cicero
633 1157 755 1219 pro
802 1136 997 1202 domo
1045 1156 1097 1201 c.
1147 1139 1248 1216 57,
1307 1141 1427 1200 144
1474 1142 1540 1201 et
1583 1137 1884 1201 Valerius
1928 1136 2098 1202 Max.
2135 1136 2207 1216 V,
2257 1142 2333 1201 10
2379 1136 2652 1202 domest.

356 1246 431 1323 2,
500 1249 781 1329 uterque
851 1244 935 1310 ob
1003 1244 1201 1309 aliam
1270 1266 1536 1310 causam
1606 1267 1647 1336 a
1713 1245 2250 1311 Drakenborchio
2318 1243 2652 1326 citatuS.¹)

354 1350 477 1431 IV,
544 1356 625 1416 42
672 1353 813 1419 init.
917 1351 1082 1418 Sex.
1129 1351 1678 1438 Tempanium,
1745 1354 1819 1418 A.
1869 1352 2232 1434 Sellium,
2280 1353 2445 1420 Sex.
2492 1354 2643 1418 An·
2681 1359 2786 1430 (68)

354 1461 680 1525 tistium
737 1466 816 1527 et
862 1458 981 1544 Sp.
1028 1461 1368 1526 Icilium.
1468 1462 1613 1527 Duo
1662 1468 1996 1546 postrema
2037 1463 2304 1528 nomina
2347 1463 2415 1526 in
2460 1462 2652 1528 bonis

353 1568 699 1634 codicibus
758 1570 852 1634 sic
909 1570 1315 1635 scribuntur:
1385 1576 1461 1634 et
1505 1569 1957 1636 Antistium
2014 1576 2091 1636 et
2137 1569 2650 1655 Spurillium3

353 1683 638 1761 apparet
708 1683 788 1743 et
844 1685 1061 1743 ortum
1119 1699 1289 1758 esse,
1356 1699 1557 1761 quum
1626 1686 1705 1744 et
1758 1679 2195 1744 Antistium
2253 1678 2651 1744 scriberetur

355 1792 425 1849 et
495 1782 946 1869 Spurillius
1013 1807 1133 1870 pro
1201 1807 1330 1851 uno
1386 1788 1643 1852 nomine
1709 1788 2134 1871 acciperetur.
2244 1786 2329 1865 V,
2401 1790 2507 1864 13,
2577 1791 2648 1851 6:

352 1893 821 1978 Apollinem
866 1893 1413 1977 Latonamque
1462 1902 1540 1960 et
1585 1896 1940 1975 Dianam,
1975 1877 2421 1973 Herculem,
2457 1894 2648 1959 Mer-

352 2002 666 2066 curium
723 2008 968 2086 atque
1012 2001 1480 2085 Neptunum.
1595 2002 1807 2080 Quum
1865 2004 2053 2087 paria
2107 2003 2378 2068 deorum
2433 2002 2647 2068 tribus

350 2110 546 2175 lectis
613 2110 1074 2176 accubantium
1129 2111 1450 2175 nominari
1505 2110 1817 2191 debeant,
1882 2110 2295 2195 Kreyssigius
2353 2112 2645 2195 scripsit:

352 2217 818 2303 Apollinem
853 2218 1427 2303 Latonamque,
1462 2219 1800 2284 Dianam
1848 2225 1924 2284 et
1969 2218 2418 2299 Herculem,
2455 2219 2646 2285 Mer-

352 2327 667 2391 curium
713 2333 952 2409 atque
988 2326 1460 2410 Neptunum,
1506 2328 1907 2410 transposito
1955 2334 2048 2405 et,
2096 2348 2240 2412 quae
2276 2328 2649 2392 coniectura

352 2435 550 2518 plane
609 2433 1031 2500 confirmatur
1072 2435 1369 2519 Dionysii
1413 2434 1623 2500 Halic.
1673 2436 2156 2518 comparatione
2202 2434 2354 2515 XII,
2413 2440 2470 2499 9.
2571 2436 2646 2515 V,

351 2546 468 2622 25,
536 2546 574 2605 2
621 2563 743 2626 pro
791 2563 897 2622 e0,
968 2542 1145 2627 quod
1190 2548 1389 2608 antea
1435 2543 1785 2608 edebatur:
1849 2543 2055 2627 peti,
2119 2543 2357 2608 feriri
2401 2550 2646 2627 atque

355 2651 658 2731 occidi,
738 2651 997 2717 codices
1074 2658 1140 2716 et
1204 2651 1359 2717 boni
1427 2659 1495 2718 et
1560 2652 1958 2718 deteriorum
2023 2652 2316 2737 plerique
2381 2652 2644 2732 habent,

353 2760 533 2842 quod
580 2782 753 2824 nunc
798 2761 1173 2825 restitutum
1220 2767 1350 2825 est:
1418 2761 1584 2844 peti
1632 2759 2030 2845 feririque
2077 2767 2320 2844 atque
2366 2761 2643 2825 occidi.

348 2867 491 2947 VII,
548 2872 650 2947 21,
715 2872 785 2932 6:
844 2865 911 2931 C.
957 2868 1353 2947 Duillius,
1412 2867 1482 2932 P.
1530 2869 1824 2934 Decius
1870 2869 2057 2948 MuS,
2111 2870 2196 2934 M.
2243 2868 2643 2952 PapiriuS,

351 2974 424 3052 Q.
473 2974 893 3041 Publilius
939 2982 1016 3041 et
1057 2974 1131 3039 T.
1178 2976 1586 3056 AEmilius;
1655 2998 1733 3041 ex
1788 2985 1841 3056 t,
1911 2983 1985 3042 ut
2029 2977 2216 3058 alibi,
2275 2983 2490 3042 ortum
2536 2984 2642 3057 et;

346 3105 501 3148 nam
569 3083 1082 3149 Weissenbornii
1159 3083 1469 3163 artificio,
1550 3084 1845 3168 plebeios
1913 3107 1952 3149 a
2018 3086 2310 3169 patriciis
2388 3083 2644 3150 duobus

348 3191 792 3256 enumerando
861 3198 1204 3277 separatos
1271 3193 1599 3276 putantiS,
1677 3212 1806 3257 non
1873 3199 2041 3258 utor.
2162 3193 2315 3272 VH,
2386 3196 2494 3272 30,
2561 3196 2641 3255 23

347 3298 753 3378 (salutem,
812 3302 1268 3380 victoriam,
1323 3299 1580 3364 lucem
1627 3321 1716 3365 ac
1760 3299 2260 3382 libertatem)
2307 3301 2438 3367 duo
2488 3308 2642 3365 sunt

346 3405 650 3471 binarum
708 3428 938 3473 vocum
995 3409 1281 3488 ordines,
1350 3408 1429 3472 de
1486 3429 1614 3492 quo
1660 3430 1894 3492 genere
1940 3408 2097 3473 alibi
2144 3409 2296 3473 dixi.
2406 3408 2642 3490 XXIII,

347 3517 451 3593 23,
500 3518 568 3578 3;
639 3514 825 3591 Quae
870 3516 1401 3582 immoderata
1444 3516 1643 3597 fors,
1701 3523 2009 3601 tempus
2055 3538 2142 3581 ac
2184 3518 2640 3582 necessitas

342 3624 674 3703 fecerit,
733 3624 835 3688 iis
892 3644 972 3687 se
1030 3623 1340 3689 modum
1395 3625 1988 3708 impositurum.
2078 3624 2389 3709 Apparet,
2456 3625 2638 3692 nullo

342 3729 544 3794 modo
590 3730 826 3796 eodem
870 3731 1048 3812 loco,
1110 3754 1241 3815 quo
1298 3739 1557 3816 tempus
1614 3754 1693 3797 ac
1747 3734 2103 3798 necessitas
2158 3732 2530 3799 habeantur
2573 3734 2640 3798 in

340 3840 768 3904 excusatione
814 3861 946 3905 non
990 3846 1261 3904 servatae
1295 3840 1597 3923 legitimae
1635 3841 2137 3921 consuetudinis,
2182 3840 2411 3906 haberi
2445 3863 2638 3925 posse

339 3947 681 4011 fortunam
740 3954 809 4011 et
862 3967 1084 4012 casum
1139 3969 1259 4013 nec
1314 3969 1461 4012 cum
1505 3948 1635 4014 illis
1683 3948 1854 4033 (quae
1899 3947 2126 4014 eodem
2169 3948 2362 4015 modo
2409 3949 2637 4030 XXIV,

398 4157 446 4222 ¹)
484 4154 587 4222 IV,
638 4158 697 4222 3,
743 4157 777 4206 7
822 4155 1024 4209 iniuria
1067 4156 1126 4210 in
1167 4155 1274 4211 hac
1309 4173 1369 4209 re
1405 4157 1635 4222 citatur,
1689 4175 1867 4225 neque
1904 4159 2050 4211 enim
2087 4158 2162 4212 ibi
2201 4176 2315 4212 una
2351 4160 2494 4214 serie
2528 4160 2637 4213 tria

482 4245 801 4309 ponuntur;
854 4239 955 4294 sed
1008 4241 1250 4310 primum
1305 4241 1377 4295 ad
1428 4241 1842 4311 praecedentem
1896 4243 2283 4300 condicionem
2325 4244 2449 4299 haec
2493 4244 2631 4299 refe-

482 4330 688 4380 runtur
734 4326 982 4395 graviter
1028 4327 1333 4395 geminata:
1399 4330 1584 4381 stare
1629 4327 1790 4381 urbs
1836 4327 1974 4383 haec
2019 4347 2151 4384 non
2195 4330 2500 4400 poterit?
2557 4331 2634 4384 de

480 4412 565 4486 im
577 4412 778 4480 perio
817 4416 1034 4467 actum
1072 4413 1216 4466 est?
1255 4411 1456 4466 deinde
1490 4413 1761 4466 transitur
1797 4414 1867 4467 ad
1902 4431 2102 4470 novam
2141 4416 2632 4486 interrogationem

481 4496 553 4549 de
588 4496 1011 4566 comparatione
1045 4497 1253 4567 plebeii
1292 4497 1538 4551 consulis
1574 4502 1635 4551 et
1667 4497 1913 4553 libertini
1952 4507 2048 4554 aut
2083 4502 2240 4555 servi.

2112 4602 2176 4656 6*
