3230 5282
1413 640 1531 701 139
2398 651 2522 706 Lib.
2562 652 2626 706 V.

325 823 628 907 impetum
684 822 964 904 factum,
1022 824 1286 907 palatos
1332 845 1536 891 caesos
1582 832 2081 906 commemorat,
2139 846 2465 909 nusquam
2508 845 2626 908 pa-

327 930 483 997 latos
550 932 870 1017 impetum
934 932 1170 998 fecisse
1228 938 1346 998 aut
1400 933 1646 998 caedem
1702 934 2005 1000 edidisse.
2116 933 2238 999 His
2284 933 2624 1016 expositis,

331 1040 607 1107 redimus
689 1041 774 1106 ad
842 1040 1006 1105 illud
1072 1041 1336 1106 veluti
1401 1041 1637 1107 forte.
1760 1042 1895 1106 Aut
1959 1040 2157 1108 fallor
2224 1048 2339 1107 aut
2401 1040 2625 1106 Livius

329 1149 610 1233 scripsit:
660 1170 804 1215 nec
845 1150 971 1215 ita
1013 1148 1266 1214 multo
1313 1154 1499 1233 post
1539 1149 1695 1214 iam
1732 1150 2037 1231 palatis,
2085 1151 2290 1213 velut
2322 1149 2469 1212 tuti
2508 1149 2626 1211 fo-

327 1262 509 1337 rent,
586 1256 852 1323 oblati
908 1258 1447 1341 populatores
1493 1254 1938 1342 Cape⁸natis
1994 1259 2174 1341 agri
2217 1258 2625 1342 reliquias

331 1387 599 1449 pugnae
646 1365 1191 1450 absumpsere.
1294 1363 1495 1448 [Olim
1556 1366 1782 1430 velut
1827 1367 1904 1430 in
1951 1372 2130 1431 tuto
2178 1363 2622 1449 scripseram]

324 1471 643 1549 Quamdiu
712 1475 780 1539 in
845 1482 1036 1557 tergo
1104 1472 1446 1538 haerebant
1509 1481 1982 1557 persequentes
2038 1474 2350 1554 victoreS,
2417 1472 2625 1558 Cape-

325 1589 501 1647 nates
563 1588 631 1648 et
675 1581 918 1647 Falisci
977 1581 1254 1647 conferti
1299 1580 1481 1646 abire
1525 1582 1946 1664 studuerant3
2017 1583 2283 1663 deinde,
2349 1582 2480 1648 illis
2525 1603 2625 1646 re-

324 1692 574 1773 gressis,
633 1712 838 1775 quum
880 1691 950 1755 in
996 1712 1188 1755 suum
1234 1708 1463 1774 agrum
1509 1691 1977 1775 pervenissent,
2033 1691 2243 1775 palati
2287 1691 2436 1771 iam,
2494 1689 2625 1756 vel-

322 1799 411 1863 uti
461 1799 832 1884 periculum
877 1797 1268 1877 evasissent,
1337 1797 1558 1863 subito
1618 1798 1845 1864 obvios
1904 1798 2331 1884 populatores
2377 1798 2625 1863 habue-

319 1914 480 1972 runt.
585 1907 897 1972 Mendum
957 1913 1171 1971 ortum
1218 1911 1323 1971 est
1367 1927 1447 1970 ex
1490 1906 2237 1973 vicinitate'earundem
2282 1913 2399 1972 aut
2446 1907 2625 1972 simi-

319 2013 466 2080 lium
512 2015 891 2080 litterarum
938 2012 1093 2095 (lut
1149 2013 1321 2094 tut).
1434 2013 1948 2099 Participierum
2007 2037 2097 2080 eae
2155 2014 2411 2094 formae,
2478 2036 2624 2098 quae

318 2130 461 2188 sunt
540 2124 609 2188 in
698 2123 1080 2206 palantes
1160 2128 1228 2187 et
1291 2121 1640 2206 palatiS,
1720 2144 1851 2187 non
1918 2145 2072 2188 raro
2139 2128 2624 2208 permutantur,

318 2250 715 2314 quamquam
782 2230 849 2295 id
906 2228 1043 2294 fere
1099 2230 1166 2295 in
1222 2230 1623 2295 contrariam
1679 2237 1939 2315 partem
1995 2230 2102 2311 fit,
2172 2237 2248 2296 ut
2303 2252 2423 2315 pro
2483 2254 2623 2316 pa-

317 2336 562 2404 lantis
623 2337 1032 2420 (accusativo
1090 2336 1309 2419 casu),
1376 2339 1713 2403 interdum
1780 2340 1979 2404 etiam
2045 2360 2165 2424 pro
2234 2338 2624 2423 palantes

316 2444 764 2528 (nominativo)
816 2446 1176 2525 scribatur,
1246 2446 1492 2511 omissa
1535 2446 1761 2511 littera
1805 2466 1874 2526 ιι,
1930 2447 2267 2530 palatis,
2324 2452 2401 2511 ut
2445 2448 2625 2531 apud

323 2552 565 2620 Livium
613 2554 813 2635 XXV,
861 2558 962 2634 21,
1011 2559 1050 2619 2
1107 2554 1422 2619 vocatis
1481 2576 1601 2638 pro
1648 2556 2018 2639 vocantis
2061 2556 2131 2621 in
2175 2555 2341 2634 Put„
2386 2554 2623 2636 XXXI,

326 2667 415 2743 14,
440 2669 478 2729 8
525 2663 1043 2749 percontatis
1077 2683 1196 2748 pro
1234 2665 1804 2747 percontantis
1840 2666 1907 2729 in
1928 2663 2179 2745 Bamb.,
2204 2664 2498 2745 XXXVI,
2522 2669 2623 2746 43,

321 2775 387 2834 12
472 2773 799 2857 paratis
896 2771 1504 2855 instructisque
1583 2793 1705 2856 pro
1772 2774 2152 2857 parantis
2220 2774 2625 2839 instruen-

313 2881 584 2965 tisque
640 2882 709 2946 in
755 2880 1002 2960 eodem,
1048 2879 1252 2960 XLII,
1306 2883 1403 2960 13,
1453 2884 1489 2944 3
1527 2887 1594 2946 et
1635 2885 1730 2960 18,
1780 2884 1817 2946 6
1855 2888 1923 2946 et
1956 2885 2057 2961 26,
2092 2885 2130 2944 8
2166 2881 2623 2970 denudatiS,

315 2986 707 3073 fatigatis,
775 2987 1220 3053 fluctuatis
1266 2988 1334 3052 in
1378 2989 1660 3055 Vindob.
1708 3010 1827 3073 pro
1875 2988 2389 3069 denudantis,
2434 2989 2623 3055 fati-

316 3105 611 3178 gantes,
666 3096 1184 3176 fluctuantis,
1246 3096 1426 3181 apud
1472 3095 1853 3163 Ciceronem
1898 3096 1965 3162 in
2010 3096 2294 3182 Philipp.
2342 3097 2512 3178 XIV,
2563 3103 2620 3178 3,

315 3207 350 3267 6
394 3204 808 3271 dubitatis
855 3225 976 3289 pro
1024 3204 1507 3285 dubitantis,
1579 3227 1659 3271 ex
1704 3227 1836 3290 quo
1881 3205 1948 3270 in
1996 3205 2277 3289 Philipp.
2324 3204 2470 3285 XII,
2525 3210 2620 3285 12,

315 3314 408 3392 29,
473 3335 677 3398 quum
721 3312 1021 3378 Halmius
1069 3313 1136 3377 in
1179 3313 1404 3378 codice
1450 3312 1924 3397 Tegernseensi
1967 3312 2373 3398 repperisset
2416 3315 2621 3398 cogi-

313 3423 544 3502 tatis,
604 3421 1031 3487 scribendum
1076 3420 1365 3486 ostendi:
1423 3421 1614 3487 Nam
1659 3422 2037 3488 Martiam
2094 3427 2173 3486 et
2217 3418 2621 3501 Quartam,

315 3528 513 3593 nihil
558 3536 856 3613 praeter
909 3529 1402 3611 dignitatem
1445 3535 1523 3594 et
1569 3530 1827 3596 decus
1866 3530 2358 3613 cogitantis,
2417 3551 2613 3595 com·
2653 3549 2793 3615 (118)

315 3637 822 3719 probaturas
867 3657 1048 3702 esse
1093 3645 1318 3702 certo
1364 3637 1628 3720 scio.¹)

483 3745 639 3829 Cap.
693 3748 790 3826 17,
836 3749 906 3809 ⁷:
975 3745 1482 3830 Responsum
1529 3753 1653 3811 est
1698 3744 2177 3830 (Capenatibus
2224 3767 2299 3811 ac
2344 3745 2622 3811 Faliscis

317 3852 377 3914 in
417 3854 711 3919 conciliis
749 3851 836 3918 acl
871 3853 1242 3919 Voltumnae
1275 3851 1500 3918 fanum
1534 3855 1933 3938 petentibus,
1968 3860 2044 3919 ut
2077 3874 2303 3920 omnes
2337 3854 2622 3919 Etruriae

372 4089 419 4156 ¹)
455 4089 629 4145 Video
665 4108 817 4146 nunc
853 4090 1005 4161 apud
1039 4090 1347 4160 Hertzium,
1392 4091 1564 4146 etiam
1598 4092 2116 4148 Weissenbornium
2151 4091 2211 4145 in
2245 4091 2460 4160 libello,
2509 4109 2620 4160 quo

449 4193 583 4230 usus
626 4194 745 4232 non
789 4194 939 4244 sum,
993 4177 1251 4247 palatis
1305 4177 1397 4231 vel
1442 4176 1846 4247 palantibus
1893 4177 2064 4233 scribi
2108 4177 2368 4231 voluisse.
2459 4175 2621 4245 Quod

447 4260 703 4316 Hertzius
759 4280 792 4317 a
844 4262 1043 4316 Wexio
1099 4262 1338 4333 sumpsit
1392 4262 1638 4330 ablati,
1699 4281 1929 4333 prorsus
1993 4279 2316 4333 perversum
2380 4265 2467 4316 est
2520 4279 2622 4317 nec

454 4347 791 4401 sententiam
827 4347 998 4401 ullam
1030 4347 1220 4402 habet.
1310 4347 1377 4402 In
1419 4352 1752 4402 transcursu
1800 4347 2014 4415 dicam,
2060 4349 2119 4403 in
2156 4366 2275 4419 cap.
2319 4350 2407 4416 15,
2458 4351 2517 4400 11
2557 4352 2623 4401 ut

450 4436 662 4486 certum
702 4436 813 4500 est,
865 4433 1116 4501 Livium,
1173 4432 1510 4503 scriptorem
1557 4433 1829 4489 orationis
1875 4434 1948 4488 ad
2001 4435 2185 4504 legem
2221 4437 2452 4487 structae
2490 4431 2614 4484 dili·

452 4518 862 4586 gentissimum,
915 4533 1032 4573 non
1077 4518 1137 4573 in
1185 4517 1430 4588 simplici
1475 4522 1535 4573 et
1570 4519 1730 4573 brevi
1766 4518 2043 4574 orationis
2079 4519 2321 4574 circuitu
2356 4516 2620 4571 incidisse
