3230 5282
612 624 735 677 Lib.
783 622 977 677 XLIV.
1718 612 1841 671 704

609 803 889 861 castra
934 803 1331 886 venerunt
1378 817 1547 860 cum
1592 795 1880 859 iisdem
1918 794 2009 858 de
2048 816 2241 879 pace
2276 796 2706 874 mandatis,
2754 815 2928 880 quae

613 905 869 969 Romae
937 901 1349 987 ingentem
1424 905 1625 968 iram
1693 910 2011 986 patrum
2078 905 2461 969 excitare.
2566 904 2673 970 Sic
2741 904 2924 978 cod.;

615 1013 809 1096 Gryn.
858 1013 1354 1092 excitavere,
1414 1013 1530 1077 sed
1585 1013 1957 1077 necessario
2007 1012 2423 1077 scribendum
2484 1012 2746 1077 videtur
2793 1033 2926 1077 ex·

609 1122 1007 1199 citarant‚
1070 1122 1193 1185 etsi
1248 1121 1369 1186 has
1425 1122 1923 1186 terminationes
1970 1119 2129 1185 alibi
2176 1122 2345 1185 inter
2390 1142 2459 1186 se
2505 1128 2925 1205 permutatas

611 1251 740 1294 non
820 1230 1102 1295 memini.
1189 1228 1432 1311 (1864.)
1523 1229 1664 1293 Ibd.
1735 1229 1768 1313 ἓ
1839 1234 1904 1292 7:
1975 1228 2364 1293 Placebat
2435 1229 2924 1313 quibusdam

608 1373 697 1384 —-
776 1360 922 1422 per
987 1338 1221 1421 Elpei
1298 1339 1560 1421 ripam
1642 1339 2304 1419 munitionesque
2382 1340 2534 1401 vim
2612 1337 2920 1403 facere:

609 1446 1009 1512 confertis
1057 1453 1136 1510 et
1202 1448 1349 1510 vim
1396 1446 1909 1512 facientibus
1969 1446 2362 1510 resistere
2430 1445 2921 1512 Macedonas

609 1576 761 1619 non
809 1575 1055 1638 posse.
1145 1554 1219 1619 In
1267 1554 1408 1619 cod.
1456 1577 1575 1638 pro
1644 1555 1852 1619 altero
1898 1555 2049 1617 vim
2096 1560 2199 1619 est
2241 1575 2426 1632 uno;
2482 1555 2537 1618 si
2580 1555 2735 1619 vim
2780 1575 2920 1618 rec·

605 1670 751 1728 tum
799 1669 990 1740 esset,
1036 1664 1278 1738 omisso
1327 1669 1406 1728 et
1451 1663 1880 1728 scriberetur:
1955 1661 2357 1727 consertis
2418 1664 2564 1726 vim
2614 1663 2920 1726 facien·

607 1770 850 1835 tibus.
891 1761 900 1770 ’
941 1771 1109 1835 Num
1159 1792 1459 1836 cuneos
1505 1771 2049 1836 facientibus?
2118 1770 2363 1851 (1864.)

784 1877 941 1962 Cap.
992 1882 1090 1956 36,
1141 1882 1176 1942 3
1225 1878 1335 1959 (de
1382 1880 1450 1943 L.
1500 1880 1705 1944 Paulo
1751 1900 2036 1963 pugnam
2095 1877 2498 1959 differente):
2554 1876 2710 1942 Sed
2755 1887 2920 1941 tan-

611 1994 740 2053 tus
787 1988 1037 2053 ardor
1081 1988 1160 2051 in
1209 1989 1497 2053 animis
1542 1983 1640 2051 acl
1687 1986 2228 2052 dimicandum
2263 1988 2675 2069 utrimque
2722 1997 2917 2060 erat,

609 2102 697 2159 ut
734 2095 1051 2160 consuli
1086 2117 1240 2160 non
1276 2097 1578 2161 minore
1626 2102 1804 2159 arte
1843 2095 1935 2159 ad
1972 2116 2166 2160 suos
2203 2094 2648 2160 eludendos
2684 2115 2914 2176 quam

606 2204 713 2268 ad
757 2204 1038 2268 hostes
1085 2225 1280 2287 opus
1328 2212 1558 2269 esset.
1628 2204 1807 2269 Nihil
1844 2204 1927 2268 ad
1974 2199 2160 2268 Pauli
2195 2204 2473 2270 consilia
2517 2185 2913 2287 pertinebat,

607 2311 786 2393 quod
853 2313 1049 2376 etiam
1118 2312 1293 2395 apud
1340 2313 1736 2379 Macedonas
1804 2314 2000 2378 ardor
2069 2312 2153 2377 ad
2210 2313 2652 2377 dimicandum
2710 2323 2914 2388 esset;

610 2425 822 2502 neque
870 2421 1041 2484 enim
1091 2441 1240 2483 eum
1286 2421 1590 2487 ardorem
1637 2444 1758 2486 sua
1804 2429 1947 2486 arte
1994 2421 2258 2486 eludere
2314 2428 2594 2505 poterat.
2685 2421 2761 2485 In
2808 2444 2914 2486 co·

610 2526 756 2591 dice
801 2534 980 2592 recte
1027 2528 1339 2593 scribitur
1385 2530 1684 2595 omnibus
1728 2531 1998 2595 litteris:
2063 2530 2155 2593 ad
2204 2528 2742 2594 dimicandum
2791 2541 2912 2594 ut·

613 2655 926 2719 cunque
972 2641 1164 2702 erat.
1233 2637 1477 2704 Milites
1525 2646 1591 2704 et
1636 2639 1809 2704 bona
1855 2647 1939 2716 et,
1988 2639 2044 2703 si
2088 2638 2157 2703 id
2203 2660 2332 2703 non
2378 2643 2704 2722 poterant,
2751 2659 2913 2720 qua—

607 2764 869 2827 cunque
930 2744 1330 2811 condicione·
1361 2748 1829 2831 (utcunque)
1900 2748 2212 2811 dimicare
2283 2746 2659 2830 cupiebant.
2751 2746 2914 2831 Gry·

608 2875 785 2919 naeus
831 2875 871 2918 a
916 2856 1242 2920 sententia
1289 2856 1639 2933 aberravit,
1689 2857 2002 2939 deceptus
2051 2855 2333 2920 fortasse
2379 2857 2479 2927 iis,
2527 2876 2672 2949 quae
2718 2877 2771 2920 c.
2814 2861 2914 2920 37.

614 2967 692 3027 10
740 2962 1141 3047 leguntur.¹)
1209 2965 1415 3029 Paulo
1464 2971 1618 3048 post
1665 2963 1726 3047 (ξ
1754 2966 1819 3046 7)
1866 2965 2147 3029 alterum
2194 2964 2514 3029 orationis
2549 2963 2913 3028 membrum

604 3072 882 3137 excidit:
977 3070 1196 3147 Quod
1277 3073 1413 3137 ubi
1483 3074 1672 3138 fieri
1742 3072 2051 3137 milites
2119 3093 2477 3149 sensere,
2548 3072 2695 3136 alii
2761 3094 2911 3137 non

607 3180 952 3246 moleste
986 3179 1220 3260 ferre,
1265 3182 1410 3246 alii
1458 3182 1810 3264 gaudere
1858 3160 2139 3264 palam,
2186 3180 2399 3265 quod
2444 3216 2529 3225 —
2573 3179 2910 3263 flagran-

614 3289 937 3353 tissimo
1007 3295 1204 3353 aestu
1270 3312 1426 3354 non
1494 3291 1902 3372 coegisset
1962 3310 2342 3379 pugnare.
2433 3288 2533 3369 (In
2580 3310 2632 3353 c.
2684 3293 2763 3354 35
2811 3289 2907 3353 bis

601 3396 776 3461 idem
823 3417 1005 3461 error
1048 3403 1314 3463 notatus
1361 3404 1481 3475 est,
1529 3397 1562 3481 ἓ
1611 3403 1647 3462 5
1695 3399 1761 3461 in
1809 3397 2137 3480 geminato
2184 3397 2356 3475 alii,
2405 3396 2435 3479 ξ
2478 3401 2553 3460 18
2600 3398 2666 3461 in
2714 3398 2905 3480 gemi-

599 3512 760 3569 nato
807 3504 1041 3586 hinc.)
1132 3505 1383 3570 Deinde
1431 3506 1463 3588 ᾖ
1516 3511 1612 3583 10,
1661 3505 1777 3570 ubi
1820 3506 1888 3570 in
1935 3505 2161 3569 codice
2221 3511 2351 3569 est:
2418 3504 2900 3569 Macedoniae

604 3613 712 3677 sit
758 3634 1122 3695 aesosque
1174 3616 1388 3679 sicut
1434 3613 1854 3698 prioribus
1903 3613 2243 3678 ducibus
2280 3633 2419 3697 per
2454 3612 2710 3677 calles
2759 3611 2902 3677 sal-

601 3728 892 3803 tusque
937 3720 1647 3788 Macedonicorum
1693 3723 2081 3788 montium
2130 3721 2497 3804 vagando
2558 3722 2901 3786 circum-

596 3834 922 3912 agatur,
974 3830 1389 3896 scribendum
1434 3852 1575 3896 esse
1624 3838 2048 3912 aestasque,
2097 3830 2230 3895 dixi
2276 3831 2407 3894 iam
2449 3833 2628 3908 1852,
2675 3840 2904 3914 estque

941 3971 1052 3979 —-

647 4049 695 4117 ι)
733 4048 765 4119 ἓ
804 4053 836 4104 2
873 4052 932 4105 in
969 4050 1181 4107 codicis
1219 4052 1499 4121 scriptura
1536 4050 1847 4117 (meridie
1885 4055 2133 4106 aestate
2180 4051 2402 4118 magis
2440 4051 2900 4106 adcesserunt

735 4144 874 4191 tum
926 4155 1077 4192 mox
1129 4138 1511 4208 adparebat
1557 4135 1893 4205 [Gitlbauerz
1953 4134 2472 4206 adparebat-eq)
2519 4137 2695 4190 latere
2752 4138 2898 4191 vide·

734 4227 854 4275 tur:
913 4223 1210 4277 meridie
1248 4228 1490 4277 aestum
1541 4222 1765 4291 magis
1814 4238 2241 4276 accessurum
2276 4250 2344 4260 —
2389 4223 2898 4291 adparebat301

734 4312 873 4361 tum
911 4325 1059 4362 mox
1093 4308 1228 4377 quid
1261 4306 1578 4362 faciendum
1625 4309 1726 4375 sit,
1765 4308 1974 4362 nescio.
2050 4304 2325 4373 [Rectius:
2385 4314 2628 4362 aestum
2685 4308 2895 4376 magis

737 4409 1172 4447 accensurum
1240 4398 1639 4461 utrumque,
1723 4393 1805 4447 vel
1872 4391 2134 4446 fortasse:
2201 4399 2566 4462 utramque
2641 4410 2890 4447 noxam.

729 4478 1196 4531 Accensurum
1233 4479 1404 4532 etiam
1439 4477 1714 4531 Hertzius.
1789 4478 1960 4545 1864]
