3230 5282
609 634 735 691 Lib.
772 634 868 690 IV.
1711 622 1833 683 120

609 828 700 873 ac
746 805 1196 889 colloquia)
1242 804 1384 886 VH,
1430 810 1533 885 40,
1582 809 1622 870 2
1671 806 2096 890 corrigendus
2143 807 2288 873 erit.
2378 806 2555 875 Vera
2600 812 2934 895 scriptura

609 916 679 981 in
712 901 948 981 ‘codice
990 915 1341 980 Loveliano
1390 919 1427 979 5
1467 920 1698 995 exstat
1741 916 2123 981 coniectura
2163 921 2451 999 reperta.

782 1023 942 1108 Cap.
990 1026 1101 1103 35,
1161 1027 1219 1087 6.
1323 1021 1785 1106 Obiurgabant
1829 1023 2076 1088 tribuni
2120 1024 2643 1104 multitudinem,
2713 1027 2929 1110 quod

608 1167 696 1178 —
738 1154 896 1198 non
949 1130 1185 1197 modo
1246 1131 1343 1196 ad
1401 1151 1624 1215 spem
1682 1130 2170 1197 consulatus
2213 1132 2293 1196 in
2337 1139 2654 1217 partem
2696 1156 2928 1202 revo-

610 1240 948 1306 candam
1007 1239 1442 1323 adspirare
1485 1259 1640 1304 non
1685 1238 2055 1320 auderet,
2114 1239 2253 1305 sed
2297 1262 2390 1305 ne
2435 1242 2516 1306 in
2560 1242 2930 1309 tribunis

608 1348 933 1431 quidem
996 1348 1351 1414 militum
1417 1347 1800 1413 creandis
1855 1382 1944 1393 —
2000 1353 2142 1412 aut
2207 1349 2330 1413 sui
2396 1355 2534 1414 aut
2599 1371 2925 1416 suorum

522 1522 530 1533 ,
607 1457 1137 1523 meminisset.
1251 1454 1628 1522 Ridiculum
1687 1461 1791 1521 est
1850 1461 1919 1521 et
1974 1456 2113 1520 sine
2174 1477 2371 1522 sensu
2419 1456 2660 1522 dicitur
2705 1480 2923 1542 spem

606 1586 995 1631 revocare
1042 1566 1121 1630 in
1166 1570 1479 1649 partem
1524 1570 1591 1629 et
1636 1563 2074 1648 adspirare
2109 1563 2208 1629 ad
2244 1585 2463 1648 spem
2497 1565 2579 1629 in
2613 1574 2925 1650 partem

439 1696 578 1765 (100)
615 1674 1178 1754 revocandam;
1244 1693 1400 1738 nam
1454 1672 1837 1757 adspiratur
1880 1673 1966 1738 ad
2009 1693 2192 1756 spem
2235 1671 2514 1738 alicuius
2558 1673 2928 1740 rei'conse-

608 1782 914 1864 quendae3
992 1803 1074 1848 ea
1136 1802 1242 1847 res
1309 1787 1457 1845 erat
1522 1780 1905 1846 consulatus
1970 1782 2147 1846 inter
2211 1787 2564 1864 utrumque
2629 1782 2927 1847 ordinem

606 1892 881 1975 partitio
930 1890 1063 1956 sive
1108 1891 1176 1954 in
1220 1896 1478 1974 partem
1521 1888 1886 1969 revocatio:
1945 1887 2059 1953 cfr.
2106 1888 2216 1966 VI,
2261 1894 2365 1967 40,
2420 1892 2529 1954 18:
2595 1890 2674 1955 in
2720 1912 2930 1955 com-

604 2021 836 2065 mune
890 1999 1247 2065 honores
1303 2018 1621 2077 vocare,
1686 1996 1831 2077 VII,
1877 2000 1980 2077 22,
2028 2000 2096 2061 9:
2156 2017 2584 2063 censuram
2629 1999 2708 2063 in
2752 2018 2926 2082 par-

605 2114 765 2173 tem
842 2108 1137 2174 vocari.
1277 2105 1589 2172 Senserat
1667 2106 2065 2190 pravitatem
2130 2104 2327 2170 homo
2393 2106 2626 2171 Latine
2690 2128 2926 2190 parum

606 2215 840 2281 doctus
899 2221 966 2280 et
1022 2216 1138 2297 qui
1194 2235 1368 2299 saepe
1412 2216 1701 2299 turpiter
1745 2219 1954 2294 erret,
2022 2213 2139 2279 sed
2183 2234 2378 2279 sensu
2425 2216 2752 2280 communi
2794 2235 2927 2280 non

606 2344 868 2403 carenS,
936 2323 1285 2389 Douiatius
1305 2373 1319 2402 ,
1389 2322 1528 2401 cui,
1596 2329 1673 2388 ut
1716 2323 1967 2406 opinor,
2035 2344 2171 2388 non
2214 2322 2550 2388 nominato
2596 2323 2925 2388 Weissen-

602 2431 875 2497 bornius
952 2437 1104 2515 post
1175 2430 1788 2496 Drakenborchium
1850 2431 2260 2515 respondens
2324 2430 2466 2495 haec
2533 2431 2925 2515 adscripsit:

610 2539 788 2619 „Nur
854 2560 980 2605 von
1036 2539 1154 2604 der
1207 2537 1545 2622 Hoffnung
1599 2538 1845 2604 konnte
1904 2559 2291 2604 revocare
2347 2545 2578 2621 gesagt
2631 2539 2915 2618 werden,

605 2649 693 2715 da
739 2649 859 2713 das
904 2647 1220 2714 Consulat
1261 2648 1492 2713 immer
1534 2648 1706 2713 noch
1752 2648 1949 2714 allein
1995 2647 2123 2713 den
2167 2647 2539 2713 Patriciern
2582 2648 2915 2731 gehdrtef‘

607 2756 812 2834 Quasi
877 2778 1031 2823 vero
1079 2757 1489 2841 adspiremus
1535 2756 1621 2820 ad
1668 2777 1850 2840 spem
1896 2777 2154 2835 eorum,
2223 2776 2371 2839 quae
2428 2756 2561 2820 iam
2619 2756 2782 2835 sint,
2849 2777 2931 2821 ac

603 2886 736 2930 non
782 2865 869 2930 ad
913 2885 1168 2946 eorum,
1226 2884 1372 2949 quae
1415 2864 1709 2929 nondum
1754 2865 1904 2931 sint.
2006 2864 2272 2947 Itaque,
2329 2864 2580 2947 opinor,
2638 2864 2923 2948 posthac

602 2993 735 3037 non
791 2973 1113 3038 dicemus:
1181 2973 1297 3038 Ich
1350 2993 1532 3056 wage
1590 2972 1769 3037 mich
1825 2995 1904 3037 zu
1962 2972 2080 3038 der
2121 2970 2460 3055 Hoffnung
2504 2993 2583 3036 zu
2629 2972 2918 3037 erheben

605 3082 707 3146 ein
753 3081 908 3145 Amt
951 3101 1029 3146 zu
1076 3082 1396 3161 erhalten‚
1444 3081 1592 3148 sed:
1640 3080 1746 3145 ich
1789 3101 1971 3163 wage
2016 3081 2192 3145 mich
2237 3101 2384 3145 zum
2427 3078 2750 3144 Erhalten
2798 3080 2918 3145 der

601 3188 935 3273 Hoffnung
1012 3191 1193 3255 eines
1257 3189 1486 3254 Amoes
1567 3207 1647 3253 zu
1726 3188 2013 3254 erheben
2080 3186 2203 3269 (ad
2269 3209 2488 3272 spem
2554 3188 2920 3254 muneris

603 3298 1261 3380 consequendam
1295 3297 1747 3381 adspirare,
1795 3319 1929 3362 non
1964 3296 2062 3361 ad
2097 3318 2317 3380 spem
2350 3296 2709 3361 muneris
2745 3317 2922 3361 con-

604 3405 1048 3488 sequendi).
1158 3404 1430 3469 Miseret
1483 3425 1588 3469 me
1646 3405 1942 3470 inanium
1997 3403 2502 3488 argutiarum.¹)
2605 3404 2924 3487 Apparet,

600 3513 856 3578 Livium
933 3513 1304 3596 scripsisse:
1393 3512 1491 3576 ad
1584 3533 1804 3596 spem
1881 3512 2361 3578 consulatus
2440 3512 2521 3576 in
2599 3518 2922 3596 partem

601 3621 1056 3701 revoca-dl,
1124 3619 1552 3702 gerundivum
1610 3625 1834 3686 autem
1890 3641 2086 3704 prave
2145 3619 2715 3685 accommodatum
2775 3639 2924 3684 esse

600 3729 689 3795 ad
754 3730 1122 3814 proximum
1188 3727 1669 3794 substantivum
1736 3727 2112 3813 (partem3
2181 3726 2297 3792 cfr.
2367 3747 2654 3809 prooem.
2713 3749 2775 3810 p.
2841 3730 2922 3791 10

601 3837 746 3921 sq.).
857 3838 1137 3903 Prorsus
1194 3836 1425 3901 eodem
1481 3836 1677 3902 modo
1733 3835 1847 3900 lib.
1895 3835 2205 3916 XXVIII,
2275 3838 2387 3912 33,
2462 3839 2538 3898 16
2596 3833 2921 3898 librarius

657 4062 704 4129 ¹)
743 4060 830 4130 [In
874 4062 1043 4116 tertia
1096 4061 1347 4116 editione
1406 4061 1494 4115 his
1541 4061 1743 4116 deletis
1790 4065 1965 4129 negat
2008 4061 2260 4130 potuisse
2307 4059 2421 4114 dici
2467 4059 2920 4114 consulatum

736 4149 804 4202 in
857 4152 1123 4217 partem
1174 4164 1536 4214 revocare,
1587 4147 1699 4201 nisi
1742 4147 1903 4216 plebs
1941 4151 2071 4200 ante
2107 4147 2221 4199 iam
2257 4145 2582 4200 consulatus
2618 4146 2916 4215 particeps

735 4233 946 4287 fuisset.
998 4234 1160 4287 Itane
1194 4233 1371 4287 vero?
1409 4231 1638 4287 Nihilne
1676 4249 1745 4285 ex
1778 4233 1849 4285 iis
1887 4232 1946 4286 in
1980 4237 2225 4286 mentem
2245 4231 2709 4286 Weissenbornio
2742 4231 2916 4298 venit,

736 4335 860 4387 quoe
914 4319 1064 4388 apud
1109 4316 1454 4372 Schellerum
1489 4336 1542 4386 p.
1579 4319 1718 4372 9460
1760 4317 1948 4386 posita
1992 4319 2167 4370 sunt?
2205 4315 2579 4385 Nunquamne
2614 4317 2738 4385 ipse
2773 4333 2917 4370 rem

736 4404 816 4458 ad
877 4404 1359 4469 coniecturam,
1413 4403 1484 4457 in
1540 4402 2078 4469 dubitationem,
2145 4402 2228 4456 ad
2281 4406 2539 4456 sortem
2573 4417 2922 4455 revocare

733 4489 1006 4544 similiave
1043 4489 1225 4543 dixit?
1263 4488 1339 4542 Et
1371 4489 1651 4542 mirantur
1686 4488 1946 4542 homines
1983 4505 2074 4542 me
2111 4488 2271 4556 queri
2308 4493 2366 4542 et
2401 4483 2726 4555 indignari]
