3230 5282
1489 604 1611 664 545
2205 619 2327 673 Lib.
2365 619 2673 675 XXXVIII.
2748 664 2753 672 .

364 785 684 868 Exempla
742 786 1121 851 adscribere
1177 806 1310 849 non
1358 786 1576 865 decet,
1646 788 1701 851 si
1748 787 1893 870 quis
1951 790 2262 870 requirit,
2321 799 2540 856 sumat
2595 813 2677 857 ex

361 894 461 970 iis,
508 914 652 976 quae
697 893 1010 976 praecepti
1055 891 1483 956 confirmandi
1530 914 1733 957 causa
1779 896 1969 977 posui
2006 895 2126 980 Op.
2165 896 2276 960 Ac.
2303 898 2385 961 ΙΙ.
2425 921 2484 981 p.
2526 903 2669 963 213.

361 999 691 1081 [Obstant,
738 1021 886 1082 quae
931 999 1239 1081 leguntur
1283 999 1455 1079 XXI,
1506 1004 1605 1079 35,
1655 1006 1693 1064 8
1741 1007 1808 1065 et
1853 1001 2149 1082 XXXIV,
2208 1008 2311 1084 62,
2363 1009 2468 1084 11;
2540 1006 2672 1094 alia

360 1109 533 1171 enim
578 1108 792 1172 minus
840 1107 926 1170 ad
985 1128 1123 1171 rem
1169 1109 1502 1189 pertinent
1569 1116 1687 1173 aut
1740 1111 1993 1174 incerta
2058 1116 2212 1175 sunt
2279 1120 2393 1175 aut
2440 1134 2665 1196 prava.

363 1213 587 1279 Simile
633 1237 712 1279 ex
757 1216 986 1298 aliqua
1044 1221 1234 1297 parte
1293 1221 1392 1279 est
1458 1217 1726 1298 inquit
1771 1223 1925 1299 post
1980 1224 2061 1281 et
2118 1224 2234 1282 aut
2278 1239 2428 1300 que
2477 1222 2672 1284 omis-

361 1342 505 1385 sum
551 1320 655 1398 VI,
704 1325 760 1400 7,
812 1326 865 1400 3,
914 1322 1117 1399 XXX,
1182 1326 1277 1398 12,
1330 1327 1424 1399 12,
1483 1322 1620 1401 XL,
1670 1328 1770 1400 40,
1816 1328 1873 1402 4,
1922 1323 2110 1404 Verg.
2159 1324 2415 1389 AEneid.
2462 1327 2544 1404 II,
2595 1331 2675 1390 42

362 1434 428 1490 et
474 1428 552 1505 X,
602 1433 746 1507 897,
796 1429 951 1492 Hor.
1000 1428 1134 1493 Sat.
1183 1429 1231 1508 I,
1283 1433 1339 1507 9,
1386 1435 1443 1493 4.
1542 1429 1755 1512 1865]

536 1533 690 1618 Cap.
742 1540 840 1613 23,
888 1540 925 1598 2
973 1535 1082 1616 (de
1130 1536 1339 1600 Gallis
1387 1558 1421 1600 e
1491 1539 1728 1601 castris
1775 1538 2178 1620 fugientibus
2237 1544 2303 1602 et
2362 1560 2533 1603 caeco
2596 1542 2678 1604 ti-

365 1663 544 1706 more
594 1664 714 1725 per
772 1664 934 1707 saxa
978 1643 1381 1723 ruentibus):
1441 1645 1727 1726 itaque
1773 1645 2151 1727 plerique
2197 1647 2678 1730 praecipites

360 1770 503 1832 per
547 1758 856 1814 vastam
902 1750 1431 1814 altitudinem
1477 1750 1849 1834 prolapsi
1898 1759 2035 1816 aut
2073 1752 2503 1818 debilitati
2549 1775 2678 1818 ex-

360 1857 854 1921 animantur.
948 1857 1316 1921 Ridiculam
1364 1879 1517 1922 vero
1565 1859 2075 1936 distinctionem,
2124 1865 2200 1923 ut
2244 1860 2358 1923 alii
2406 1882 2523 1942 per
2571 1882 2678 1924 va-

365 1969 538 2027 stam
586 1963 1011 2029 altitudinem
1058 1964 1346 2048 prolapsi
1391 1967 1668 2046 integris
1706 1965 2012 2029 membris
2059 1964 2171 2046 (—
2214 1966 2339 2032 hoc
2384 1969 2555 2031 enim
2602 1990 2681 2032 ex

360 2072 695 2135 contrario
743 2073 1044 2154 sequitur
1087 2072 1198 2152 —-)
1248 2072 1722 2151 exanimentur,
1773 2072 1884 2136 alii
1926 2073 2064 2136 sine
2107 2074 2525 2156 prolapsione
2562 2096 2674 2139 ne-

360 2179 494 2242 scio
543 2199 673 2260 quo
719 2179 913 2244 modo
950 2179 1298 2244 debilitati.
1368 2179 1679 2262 Apparet,
1728 2180 1994 2244 eosdem
2028 2180 2323 2244 homines
2359 2202 2475 2262 per
2511 2203 2676 2264 prae-

360 2286 591 2367 cipitia
636 2286 982 2369 prolapsos
1028 2287 1262 2350 fractis
1324 2293 1391 2350 et
1448 2286 1629 2350 elisis
1690 2286 1998 2350 membris
2057 2287 2464 2352 exanimatos
2510 2309 2678 2352 esse.

361 2391 795 2456 Scribendum
832 2394 1030 2474 igitur
1066 2400 1185 2470 est,
1234 2401 1375 2457 aut
1422 2393 1717 2457 sublato:
1766 2414 1910 2476 per
1956 2400 2271 2458 vastam
2307 2394 2678 2459 altitudi·

359 2520 538 2562 nem
575 2501 959 2582 prolapsi
1018 2499 1449 2564 debilitati
1499 2501 2094 2564 exanimantur.
2186 2500 2481 2565 Alterum
2528 2523 2678 2585 par·
2727 2531 2736 2539 ·

363 2607 660 2689 ticipium
708 2607 1184 2691 praecedentem
1235 2628 1521 2686 causam,
1569 2606 1850 2674 alterum
1894 2608 2163 2673 modum
2210 2608 2307 2672 rei
2353 2609 2680 2691 significat

366 2713 950 2795 (prolabuntur
1006 2721 1084 2780 et
1138 2715 1562 2780 debilitati
1609 2715 1895 2795 exam),
1966 2715 2077 2779 cfr.
2141 2715 2372 2793 XXXI,
2433 2721 2532 2793 45,
2607 2721 2683 2780 14

366 2821 670 2900 (obruti
719 2821 1137 2901 fluctibus,
1185 2822 1564 2905 dispersi,
1599 2821 2239 2903 —effugerunt).
2288 2822 2537 2885 Eodem
2576 2843 2681 2886 ca-

363 2929 501 3011 pite
547 2930 719 2993 infra
765 2928 826 3011 (ξ
878 2930 1000 3011 10),
1048 2930 1160 2994 ubi
1208 2929 1454 2993 editur:
1503 2930 1747 2993 armis
1804 2929 2157 2993 hostium
2205 2930 2280 2992 in
2316 2951 2468 2993 uno
2507 2950 2680 2993 con-

366 3037 751 3099 crematis
809 3037 1151 3115 cumulo,
1198 3038 1406 3117 magis
1444 3036 1915 3118 placeretuno
1963 3037 2510 3099 concrematis
2560 3056 2680 3099 cu-

366 3142 605 3220 mu10,
652 3146 905 3208 omissa
950 3144 1452 3227 praepositione,
1513 3164 1658 3225 quae
1702 3149 1853 3225 post
1898 3162 1955 3203 m
2001 3140 2314 3205 facillime
2362 3143 2519 3205 oriri
2567 3163 2680 3237 poj

365 3254 542 3312 terat
579 3248 731 3327 (vid.
779 3250 862 3314 ad
901 3250 972 3327 V,
1021 3254 1121 3328 47,
1170 3249 1256 3330 6),
1304 3258 1380 3314 ut
1424 3250 1753 3314 ablativus
1799 3249 2066 3313 modum
2102 3248 2502 3329 significaret
2538 3248 2680 3329 (ita,

363 3363 437 3419 ut
481 3377 650 3420 unus
698 3363 874 3421 esset
910 3355 1257 3437 cumulus),
1306 3357 1857 3438 quemadmodum
1893 3356 1942 3433 Ι,
1993 3360 2090 3433 37,
2141 3359 2175 3418 5
2217 3355 2437 3418 Livius
2474 3356 2678 3437 scrip-

365 3463 482 3527 sit:
529 3463 825 3545 spoliis
871 3465 1230 3529 hostium
1277 3464 1721 3545 —ingenti
1769 3463 2084 3526 cumulo
2134 3463 2529 3526 accensis.

539 3568 694 3653 Cap.
745 3575 844 3649 26,
903 3577 941 3633 4
1001 3571 1096 3652 (in
1154 3572 1594 3653 descriptione
1656 3570 1823 3634 aciei
1884 3567 2282 3649 Gallorum):
2353 3569 2683 3632 Ariara-

363 3675 530 3739 this
587 3675 1115 3760 Cappadoces
1163 3685 1241 3742 et
1297 3676 1579 3740 Morzii
1627 3676 2086 3740 auxiliares
2145 3677 2222 3740 in
2267 3675 2461 3739 laevo
2510 3676 2681 3755 (cor-

364 3783 483 3863 nu)
553 3790 948 3866 quattuor
1014 3784 1259 3849 ferme
1340 3784 1687 3848 millium
1751 3802 2163 3847 numerum
2232 3783 2684 3865 explebant
2740 3810 2750 3819 ·

365 3891 571 3955 Prave
616 3892 788 3955 inter
833 3912 1061 3973 regum
1107 3892 1374 3955 nomina
1418 3890 1736 3973 copulata
1791 3891 2237 3973 interponitur
2280 3889 2683 3953 adiectivum

366 3998 449 4062 ad
501 3998 964 4062 auxiliares
1010 4000 1377 4081 pertinens3
1444 4019 1659 4081 neque
1718 4018 1839 4081 pro
1897 3996 2308 4062 substantivo
2370 3994 2680 4079 Cappa·

367 4104 605 4169 doces
651 4126 794 4169 esse
841 4113 1080 4188 potest,
1128 4106 1441 4188 quoniam
1501 4126 1700 4187 prave
1763 4106 1856 4168 sic
1914 4104 2331 4168 auxiliarium
2390 4101 2680 4184 appella-

364 4212 546 4276 tione
603 4210 1031 4294 Cappadoces
1100 4211 1557 4277 excluduntur.
1652 4210 1903 4293 [Longe
1971 4210 2166 4274 aliter
2226 4209 2530 4273 dicuntur
2587 4208 2680 4272 ab

367 4317 648 4382 Attalo
697 4317 1158 4398 Cretenses;
1219 4340 1301 4383 ne
1348 4318 1606 4382 Attali
1669 4315 2113 4382 Cretenses
2159 4316 2443 4399 quidem,
2490 4315 2552 4377 h.
2602 4338 2680 4393 e.,

367 4447 530 4506 quos
577 4427 634 4489 is
683 4426 1121 4504 conduxisset,
1168 4426 1402 4491 eodem
1448 4426 1641 4489 modo
1698 4422 2122 4505 dicerentur]
2212 4422 2430 4485 Livius
2479 4423 2681 4508 scrip-

2152 4544 2218 4592 35
