3230 5282
560 637 684 693 Lib.
720 636 921 691 XXXI.
1654 624 1781 683 470

561 830 669 887 e0,
735 807 915 890 quod
983 828 1102 891 pro
1159 806 1472 889 primaria
1534 806 1867 872 sententia
1921 804 2077 889 poni
2136 812 2425 889 poterat,
2491 825 2611 889 per
2665 804 2873 888 parti-

563 915 775 980 culam
830 934 1060 997 quum
1118 915 1186 978 in
1243 914 1543 997 protasin
1600 918 2003 978 commutato
2059 910 2170 993 (de
2226 934 2357 994 quo
2412 911 2700 976 breviter
2758 910 2873 975 ad-

560 1022 783 1088 monui
860 1021 971 1086 Gr.
1035 1021 1178 1088 Lat.
1247 1019 1281 1104 ξ
1347 1025 1472 1085 476
1539 1041 1574 1085 c
1641 1026 1774 1085 not.
1850 1018 2108 1102 [Kleine
2176 1018 2486 1103 philolog.
2547 1017 2870 1083 Schriften

560 1150 710 1214 pag.
761 1133 883 1193 359
930 1127 1166 1212 sqq.]),
1235 1149 1312 1193 ac
1367 1150 1448 1193 ne
1510 1129 1778 1192 minima
1823 1127 2090 1211 quidem
2135 1134 2251 1193 aut
2295 1148 2335 1192 a
2380 1133 2617 1211 coepta
2648 1131 2872 1191 ⁴struc-

558 1244 713 1300 tura
790 1236 1145 1301 aberrandi
1226 1257 1429 1301 causa
1506 1242 1623 1300 aut
1688 1235 2125 1301 aberrationis
2192 1235 2505 1300 indicium
2571 1239 2870 1317 apparet.

558 1344 696 1408 Nec
752 1351 973 1408 tamen
1019 1364 1378 1428 pronomen
1423 1344 1815 1408 mutandum
1862 1349 1992 1422 est,
2062 1342 2177 1408 sed
2223 1342 2614 1418 tollendum,
2684 1339 2871 1405 addi-

558 1458 701 1514 tum
769 1453 1032 1516 incaute
1107 1451 1191 1515 ab
1262 1450 1518 1534 aliquo,
1589 1452 1704 1534 qui
1776 1451 2145 1516 subiectum
2199 1450 2383 1515 verbi
2438 1449 2871 1532 impetrari

561 1560 779 1623 notari
827 1559 1055 1623 voluit.

731 1664 888 1750 Cap.
938 1671 1051 1746 48,
1122 1670 1160 1730 8
1209 1666 1304 1746 (in
1351 1666 1653 1731 oratione
1701 1672 2111 1745 senatorum,
2181 1667 2292 1748 qui
2338 1665 2406 1729 L.
2456 1665 2657 1729 Furio
2705 1684 2869 1747 prae-

557 1775 691 1838 tori
749 1774 831 1837 ad
889 1773 1424 1857 triumphandum
1486 1774 1957 1857 impedimento
2016 1773 2351 1855 negabant
2409 1794 2553 1836 esse
2613 1771 2872 1849 debere,

558 1879 736 1960 quod
791 1902 923 1944 non
983 1887 1365 1965 exspectato
1423 1881 1691 1945 consule
1751 1901 1897 1945 cum
1948 1880 2152 1945 Gallis
2200 1878 2619 1963 pugnasset):
2680 1875 2873 1942 Nam

560 1988 627 2052 si
674 1989 846 2051 sine
893 1988 1228 2053 consule
1274 1989 1450 2069 geri
1496 1988 1707 2052 nihil
1754 1990 2256 2072 oportuerit,
2315 1995 2455 2051 aut
2498 1994 2869 2051 senatum

556 2116 982 2177 peccasse,
1074 2097 1211 2179 qui
1304 2097 1749 2160 exercitum
1831 2098 2165 2179 praetori
2247 2095 2603 2172 dederit,
2704 2093 2870 2177 (po-

559 2202 821 2266 tuisse
886 2204 1120 2281 enim,
1190 2203 1255 2266 si
1310 2225 1459 2267 non
1519 2205 1892 2286 praetoris
1965 2202 2146 2286 [ante
2195 2203 2290 2265 W.
2340 2209 2516 2266 erat:
2589 2203 2654 2266 si
2714 2222 2870 2266 non

493 2335 496 2338 “
557 2328 725 2372 cum
784 2307 1219 2392 praetoris]‚
1280 2311 1418 2375 sed
1476 2311 1844 2375 consulis
1891 2311 2257 2375 exercitu
2304 2332 2467 2374 rem
2516 2312 2690 2390 geri
2735 2332 2870 2374 vo-

554 2415 849 2492 luerit,
917 2418 1035 2480 ita
1092 2418 1335 2482 finire
1400 2427 1734 2483 senatus
1795 2419 2281 2494 consultum,
2351 2439 2441 2480 ne
2490 2440 2627 2501 per
2672 2438 2869 2500 prae-

556 2529 840 2601 torem,
934 2525 1074 2588 sed
1165 2547 1308 2609 per
1402 2518 1811 2591 consulem
1901 2525 2363 2608 gereretur)
2456 2533 2593 2588 aut
2683 2545 2869 2587 con—

557 2629 825 2723 sulem,
885 2633 1021 2715 qui
1069 2638 1190 2699 cet.
1294 2634 1572 2700 Pravam
1621 2641 1688 2699 et
1730 2635 1854 2700 toti
1899 2634 1996 2699 rei
2043 2634 2441 2697 contrariam
2487 2654 2633 2697 esse
2680 2630 2865 2695 illam

555 2739 1031 2804 condicionem:
1104 2742 1167 2805 si
1239 2764 1391 2807 non
1451 2743 1829 2827 praetoris
1889 2747 2043 2820 cet.,
2113 2741 2452 2805 Creverius
2512 2739 2866 2814 intellexit;

552 2866 703 2908 nam
751 2846 815 2909 id
864 2848 1079 2930 ipsum
1125 2871 1255 2913 non
1301 2850 1601 2915 voluerat
1644 2850 1838 2914 modo
1887 2856 2184 2927 senatus,
2256 2849 2369 2912 sed
2416 2848 2660 2912 factum
2707 2852 2868 2923 erat,

553 2959 628 3016 ut
672 2976 801 3017 non
848 2958 1180 3038 praetoriS,
1252 2958 1367 3021 sed
1415 2957 1704 3022 consulis
1753 2957 2041 3021 exercitu
2089 2978 2192 3020 res
2237 2963 2606 3038 gereretur,
2668 2976 2867 3036 quum

554 3059 659 3125 hic
719 3084 793 3124 ex
840 3063 1111 3129 Etruria
1142 3064 1518 3129 ‘Ariminum
1582 3064 1666 3129 ad
1729 3072 2079 3148 praetorem
2136 3065 2377 3128 missus
2435 3070 2634 3140 esset,
2702 3082 2866 3144 prae-

379 3185 528 3261 (375)
565 3171 729 3233 toris
787 3172 992 3255 copiae
1038 3173 1328 3236 Arimino
1386 3174 1452 3236 in
1513 3173 1847 3238 Etruriam
1902 3179 2237 3250 retractae3
2304 3192 2514 3253 neque
2573 3170 2639 3233 id
2695 3192 2868 3234 nunc

554 3278 906 3358 agebatur,
975 3286 1125 3345 utro
1174 3282 1465 3345 exercitu
1513 3288 1762 3364 praetor
1807 3301 1945 3343 rem
1990 3279 2333 3361 gessisset,
2395 3278 2543 3355 sed,
2606 3278 2866 3342 debuis-

522 3391 739 3447 .setne
785 3387 924 3467 ipse
969 3407 1088 3469 per
1137 3408 1206 3451 se
1252 3409 1388 3453 rem
1434 3410 1661 3470 gerere
1710 3407 1793 3451 an
1830 3386 2177 3451 ‘consulem
2225 3392 2631 3470 exspectare.
2735 3384 2865 3450 Sed

552 3492 831 3573 vulgatae
892 3474 1235 3583 scripturae
1294 3498 1689 3580 pravitatem
1748 3495 1909 3560 satis
1971 3493 2267 3557 declarat
2311 3492 2393 3571 B,
2462 3494 2528 3556 in
2589 3515 2718 3575 quo
2768 3492 2861 3557 sic

555 3599 895 3663 scribitur:
944 3604 1315 3683 potuisse
1363 3606 1589 3681 enim,
1641 3603 1853 3666 sicut
1897 3623 2050 3665 non
2098 3603 2489 3683 praetoris
2538 3600 2865 3665 absenti
2930 3614 2948 3629 ·

556 3706 692 3769 sed
762 3728 912 3771 cos.
977 3712 1349 3775 exercitu
1418 3732 1576 3776 rem
1645 3710 1813 3792 geri
1885 3708 2284 3786 voluerit,
2355 3707 2467 3772 sed
2538 3706 2860 3773 vocabulo

553 3813 900 3887 absenti,
949 3818 1123 3898 quod
1171 3840 1390 3883 errore
1437 3819 1737 3883 additum
1784 3823 1948 3895 erat,
1995 3816 2295 3895 induct03
2356 3817 2560 3881 ceteri
2608 3815 2865 3880 codices

553 3943 671 4003 pro
733 3924 950 3987 sicut
1005 3924 1253 3989 habent
1298 3927 1365 3990 si
1411 3948 1599 3990 cum.
1712 3925 1946 4006 Itaque
2003 3945 2130 3988 non
2190 3923 2488 3988 condicio
2548 3924 2688 3987 haec
2745 3929 2862 3997 est,

553 4031 666 4094 sed
734 4035 1173 4115 comparatiO,
1244 4055 1374 4117 qua
1448 4034 1848 4111 ostenditur,
1920 4032 1976 4096 si
2032 4037 2299 4096 senatus
2358 4032 2693 4096 consulem
2756 4050 2863 4093 ex—

553 4141 836 4220 spectari
895 4140 1234 4220 voluisset,
1304 4142 1600 4224 potuisse
1673 4163 1818 4205 eum
1891 4147 2150 4223 aperte,
2221 4138 2379 4223 quid
2445 4138 2586 4203 fieri
2648 4137 2861 4215 vellet,

553 4246 816 4311 decreto
884 4248 1472 4330 comprehendere,
1555 4246 2110 4331 quemadmodum
2192 4246 2474 4310 alterum
2546 4246 2713 4310 illud
2780 4246 2862 4310 de

554 4355 1002 4435 permutandis
1081 4356 1480 4420 exercitibus
1548 4356 2066 4439 perscripsisset.
2194 4353 2298 4418 Sic
2365 4355 2566 4436 igitur
2637 4355 2859 4418 Livius
2896 4373 2900 4376 ⁴

552 4463 841 4545 scripsit:
905 4467 1045 4526 aut
1091 4469 1460 4528 senatum
1497 4458 1928 4546 peccasse,
1986 4463 2120 4544 qui
2167 4465 2614 4527 exercitum
2660 4482 2865 4546 prae-
