3230 5282
626 585 750 639 Lib.
789 585 938 639 XXI.
1720 573 1847 635 270

629 756 791 841 quid
842 757 913 822 in
970 757 1367 823 sententiam
1427 762 1582 841 apte
1641 757 1889 823 includi
1946 758 2063 825 illo
2106 758 2254 825 loco
2297 760 2517 845 possit
2561 766 2629 825 et
2673 781 2821 845 quae
2866 761 2946 826 de

627 864 935 930 Taurinis
981 865 1229 930 tradita
1272 866 1423 947 sint,
1479 866 1620 931 veri
1664 865 2068 932 simillimum
2111 866 2392 948 videtur,
2436 868 2694 934 Livium
2737 869 2944 952 scrip·

628 974 824 1038 sisse:
908 972 1247 1055 Taurini
1315 971 1762 1056 Semigalli.
1874 973 2045 1039 Nam
2111 973 2437 1040 Taurinos
2508 974 2751 1042 Strabo
2822 975 2945 1058 (ΙΙΙ

625 1103 690 1165 p.
738 1084 863 1145 204
910 1078 1084 1164 Cas.)
1135 1079 1487 1164 Liguribus
1544 1079 1659 1145 ille
1719 1081 1987 1163 quidem
2045 1082 2350 1165 adiungit
2405 1082 2508 1164 (ut
2562 1082 2819 1148 Plinius
2862 1082 2943 1148 Η.

625 1187 705 1252 N.
752 1187 880 1268 III,
943 1192 1040 1269 17,
1105 1188 1287 1271 132),
1345 1188 1460 1253 sed
1515 1193 1742 1253 tamen
1799 1187 1964 1254 alibi
2010 1186 2100 1273 (p.
2148 1189 2302 1272 209)
2349 1211 2390 1256 a
2437 1190 2797 1274 Liguribus
2845 1212 2943 1256 se-

625 1302 852 1381 parat;
943 1295 1281 1380 Appianus
1360 1300 1580 1360 autem
1662 1295 1975 1378 (Hannib.
2059 1295 2124 1378 5)
2202 1296 2593 1364 Taurasiam
2617 1349 2634 1378 ,
2711 1299 2943 1365 urbem

628 1425 883 1483 eorum,
954 1401 1283 1469 Gallicam
1348 1402 1678 1487 appellat3
1755 1408 1824 1468 et
1901 1404 2063 1488 ipsae
2129 1405 2316 1471 sedes
2383 1427 2424 1470 a
2491 1407 2942 1490 septentrione

624 1511 997 1595 Appennini
1040 1511 1400 1592 adducunt,
1458 1516 1534 1575 ut
1578 1511 1869 1594 antiquae
1916 1510 2106 1595 stirpi
2153 1510 2377 1577 Gallos
2422 1513 2755 1579 admixtos
2805 1535 2943 1579 cre-

465 1633 605 1701 (220)
643 1619 965 1702 damus.¹)
1054 1618 1261 1701 Paulo
1309 1625 1463 1704 post
1507 1616 1570 1701 (ἓ
1619 1618 1707 1701 7),
1753 1619 1870 1684 ubi
1914 1619 2161 1685 editur:
2219 1619 2351 1703 qui
2410 1620 2636 1686 ambo
2682 1621 2943 1687 saltus

627 1749 797 1793 eum
845 1750 1000 1794 non
1044 1726 1569 1808 inTaurinos,
1617 1727 1761 1792 sed
1809 1748 1948 1811 per
1972 1725 2350 1792 Salassos
2384 1733 2815 1795 montanos
2848 1729 2942 1794 ad

627 1835 928 1901 Libuos
998 1834 1287 1902 Gallos
1357 1834 1882 1915 deduxerint,
1951 1833 2370 1900 Salassorum
2436 1856 2671 1901 nomen
2728 1836 2941 1922 Lipsii

625 1950 691 2008 et
738 1941 1025 2008 Cluverii
1071 1944 1469 2009 coniecturae
1513 1942 1829 2023 debetur3
1883 1942 1952 2007 in
1997 1941 2338 2008 codicibus
2384 1942 2729 2008 scribitur:
2801 1967 2941 2030 per

627 2051 892 2116 saltus
950 2057 1419 2131 montanos,
1475 2051 1544 2115 in
1601 2050 2062 2134 antiquissimo
2109 2048 2451 2133 (quoniam
2494 2050 2545 2115 P
2593 2052 2941 2133 caremus),

622 2158 711 2239 M,
757 2179 800 2224 a
842 2160 1058 2242 prima
1101 2179 1328 2223 manu:
1376 2179 1521 2241 per
1564 2157 1825 2223 saltos
1868 2163 2315 2223 montanos.
2387 2158 2631 2240 Livius,
2678 2161 2938 2244 opinor,

623 2265 876 2330 nullum
922 2267 1086 2331 certi
1130 2265 1359 2350 populi
1403 2286 1644 2330 nomen
1688 2271 2017 2349 posuerat,
2076 2265 2223 2331 sed:
2293 2287 2433 2349 per
2477 2266 2675 2329 alios
2721 2288 2939 2332 mon-

623 2379 879 2439 tanos.
996 2372 1082 2438 Si·
1124 2371 1492 2446 Salassos
1558 2374 1994 2454 nominasset,
2061 2379 2485 2438 montanos
2551 2396 2682 2439 non
2750 2375 2941 2440 addi·

624 2480 849 2545 disset.
974 2479 1279 2546 Ceterum
1352 2479 1603 2545 residet
1666 2480 1975 2546 mendum
2041 2482 2110 2545 in
2178 2480 2706 2561 deduxerint,
2787 2503 2937 2567 quae

622 2588 804 2654 verbi
871 2587 1085 2654 forma
1148 2606 1360 2670 neque
1419 2607 1568 2653 cum
1625 2587 2043 2654 dubitatione
2102 2587 2183 2654 de
2237 2590 2577 2674 praeterito
2635 2595 2936 2675 tempore

621 2717 914 2780 unquam
981 2696 1229 2760 dicitur
1294 2694 1450 2776 (nisi
1516 2696 1747 2761 addito
1793 2696 2180 2776 forsitan,
2257 2696 2560 2778 forsan,
2627 2704 2703 2763 ut
2769 2699 2933 2764 for-

523 2803 529 2811 '
623 2805 843 2870 sitan
897 2803 1193 2869 fecerit
1246 2803 1359 2869 sit:
1428 2802 1571 2868 fieri
1614 2809 1856 2888 potest,
1912 2810 1989 2868 ut
2030 2803 2307 2886 fecerit),
2366 2826 2596 2889 neque,
2654 2807 2711 2871 si
2756 2806 2934 2871 dice-

620 2918 834 2993 retur,
899 2911 1027 2977 hoc
1082 2911 1231 2978 loco
1289 2912 1443 2995 poni
1501 2913 1867 2996 potuisset,
1936 2911 2051 2977 ubi
2106 2912 2514 2977 condicionis
2570 2914 2936 2997 requiritur

622 3020 1039 3106 significatio,
1088 3020 1396 3105 quoniam
1443 3019 1664 3085 Livius
1707 3041 1843 3086 non
1888 3019 2032 3103 ipse
2080 3018 2363 3099 dubitat,
2409 3019 2524 3085 sed
2572 3026 2647 3084 ut
2690 3020 2933 3087 falsum

618 3130 746 3195 hoc
799 3127 1159 3212 redarguit.
1270 3127 1505 3212 Itaque
1561 3126 1913 3208 audacter,
1979 3126 2097 3192 sed
2162 3132 2383 3191 tamen
2440 3133 2621 3193 recte
2677 3134 2931 3194 veteres

620 3239 908 3303 editores
989 3235 1526 3302 deduxissent
1602 3235 2103 3301 substituerunt.
2238 3233 2427 3312 Quod
2505 3237 2739 3317 negavi
2813 3234 2931 3302 fe·

620 3345 862 3410 cerim
920 3343 1000 3410 de
1058 3344 1397 3428 praeterito
1456 3350 1753 3427 tempore
1812 3342 2179 3408 dubitative
2228 3342 2389 3423 dici,
2457 3343 2688 3408 eodem
2732 3344 2929 3410 modo

620 3458 878 3518 erratur
935 3472 989 3515 c.
1035 3455 1149 3531 4¹7,
1221 3455 1287 3533 5,
1357 3450 1473 3516 ubi
1525 3449 1839 3516 fuerint
1894 3448 2276 3534 (petenda
2329 3448 2665 3532 fuerint)
2713 3457 2930 3518 ortum

619 3565 719 3625 est
781 3581 878 3624 ex
954 3557 1291 3623 fuerunt
1364 3562 1642 3642 propter
1720 3558 2269 3637 travexerint,
2348 3557 2527 3642 quod
2593 3560 2926 3643 praecedit.

615 3667 829 3732 Aliter
897 3665 1137 3731 dicitur
1207 3665 1274 3730 in
1343 3665 1759 3732 concedendo
1817 3671 1885 3730 et
1939 3664 2282 3748 fingendo:
2351 3664 2609 3731 fuerit
2668 3665 2926 3732 Carbo

617 3775 1092 3840 sceleratus.
1163 3772 1441 3855 (Eodem
1475 3771 1764 3858 cap.§9:
1812 3772 2085 3856 Neque
2131 3772 2470 3838 hercule
2515 3775 2926 3840 montibus

614 3883 740 3948 his
797 3918 880 3926 —
936 3882 1031 3947 ab
1098 3882 1467 3948 transitu
1532 3880 1975 3947 Poenorum
2041 3879 2210 3946 ullo
2265 3916 2352 3925 —
2395 3881 2691 3947 incolae
2757 3883 2926 3966 iugi

616 3992 795 4056 eius
850 3991 1123 4055 norint
1168 3988 1536 4070 inditum,
1596 3988 1737 4054 sed
1781 3988 1877 4055 ab
1925 4009 2035 4070 ec,
2084 4010 2311 4071 quem
2355 4024 2441 4032 —
2485 3988 2926 4056 Poeninum

615 4099 977 4164 montani
1034 4096 1479 4182 appellant.
1585 4095 1697 4162 Sic
1742 4096 2009 4164 codices
2054 4095 2244 4177 boni;
2302 4096 2524 4163 editur
2570 4118 2607 4162 e
2649 4097 2809 4163 Lov.
2859 4103 2922 4163 3:

672 4350 718 4419 ι)
750 4351 890 4492 ἓξῗ
926 4351 1197 4491 ngbius
1231 4351 1312 4420 H,
1363 4354 1444 4421 15,
1488 4352 1523 4407 8
1558 4351 1630 4407 de
1664 4350 1947 4407 Tam-iscis
1982 4349 2137 4418 dicit,
2183 4368 2298 4406 non
2336 4354 2503 4406 erant
2538 4349 2612 4406 ad
2649 4351 2924 4408 Taurinos

884 4454 954 4492 en
