3230 5282
588 611 712 664 Lib.
750 610 864 662 XL.
1677 597 1798 694 5ξὸ

591 781 1012 862 inquibus
1064 787 1183 845 661.
1272 780 1439 844 Nam
1486 787 1810 864 pontem
1854 782 1933 844 in
1979 780 2341 844 Tiberim
2400 780 2706 857 facere,
2773 779 2892 844 lo-

591 909 783 951 care
831 910 1043 969 neque
1115 910 1239 952 usu
1308 889 1682 953 defenditur
1738 909 1952 978 neque
1996 889 2274 951 ratione.
2370 887 2430 970 [§
2489 892 2526 950 6
2583 886 2887 969 Ussingio

591 996 734 1059 iure
788 1004 1106 1078 suspectae
1154 1004 1308 1060 sunt-
1350 1018 1541 1062 voces
1612 1003 1690 1060 et
1754 997 2012 1060 forum
2065 1003 2406 1078 tamquam
2462 1018 2495 1060 e
2553 997 2890 1078 superiore

496 1122 499 1125 ’
591 1125 782 1166 versu
854 1125 1072 1168 errore
1135 1105 1464 1186 repetitae3
1533 1126 1683 1167 nam
1742 1111 1807 1167 et
1852 1104 2064 1168 forum
2123 1104 2217 1166 sic
2271 1102 2447 1167 nude
2495 1104 2782 1186 positum
2828 1108 2890 1166 61

587 1211 802 1274 forum
850 1218 1036 1274 extra
1080 1219 1338 1294 portam
1384 1211 1809 1276 offensionem
1854 1211 2076 1275 habet.
2148 1210 2180 1293 ξ
2227 1215 2284 1289 8,
2318 1212 2435 1275 ubi
2479 1212 2547 1274 111
2586 1211 2685 1274 ed.
2721 1211 2888 1290 Mog.

592 1319 930 1382 scribitur:
960 1318 1392 1402 Complura
1433 1320 1744 1384 sacella
1779 1320 2272 1402 publicaque
2310 1341 2453 1383 sua
2488 1327 2891 1401 occupata
2924 1328 2934 1336 ¹

589 1447 628 1489 a
670 1428 1043 1509 privatis,
1093 1427 1336 1490 aLivio
1378 1429 1693 1510 scripturn
1736 1449 1878 1491 esse
1914 1426 2199 1491 videtur:
2249 1425 2544 1509 Compl.
2583 1425 2891 1490 sacella

587 1534 1085 1618 publicaque
1132 1535 1344 1622 loca3
1393 1536 1637 1598 sacella
1683 1557 1871 1598 sacra
1917 1555 2087 1613 esse,
2136 1534 2283 1597 loca
2329 1534 2592 1616 publica
2647 1532 2885 1616 populo

587 1648 815 1725 patere
863 1664 1166 1706 censores
1213 1645 1565 1707 iusserunt.
1665 1641 1873 1723 1865]

596 1821 598 1824 ¹
759 1749 915 1833 Cap.
995 1755 1094 1828 53,
1168 1755 1232 1812 3:
1304 1749 1717 1813 Celeriter
1786 1756 1863 1812 et
1931 1771 2019 1813 ex
2086 1751 2513 1832 provincia
2578 1748 2887 1812 litterae

494 1893 500 1900 ·
584 1858 769 1921 Rom
787 1880 899 1921 am
947 1863 1360 1922 venerunt.
1453 1858 1657 1920 Recte
1704 1857 2269 1921 Weissenbornius
2316 1858 2591 1921 alteram
2637 1862 2889 1938 partem

587 1967 946 2042 sententiae‚
1000 1967 1189 2029 cuius
1236 1965 1549 2028 indicium
1596 1964 1755 2028 facit
1802 1966 2125 2046 particula
2171 1972 2266 2042 61,
2315 1964 2634 2028 excidisse
2680 1969 2887 2045 putat,
2934 2041 2937 2044 Ι

586 2094 713 2155 qua
761 2073 1069 2156 suppleta
1104 2079 1264 2155 apta
1300 2073 1424 2136 erit
1459 2073 1821 2136 celeritatis
1857 2074 2121 2151 menti0‚
2157 2074 2290 2136 sive
2325 2073 2390 2134 in
2429 2071 2597 2135 hanc
2631 2076 2888 2134 senten-

587 2181 747 2243 tiam
807 2180 1032 2244 Livius
1102 2180 1394 2264 scripsit:
1468 2178 1873 2242 Celeriter
1932 2186 2008 2243 et
2076 2201 2164 2243 ea
2232 2187 2464 2262 gesta
2522 2185 2756 2243 erant
2812 2185 2889 2242 et

586 2309 673 2350 ex
719 2285 1146 2370 prorincia
1190 2288 1503 2351 litterae
1551 2287 1626 2350 R.
1674 2308 1751 2364 v.,
1802 2288 1936 2350 sive
1983 2288 2203 2368 potius
2242 2288 2308 2349 in
2342 2286 2539 2350 hanc:
2590 2285 2887 2349 Celeri-

583 2401 708 2457 ter
757 2402 834 2458 et
880 2397 1128 2460 Roma
1174 2395 1453 2459 consul
1501 2395 1593 2456 ad
1651 2394 1926 2474 hostes
1996 2401 2073 2457 61
2138 2416 2227 2457 ex
2286 2396 2718 2477 provincia
2760 2394 2886 2457 lit-

584 2508 776 2566 16116
824 2504 898 2566 R.
947 2526 1002 2567 v.
1101 2503 1230 2568 Sed
1289 2525 1417 2566 non
1475 2502 1688 2569 minus
1756 2501 2104 2565 manifesta
2168 2502 2405 2566 lacuna
2468 2502 2667 2584 paulo
2735 2506 2887 2564 ante

584 2608 645 2691 (ἓ
693 2610 758 2690 2)
806 2631 1028 2675 omnes
1098 2609 1348 2675 fefellit.
1441 2609 1547 2674 Sic
1605 2611 1773 2673 enim
1838 2610 2178 2673 scribitur:
2250 2630 2512 2692 neque
2579 2616 2888 2673 tantum

582 2719 758 2782 acie
804 2720 1000 2782 vicit
1051 2718 1152 2799 (Q.
1201 2718 1467 2782 Fulvius
1528 2718 1754 2781 consul
1802 2718 2124 2799 Ligures),
2182 2718 2319 2782 sed
2377 2723 2658 2781 castra
2704 2738 2890 2798 quo-

411 2831 555 2900 (480)
595 2848 739 2908 que
787 2826 1055 2890 eodem
1105 2827 1230 2890 die
1279 2828 1515 2909 cepit.
1599 2826 1788 2889 Tria
1845 2825 2109 2888 millia
2170 2826 2497 2890 ducenti
2541 2825 2892 2888 hostium

580 2935 1003 3014 omnisque
1073 2956 1161 2997 ea
1228 2934 1456 3014 regio
1506 2933 1890 3014 Ligurum
1947 2934 2026 2995 in
2089 2933 2602 2997 deditionem
2658 2932 2889 2995 venit.

580 3040 875 3104 Consul
924 3042 1253 3104 deditos
1309 3041 1387 3102 in
1444 3049 1956 3122 campestres
2017 3060 2256 3120 agros
2305 3040 2647 3104 deduxit
2693 3061 2889 3123 prae-

583 3149 965 3231 sidiaque
1011 3147 1426 3211 montibus
1472 3148 1893 3229 imposuit.
1961 3148 2173 3211 Nimis
2213 3149 2482 3230 exiguus
2519 3156 2621 3212 est
2667 3168 2887 3210 nume-

584 3276 693 3318 sus
742 3255 1113 3317 deditorum
1159 3274 1277 3335 pro
1318 3258 1461 3317 tota
1497 3257 1786 3335 regione,
1825 3276 1967 3336 quae
2004 3255 2246 3318 bellum
2281 3256 2590 3319 Romanis
2626 3254 2888 3333 fecerat,

581 3363 686 3423 vix
732 3381 878 3424 eum
925 3382 1223 3442 aequanS,
1272 3382 1463 3443 quem
1511 3370 1855 3444 captorum
1902 3363 1970 3425 in
2015 3362 2283 3444 proeliis
2339 3363 2621 3427 hostium
2673 3362 2888 3425 Livius

583 3469 650 3531 in
696 3466 798 3530 his
846 3467 1036 3531 bellis
1086 3468 1277 3532 edere
1324 3469 1522 3547 solet3
1569 3467 1708 3548 nec,
1755 3469 1868 3532 ubi
1914 3475 2071 3532 totae
2116 3471 2416 3552 regiones
2465 3492 2533 3533 se
2580 3470 2888 3532 Romanis

583 3573 847 3653 dedunt,
897 3596 1209 3639 numerus
1255 3576 1621 3639 incolarum
1665 3577 1815 3640 iniri
1877 3577 2110 3657 edique
2156 3577 2349 3655 solet3
2407 3577 2668 3640 omnino
2718 3577 2887 3640 enim

579 3681 939 3744 incolarum
985 3685 1239 3746 numeri
1287 3684 1552 3747 urbium
1599 3685 2071 3766 regionumque
2115 3705 2386 3767 perraro
2424 3690 2890 3767 computantur

580 3789 756 3869 apud
824 3796 1092 3853 veteres,
1207 3790 1581 3875 Scripserat
1648 3792 1871 3855 Livius
1951 3793 2017 3854 in
2086 3792 2256 3855 hanc
2322 3792 2631 3855 formam:
2702 3790 2889 3853 Tria

579 3896 844 3959 millia
891 3898 1218 3961 ducenti
1265 3899 1619 3962 hostium
1688 3900 1867 3963 caesi
1938 3907 2147 3977 sunt,
2195 3942 2227 3979 *
2276 3900 2532 3981 capti,
2594 3898 2887 3961 omnis-

583 4024 730 4085 que
781 4025 869 4067 ea
912 4006 1137 4086 regio
1183 4004 1568 4087 Ligurum
1615 4013 1735 4070 cet.

754 4110 908 4193 Cap.
951 4117 1048 4191 55,
1098 4117 1134 4176 8
1184 4113 1290 4193 (de
1328 4113 1635 4198 Philippo
1682 4113 1892 4196 rege):
1943 4120 2021 4177 et
2054 4114 2635 4178 infelicitatem
2673 4133 2887 4175 suam

583 4218 663 4280 in
709 4218 1018 4283 liberis
1077 4222 1558 4301 graviorem,
1627 4221 1836 4301 quod
1905 4220 2112 4285 alter
2161 4223 2541 4303 perisset,
2613 4240 2888 4283 cense-

584 4324 740 4389 bat.
792 4327 1167 4391 Ridiculum
1205 4333 1325 4406 est,
1361 4336 1702 4410 tamquam
1729 4327 2061 4408 singulare
2087 4331 2258 4411 poni,
2299 4331 2664 4411 graviorem
2690 4330 2889 4392 etiam

590 4454 729 4497 esse
775 4433 1245 4511 infelicitatem,
1295 4435 1471 4517 quod
1528 4435 1697 4498 alter
1743 4456 1820 4498 ex
1866 4435 2090 4499 liberis
2139 4438 2441 4519 perierit,
2512 4437 2705 4517 quasi
2758 4456 2890 4499 non
