3230 5282
1516 577 1637 636 471
2368 586 2491 641 Lib.
2528 587 2726 642 XXXI.

409 761 583 823 tori
674 760 996 826 dederit
1083 758 1482 843 (potuisse
1573 760 1806 838 enim,
1912 759 2132 823 sicut
2207 780 2361 823 non
2438 764 2728 843 praeto-

420 867 565 945 rie,
661 869 802 933 sed
894 868 1262 934 consulis
1369 867 1739 931 exercitu
1828 886 1989 929 rem
2077 867 2245 949 geri
2334 866 2726 945 voluerit,

421 975 539 1040 ita
584 975 833 1041 finire
881 982 1212 1042 senatus
1272 974 1673 1053 consultu,
1740 995 1832 1037 ne
1893 995 2036 1057 per
2093 980 2518 1057 praetorem
2575 973 2726 1054 cet.)

423 1089 563 1146 aut
630 1084 1045 1149 consulem
1115 1089 1238 1148 cet.
1364 1081 1712 1146 Senatus
1781 1081 2156 1146 consulto
2222 1083 2354 1147 iam
2420 1079 2727 1146 Dukerus

421 1190 620 1256 scribi
687 1192 989 1257 voluerat
1056 1191 1137 1255 ob
1205 1189 1405 1253 aliam
1472 1209 1767 1268 causam;
1835 1188 2093 1253 accedit
2146 1210 2318 1253 nunc
2375 1209 2482 1268 ea,
2552 1187 2729 1270 quod

422 1299 540 1362 ita
609 1298 694 1362 ad
761 1299 1319 1382 comparationem
1389 1295 1810 1361 indicandam
1866 1297 2178 1378 pertinet,
2250 1318 2382 1361 non
2452 1296 2537 1360 ad
2592 1295 2727 1361 for-

420 1426 590 1470 mam
641 1404 794 1470 SCti
842 1406 992 1486 (ita
1036 1406 1302 1483 finire,
1352 1426 1423 1469 so
1471 1425 1550 1467 zu
1596 1402 2080 1486 begrenzen).¹)

594 1511 749 1597 Cap.
800 1518 913 1594 49,
976 1519 1011 1577 2
1073 1513 1181 1593 (de
1229 1513 1299 1577 L.
1347 1512 1527 1576 Furii
1589 1512 1894 1595 praetoris
1941 1532 2019 1575 ex
2065 1509 2285 1574 Gallia
2329 1510 2725 1594 triumpho):

421 1620 495 1683 in
558 1623 927 1686 aerarium
986 1621 1181 1686 tulit
1239 1624 1619 1685 trecenta
1668 1619 1958 1699 viginti
2006 1618 2268 1683 millia
2313 1619 2528 1699 aeris,
2597 1640 2727 1684 ar-

417 1729 643 1810 genti
700 1737 1014 1794 centum
1074 1728 1602 1811 septuaginta
1660 1726 1923 1790 millia
1968 1727 2253 1810 pondo.
2346 1727 2728 1794 Extremum

419 1835 806 1901 vocabulum
853 1836 1171 1921 (pondo)
1222 1835 1305 1899 ab
1352 1834 1651 1899 omnibus
1697 1833 1833 1897 fere
1879 1834 2212 1899 codicibus
2259 1836 2449 1901 abest
2494 1836 2725 1917 (Hear-

419 1944 510 2007 nii
568 1944 852 2024 duobus,
913 1937 1067 2009 LoV.
1118 1947 1188 2021 2,
1249 1947 1317 2022 6,
1375 1942 1589 2021 Harl.,
1652 1940 1929 2021 Mead.);
1998 1963 2116 2024 pro
2176 1964 2253 2008 eo
2308 1945 2377 2008 in
2424 1944 2608 2009 Voss,
2657 1953 2727 2010 et

417 2050 571 2115 Lov.
618 2057 658 2114 4
706 2052 1020 2116 scribitur
1079 2051 1272 2127 cod„
1330 2052 1395 2113 in
1442 2049 1595 2115 Lov.
1651 2056 1677 2112 1
1742 2049 1928 2115 m6d.
2030 2050 2104 2114 In
2151 2050 2234 2129 B,
2292 2051 2544 2133 aliquot
2587 2073 2727 2117 ver-

419 2158 522 2224 bis
581 2181 802 2224 errore
863 2160 1153 2235 omissiS,
1222 2158 1358 2222 haec
1416 2165 1676 2222 tantum
1733 2158 2147 2223 scribuntur:
2216 2160 2295 2222 in
2353 2160 2724 2225 aerarium

417 2266 620 2331 tulit
665 2274 1042 2331 trecenta
1086 2266 1376 2348 viginti
1425 2265 1791 2331 milliaoo
1826 2266 1901 2329 D.
1968 2266 2726 2333 HincWeissenbornius

414 2372 601 2439 fecit:
670 2381 1053 2440 trecenta
1108 2374 1404 2454 viginti
1462 2373 1724 2437 millia
1768 2374 1976 2453 aeriS,
2045 2376 2361 2457 argenti
2409 2382 2724 2441 centum

422 2482 696 2546 millia
739 2484 1191 2564 quingenta
1237 2481 1519 2563 pondo.
1588 2481 1859 2546 Numeri
1903 2502 2033 2546 non
2078 2482 2603 2566 improbabiliter
2648 2506 2726 2549 ex

422 2591 713 2674 vestigiis
771 2590 1018 2656 codicis
1074 2589 1128 2653 B
1189 2590 1468 2654 correcti
1525 2595 1709 2670 sunt3
1779 2591 1893 2657 sed
1966 2593 2166 2658 miror
2221 2592 2493 2671 nemini,
2560 2613 2724 2675 prae-

421 2699 647 2763 sertim
695 2697 1031 2764 codicibus
1076 2697 1617 2778 admonentibuS,
1679 2700 2121 2783 suspicionem
2168 2706 2410 2763 motam
2458 2721 2599 2765 esse
2647 2699 2726 2764 de

419 2827 688 2871 summae
734 2805 1214 2889 magnitudine,
1284 2827 1461 2888 quac,
1530 2806 1584 2869 si
1642 2807 1900 2889 pondo
1947 2805 2243 2885 additur,
2310 2807 2532 2870 multis
2577 2828 2726 2890 par·

413 2913 598 2978 tibus
655 2915 858 2977 nimia
915 2920 1015 2978 est
1071 2908 1188 2996 pro
1246 2912 1439 2977 huius
1496 2913 1712 2977 aetatis
1772 2913 2104 2997 triumpho
2153 2913 2404 2977 Gallico
2450 2933 2529 2977 ex
2571 2914 2717 2978 bre·
2754 2930 2896 2999 (376)

421 3021 683 3084 vissimo
746 3020 946 3099 bello,
1015 3021 1080 3083 in
1151 3041 1277 3101 quo
1344 3041 1425 3083 ne
1496 3021 1636 3102 agri
1704 3019 1970 3101 quidem
2037 3021 2275 3085 vastati
2337 3021 2725 3103 oppidumve

419 3126 628 3190 ullum
696 3135 959 3210 captum
1030 3133 1608 3205 commemoratur,
1692 3126 1807 3190 sed
1887 3128 2341 3193 tantummodo
2411 3134 2727 3212 carpenta

422 3235 647 3318 praeda
721 3234 1020 3315 (coloniae
1077 3234 1503 3315 Placentinae)
1563 3240 1801 3298 onusta
1859 3234 2144 3298 ducenta
2201 3235 2281 3316 (c.
2331 3238 2405 3298 21
2470 3242 2538 3300 et
2594 3236 2721 3317 22).

418 3343 494 3406 In
540 3343 609 3406 P.
649 3341 937 3407 Cornelii
965 3343 1275 3407 consulis
1323 3341 1658 3425 triumpho
1706 3340 1785 3405 de
1822 3342 2002 3406 Boiis
2046 3342 2237 3424 longe
2285 3342 2726 3426 splendidiore

417 3473 478 3515 a.
514 3455 627 3515 191
670 3451 924 3531 argenti
961 3449 1377 3514 MMCCCXL
1415 3449 1633 3533 pondo
1679 3448 2000 3514 translata
2047 3454 2200 3513 sunt
2236 3449 2558 3529 (XXXVI,
2595 3451 2724 3533 40).

416 3556 1009 3642 ComparantibuS,
1081 3578 1226 3640 quae
1294 3557 1439 3622 libr.
1489 3556 1801 3635 XXXIII,
1873 3560 1954 3620 23
2013 3556 2092 3620 de
2150 3556 2217 3620 C.
2267 3557 2553 3622 Cornelii
2608 3560 2727 3623 tri·

421 3666 684 3748 umpho,
743 3665 1033 3729 eiusdem
1077 3664 1233 3728 libri
1279 3687 1332 3729 c.
1381 3669 1459 3728 37
1510 3665 1589 3728 de
1635 3664 1718 3727 M.
1765 3663 2079 3743 Marcelli,
2127 3664 2380 3730 Gallico
2430 3670 2726 3747 utroque,

419 3772 756 3854 leguntur,
819 3794 948 3837 non
996 3773 1151 3850 erit,
1210 3773 1465 3855 opinor,
1527 3772 1827 3851 dubium,
1888 3773 2047 3855 quin
2093 3771 2228 3851 hic,
2287 3779 2360 3836 ut
2406 3772 2514 3852 ibi,
2574 3773 2724 3836 aeris

417 3881 628 3944 millia
697 3881 942 3944 assium
1010 3879 1447 3962 intellegenda
1506 3880 1666 3956 sint,
1738 3879 1990 3962 argenti
2049 3886 2268 3943 autem
2313 3899 2726 3943 nummorum

422 3988 837 4052 denariorum
886 3988 1020 4052 sive
1065 3987 1469 4068 bigatorum,
1537 3987 1664 4051 etsi
1723 3987 1815 4051 ibi
1875 3988 2197 4068 argenti
2253 3986 2519 4068 bigati
2566 3987 2725 4051 scri·

419 4095 602 4159 bitur
648 4094 789 4175 (cfr.
838 4095 1131 4168 XXXVI,
1178 4099 1253 4156 21
1307 4099 1469 4158 extr.
1520 4102 1584 4158 et
1633 4094 1758 4175 39),
1804 4094 1913 4157 hic
1959 4094 2355 4158 adiectivum
2401 4094 2725 4158 omittitur

478 4346 529 4411 ι)
565 4345 819 4400 Eandem
858 4347 1194 4415 scripturam
1232 4365 1380 4400 nunc
1419 4347 1595 4413 (1860)
1631 4347 1714 4398 W.
1755 4348 2025 4414 sequitur,
2064 4347 2164 4401 sed
2201 4346 2480 4400 absenti
2518 4346 2726 4399 retinet

559 4448 623 4484 ac
658 4430 904 4499 per-mire
942 4432 1201 4499 explicat.
