3230 5282
569 607 708 662 Lib.
747 607 942 660 XLIV.
1679 595 1803 654 694

582 785 755 850 enim
803 784 909 849 hic
955 804 1215 867 quoque
1264 783 1366 864 (ut
1411 785 1781 863 XXXVIII,
1829 790 1930 863 22,
1980 790 2019 847 4
2066 792 2132 849 et
2179 785 2243 866 5)
2290 786 2481 849 nimis
2538 805 2764 850 secure
2822 793 2889 851 et

580 893 912 975 patienter
954 890 1167 957 fertur
1211 892 1469 957 infinita
1515 894 1845 958 sententia
1890 892 2088 958 verbo
2134 891 2319 957 finito
2380 893 2693 958 adiuncta
2747 916 2887 972 nec,

580 1001 751 1065 unde
822 1001 1139 1083 pendeat,
1205 1000 1488 1066 habens:
1559 1002 1674 1067 ibi
1741 1000 2190 1066 haesitabat
2256 1009 2325 1064 et
2379 1000 2734 1066 alteram
2801 1038 2889 1045 —

575 1109 1017 1174 mercedem
1063 1116 1379 1193 turpem
1423 1130 1629 1189 esse3
1700 1109 1908 1190 (nam,
1955 1110 2196 1175 omisso
2244 1116 2339 1188 et,
2385 1109 2543 1174 ferri
2588 1116 2885 1193 poterat:

574 1217 1041 1297 haesitabat3
1110 1218 1394 1298 utique
1460 1217 1806 1283 alteram
1888 1218 2073 1298 661.);
2153 1217 2389 1283 deinde
2467 1239 2597 1281 non
2666 1220 2883 1282 minus

406 1333 546 1401 (575)
584 1346 888 1409 perverse
935 1330 1088 1409 post
1131 1325 1484 1390 malebat
1530 1326 1877 1391 subiicitur
1913 1326 2050 1390 sed
2083 1347 2229 1390 cum
2266 1326 2591 1390 sententia
2625 1323 2884 1389 infinita

576 1433 912 1515 (mavult
957 1433 1168 1511 dare,
1218 1434 1360 1498 sed
1395 1442 1686 1517 postea
1732 1434 2122 1513 daturum,
2169 1440 2244 1498 ut
2286 1433 2593 1499 audiatur
2627 1432 2880 1508 dicit).

577 1541 704 1607 Sed
773 1542 1028 1607 accedit
1097 1542 1227 1605 alia
1295 1543 1618 1624 pravita83
1687 1563 1831 1624 quae
1898 1549 2001 1606 est
2058 1544 2231 1606 enim
2289 1542 2430 1606 haec
2487 1543 2701 1606 oratio
2721 1592 2734 1616 ,
2807 1549 2882 1605 111

576 1650 815 1714 malle
860 1671 990 1714 non
1025 1670 1330 1715 recusare
1368 1650 1643 1729 dicatur,
1692 1651 1822 1733 (1111,
1871 1672 2072 1734 (11111111
2117 1651 2398 1715 alterum
2431 1670 2563 1714 non
2601 1649 2876 1726 dederit,

573 1759 856 1823 alterum
899 1779 1031 1822 non
1075 1759 1383 1823 recuset?
1455 1765 1570 1823 aut
1614 1780 1759 1842 quae
1817 1766 1914 1823 est
1960 1757 2096 1823 haec
2139 1758 2445 1825 voluntas
2506 1765 2622 1822 aut
2669 1759 2871 1823 etiam

576 1867 795 1949 potior
838 1866 1140 1931 voluntas
1183 1888 1315 1931 non
1358 1868 1753 1932 recusandi?
1820 1867 2154 1932 Postremo
2201 1888 2283 1931 ne
2328 1866 2490 1930 ordo
2526 1865 2874 1930 verborum

575 1974 840 2056 quidem
907 1980 1126 2039 rectus
1195 1981 1327 2054 est3
1395 1976 1674 2058 primum
1721 1976 1893 2040 enim
1959 1975 2300 2040 sententiae
2368 1975 2582 2039 locum
2649 1981 2875 2039 tenere

575 2082 874 2162 debebat,
923 2083 1099 2165 quod
1144 2082 1338 2147 alteri
1384 2083 1673 2148 mercedi
1717 2084 2118 2148 contrarium
2164 2085 2465 2168 ponitur:
2533 2083 2611 2145 in
2659 2103 2879 2165 spem

574 2192 943 2255 Romanae
988 2192 1234 2274 paciS.
1303 2191 1461 2256 Haec
1504 2198 1606 2257 tot
1652 2198 1967 2274 tantaque
2014 2179 2429 2255 incommoda
2473 2211 2607 2254 una
2650 2190 2877 2254 littera

576 2298 868 2377 sublata,
937 2297 1149 2363 altera
1203 2299 1534 2364 lenissime
1593 2306 1848 2364 mutata
1905 2299 1955 2381 (1
2003 2321 2122 2382 pro
2168 2299 2217 2380 1)
2276 2300 2635 2364 certissime
2683 2319 2874 2362 sana-

573 2406 739 2471 bunt
781 2406 1187 2489 reddentque
1233 2412 1300 2471 et
1343 2407 1632 2487 verbum,
1677 2408 1851 2471 unde
1899 2409 2228 2472 sententia
2271 2407 2528 2472 infinita
2571 2406 2874 2489 pendeat,

575 2522 645 2579 et
685 2520 938 2578 rectum
982 2514 1327 2579 verborum
1372 2516 1696 2580 ordinem:
1765 2515 1883 2580 ibi
1939 2515 2404 2595 haesitabat,
2465 2522 2543 2578 et
2587 2516 2874 2596 utique

575 2621 919 2688 alteram
987 2623 1200 2688 tanti
1266 2624 1611 2689 nominis
1679 2624 2014 2707 regibus
2081 2631 2402 2709 turpem
2469 2644 2561 2688 ac
2609 2621 2869 2687 sordi-

574 2731 748 2795 dam
793 2737 870 2795 et
915 2732 1142 2796 danti
1211 2738 1289 2796 et
1353 2734 1607 2816 magis
1674 2734 2131 2816 accipienti
2189 2732 2634 2798 mercedem
2702 2751 2872 2794 esse

576 2830 831 2903 alebat
897 2839 1044 2923 (pro
1113 2839 1526 2921 malebat);
1596 2843 1674 2905 in
1746 2863 1962 2925 spem
2012 2842 2376 2905 Romanae
2433 2842 2668 2924 pacis
2725 2860 2874 2904 non

515 2969 960 3013 -recusare
1027 2949 1506 3031 impensam,
1574 2949 1713 3014 sed
1780 2971 1947 3014 eam
2014 2950 2437 3033 pecuniam
2502 2947 2873 3032 perfecta

575 3078 656 3121 re
703 3056 1116 3135 daturum3
1186 3065 1307 3121 cet.
1400 3057 1679 3123 Prorsus
1727 3059 2206 3141 exprimuntur,
2257 3078 2403 3140 quae
2467 3055 2645 3139 apud
2691 3055 2873 3138 Poly·

575 3165 757 3230 bium
832 3185 1006 3229 nunc
1085 3164 1393 3247 leguntur
1470 3166 1537 3229 in
1615 3166 1983 3247 fragmento
2053 3166 2372 3230 Vaticano
2443 3163 2716 3245 (XXIX,
2792 3169 2872 3227 16

575 3296 638 3355 p.
692 3276 852 3337 1033
900 3271 1166 3353 Bekk.):
1235 3279 1360 3354 περὶ
1404 3280 1460 3335 δὲ
1506 3283 1610 3336 τῶν
1664 3283 1955 3355 χρημάτων
1998 3281 2136 3356 ὑπὲρ
2193 3282 2291 3353 μὲν
2349 3274 2453 3335 τῶν
2511 3281 2873 3334 πεντακοσίων

575 3388 846 3443 ταλάντων
880 3386 1113 3463 αἰσχρὸν
1150 3386 1348 3460 ἔφησεν
1381 3384 1516 3444 εἶναι
1549 3389 1638 3444 καὶ
1673 3392 1746 3462 τῷ
1778 3389 1975 3445 διδόντι
2009 3389 2099 3445 καὶ
2133 3388 2207 3444 ἔτι
2228 3390 2433 3462 μᾶλλον
2456 3388 2527 3460 τῷ
2549 3385 2866 3459 λαμβάνοντι

578 3488 690 3570 (61
724 3490 956 3554 danti
998 3497 1076 3554 et
1112 3492 1354 3555 etiam
1393 3493 1856 3574 accipienti,
1895 3513 1975 3556 116
2012 3492 2159 3573 quis
2198 3489 2518 3555 ablati’vos
2556 3487 2737 3572 apud
2773 3487 2874 3551 Li·

577 3598 750 3661 vium
774 3596 1002 3679 fingat)
1027 3604 1088 3659 τὸ
1111 3603 1286 3660 δοκεῖν
1306 3606 1498 3678 μισθῷ
1529 3607 1623 3674 τῂν
1646 3606 1881 3676 ἡσυχίᾰν
1904 3606 2061 3677 ἔχειν,
2083 3607 2149 3661 τὰ
2172 3605 2227 3660 δὲ
2261 3607 2412 3675 χίλια
2435 3603 2523 3659 καὶ
2549 3604 2872 3658 πεντακόσια

576 3713 812 3787 πέμψειν
856 3712 1114 3787 φέροντας
1155 3713 1276 3777 τοὺς
1321 3713 1447 3788 περὶ
1490 3716 1906 3788 Πολεμοκράτην
1940 3712 2014 3778 εἰς
2047 3715 2423 3789 Σαμοθρᾴκην
2455 3712 2605 3768 κάκεῖ
2636 3711 2871 3784 μεσιτεύ-

575 3813 746 3875 εάθαι
771 3813 1221 3894 (μεσιτεύσεσθαι
1244 3822 1362 3880 aut
1381 3824 1889 3895 μεσιτευθὴσεσθαι
1906 3816 1983 3897 P).
2034 3815 2161 3880 Sed
2196 3836 2415 3880 veram
2438 3816 2788 3879 sententia}
2812 3819 2876 3877 et

577 3922 895 3988 orationis
929 3920 1206 3988 formam
1242 3945 1282 3988 a
1304 3924 1574 4009 Polybio
1614 3926 1991 3990 traductam
2028 3926 2160 3989 iam
2182 3924 2521 4007 Appianus
2545 3929 2872 3987 monstra·

575 4029 694 4095 bat
740 4028 1015 4111 (Maced.
1062 4029 1139 4095 fr.
1191 4035 1267 4095 18
1314 4053 1393 4097 ex
1440 4034 1768 4117 excerptis
1815 4032 2150 4115 Peiresc.),
2200 4054 2330 4116 quo
2391 4032 2556 4096 duce
2614 4030 2875 4114 expleta

576 4145 678 4203 est
721 4139 958 4203 lacuna
1002 4139 1067 4202 in
1115 4136 1241 4221 §6;
1289 4161 1462 4204 nunc
1510 4141 2036 4225 supplementum
2080 4140 2390 4224 Polybius
2437 4138 2871 4217 confirmat.¹)

625 4382 677 4448 ι)
715 4379 839 4449 [111‚
876 4382 938 4432 51
997 4382 1133 4432 extr.
1172 4378 1294 4433 cod.
1333 4377 1393 4431 M
1446 4396 1549 4447 pro
1605 4379 1887 4433 aiebant
1937 4379 2108 4432 habet
2162 4341 2455 4432 alebant.
2511 4377 2617 4432 Hic
2655 4394 2700 4429 ιιι
2740 4394 2873 4447 prae·

715 4465 918 4521 cedens
956 4463 1141 4521 effecit
1175 4461 1519 4531 malebat]
1591 4462 1924 4533 Repositum
1974 4465 2088 4519 hic
2145 4467 2377 4521 aiebat
2423 4480 2526 4533 pro
2573 4464 2873 4518 malebat
