3230 5282
665 636 785 691 Lib.
822 636 1014 691 XLIV.
1753 627 1874 688 698

655 809 1052 875 Macedones
1100 817 1369 893 possent
1414 833 1824 898 quorumque
1885 811 2375 877 multitudinem
2421 812 2547 895 ipsi
2593 835 2726 877 non
2774 816 2956 878 time-

645 925 821 982 rent:
893 919 1362 1002 Apparebat
1409 920 1808 999 omnibuS,
1875 919 2323 984 mercedem
2385 919 2954 986 multitudiuis

647 1026 931 1091 timere
978 1009 1603 1110 necquidquam
1644 1028 1902 1108 aliud3
1949 1028 2084 1092 sed
2121 1049 2360 1110 quum
2401 1028 2746 1092 suadere
2783 1050 2953 1093 con-

646 1133 951 1199 sulenti
1017 1156 1238 1199 nemo
1308 1136 1685 1214 auderet,
1754 1137 2217 1201 remittitur
2284 1135 2764 1218 AntigonuS,
2835 1145 2951 1202 cet.

648 1241 934 1307 Primum
980 1244 1047 1307 in
1108 1243 1333 1308 codice
1405 1244 1744 1309 scribitur:
1813 1244 2259 1309 mercedem
2325 1244 2950 1324 multitudinem,

643 1373 721 1414 ex
768 1373 897 1434 quo
944 1351 1202 1416 facilius
1248 1351 1348 1416 fit:
1419 1352 1863 1417 mercedem
1930 1353 2007 1416 in
2070 1351 2605 1417 multitudine
2664 1353 2950 1419 timere

642 1459 776 1540 (bei
845 1460 963 1524 der
1028 1460 1280 1542 Menge,
1351 1462 1407 1525 si
1486 1461 1917 1526 multitutudo
2001 1460 2532 1548 conduceretur)3
2600 1461 2951 1526 videndum

642 1576 978 1650 praeterea,
1025 1590 1106 1633 ne
1144 1569 1418 1633 timeri
1463 1570 1682 1634 Livius
1720 1571 2083 1652 scripserit3
2129 1568 2315 1634 valde
2352 1570 2523 1632 enim
2561 1570 2723 1634 dure
2762 1574 2948 1636 omit·

639 1678 803 1741 titur
849 1698 1033 1742 eum.
1127 1678 1253 1743 Sed
1299 1679 1558 1759 gravius
1604 1679 1886 1743 alterum
1932 1677 2257 1741 mendum.
2327 1676 2394 1741 Si
2442 1680 2612 1741 enim
2661 1678 2939 1744 Perseus

637 1806 868 1870 reapse
934 1807 1086 1851 suos
1156 1786 1607 1862 consuluisset,
1678 1786 1891 1849 minus
1960 1794 2105 1850 erat
2147 1785 2758 1869 reprehendendus3
2830 1808 2946 1852 nec

453 1895 605 1961 (579)
645 1894 1049 1976 intellegitur
1085 1894 1585 1976 significaturve,
1634 1914 1752 1957 cur
1797 1914 1986 1958 nemo
2033 1915 2234 1958 ausus
2274 1894 2360 1958 sit
2396 1893 2766 1958 consulenti
2800 1914 2945 1959 sua-

639 2002 820 2082 dere;
870 2004 1101 2067 saltem
1148 2024 1335 2067 vera
1381 2002 1732 2066 suadere
1780 2001 2129 2066 dicendum
2177 2008 2347 2081 erat;
2394 2000 2509 2065 sed
2546 2003 2686 2084 ipse
2722 2001 2942 2067 Livius

637 2109 1001 2193 (superiore
1048 2112 1260 2195 capite
1307 2109 1339 2193 §
1392 2109 1496 2190 12)
1544 2111 1929 2194 apparuisse
1977 2109 2216 2173 Perseo
2265 2108 2446 2186 dixit,
2493 2110 2648 2191 quid
2698 2131 2937 2188 omneS‚

638 2218 694 2280 si
742 2219 1127 2298 consuleret,
1176 2219 1431 2283 suasuri
1478 2225 1696 2283 essent
1742 2218 1859 2298 (ut,
1908 2217 2081 2299 quod
2128 2216 2413 2292 nolebat,
2459 2219 2738 2300 pecunia
2786 2217 2939 2282 data

637 2324 975 2391 Gallorum
1022 2349 1223 2411 opera
1266 2326 1609 2408 uteretur).
1678 2326 1911 2408 Itaque
1957 2326 2321 2391 consulenti
2366 2327 2500 2407 regi
2551 2332 2615 2388 et
2663 2325 2936 2390 suadere

636 2440 702 2495 et
739 2455 892 2498 vera
928 2435 1203 2500 suadere
1250 2436 1466 2518 parati
1513 2443 1719 2499 erant.
1789 2435 2162 2517 Scripserat
2195 2412 2445 2498 Livius:
2484 2455 2717 2518 quum
2754 2456 2934 2498 sua-

636 2541 821 2606 dere
858 2562 997 2606 ιιοι
1027 2544 1489 2609 consulenti
1521 2565 1744 2609 nemo
1782 2544 2144 2609 auderet.
2186 2542 2758 2626 Hocipsumdicit,
2782 2543 2934 2607 Per-

633 2672 763 2728 sea,
803 2674 1001 2734 quum
1037 2655 1252 2733 sciret,
1290 2676 1513 2719 omnes
1538 2654 1939 2719 contrarium
1977 2654 2055 2725 ei,
2087 2652 2269 2735 quod
2307 2659 2588 2734 optaret,
2621 2673 2929 2717 suasuros

632 2781 787 2840 esse,
816 2744 1203 2845 exprompta
1227 2764 1759 2851 ipsumoratione
1785 2761 1863 2826 de
1894 2761 2237 2826 Gallorum
2261 2759 2535 2843 perfidia
2560 2767 2624 2823 et
2647 2760 2928 2837 feritate,

628 2890 756 2932 non
825 2870 1223 2936 conSulendo
1293 2878 1526 2935 contra
1592 2871 1853 2935 dicendi
1920 2869 2140 2935 locum
2205 2889 2333 2933 non
2392 2867 2667 2932 dedisse.
2760 2867 2818 2931 N
2836 2889 2924 2932 on

627 2982 786 3040 ante
832 2998 971 3041 con
1021 2980 1243 3043 omissi
1288 3000 1415 3043 non
1463 2998 1617 3043 rara
1663 2979 1962 3061 exempla
2005 2984 2156 3042 sunt
2200 2985 2266 3042 et
2320 2978 2385 3040 in
2433 2973 2709 3040 aliorum
2756 2975 2927 3041 codi-

629 3084 814 3149 cibus
884 3094 949 3151 et
1015 3087 1080 3150 in
1132 3087 1327 3166 Livii,
1399 3094 1471 3151 ut
1537 3086 1619 3165 ΙΙ,
1678 3091 1779 3163 45,
1838 3094 1878 3150 4
1933 3087 1999 3151 in
2045 3086 2234 3165 Med„
2292 3086 2358 3149 in
2406 3082 2682 3161 Vindob.
2734 3083 2925 3159 XLII,

637 3198 734 3273 14,
777 3193 907 3275 8.¹)
999 3195 1096 3260 De
1154 3197 1485 3261 contrario
1547 3217 1767 3260 errore
1837 3196 1969 3259 dixi
2039 3196 2121 3261 ad
2179 3194 2285 3273 IV,
2331 3201 2387 3272 4,
2435 3198 2471 3257 9
2519 3216 2579 3275 p.
2631 3197 2733 3259 90.
2802 3192 2924 3255 Ex-

677 3472 720 3537 ¹)
757 3471 822 3526 In
862 3472 1142 3527 Ciceroris
1199 3473 1529 3527 Cluentiana
1583 3490 1627 3527 c.
1667 3477 1754 3541 45,
1802 3476 1896 3527 127
1950 3474 2238 3528 verissime
2286 3471 2591 3526 Lambinus
2648 3474 2921 3527 restituit:

763 3560 894 3611 Aut
948 3559 1127 3612 illud
1182 3559 1531 3625 adferant,
1574 3558 1843 3628 aliquid
1898 3576 2073 3625 sese,
2132 3558 2312 3627 quod
2366 3557 2443 3611 de
2496 3556 2601 3611 his
2655 3558 2920 3613 duobus

760 3643 1145 3697 habuerint
1181 3647 1637 3712 compertum,
1694 3644 1773 3698 de
1812 3645 2075 3698 ceteris
2114 3662 2246 3698 non
2293 3644 2744 3711 comperisse,
2787 3663 2918 3714 pro:

761 3729 840 3782 de
877 3730 1140 3783 ceteris
1180 3730 1625 3798 comperisse.
1701 3729 1951 3782 Postulat
1991 3729 2203 3795 Cicero,
2245 3736 2307 3782 ut
2343 3728 2688 3795 ostendatur,
2728 3746 2921 3798 reapse

755 3831 1015 3868 censores
1071 3815 1281 3885 aliquid
1336 3816 1619 3884 singulare
1673 3815 1729 3867 in
1785 3815 2005 3869 duobus
2069 3815 2176 3869 illis
2230 3813 2523 3877 iudicibus,
2579 3831 2721 3883 quos
2779 3816 2922 3869 solos

759 3902 1099 3966 notaverint,
1158 3901 1520 3970 comperisse3
1578 3900 1824 3968 alioquin
1878 3918 1938 3955 se
1976 3899 2395 3955 adfirmauit-um
2433 3898 2737 3968 siguificat,
2790 3900 2922 3954 nihil

759 3985 944 4038 valere
998 3985 1147 4039 illam
1193 3988 1409 4041 incerto
1464 4004 1691 4041 rumore
1738 4003 2058 4055 expressam
2108 3988 2471 4040 notationem.
2553 3982 2920 4054 Negationem

755 4070 1075 4126 addendam
1123 4089 1270 4139 esse,
1322 4072 1408 4126 vel
1456 4072 1632 4126 solum
1670 4090 1983 4141 pronomen
2039 4069 2309 4141 aliquid
2349 4071 2611 4139 ostendit,
2667 4089 2775 4140 pro
2814 4088 2917 4140 quo

758 4157 1006 4227 alioquin
1057 4159 1232 4211 idem
1287 4158 1585 4212 dicendum
1627 4162 1759 4212 erat.
1835 4156 1945 4211 Sed
2000 4173 2230 4226 prorsus
2269 4156 2562 4209 ridiculum
2604 4164 2688 4209 est
2723 4164 2918 4226 postu-

756 4243 889 4308 lare,
926 4249 990 4297 ut
1026 4261 1288 4299 censores
1334 4243 1608 4310 adferant,
1651 4240 1713 4297 sev
1753 4244 1902 4298 idem
1949 4242 2285 4311 comperisse
2338 4241 2409 4294 de
2446 4243 2542 4306 iis,
2598 4241 2667 4295 de
2721 4243 2918 4311 quibus

756 4329 863 4395 ipsi
918 4330 1205 4383 contraria
1258 4329 1570 4383 statuerint.
1646 4329 1810 4398 Apud
1867 4328 2137 4383 Senecam
2191 4327 2351 4381 Rhet.
2408 4326 2667 4380 Controv.
2724 4327 2798 4393 Π,
2858 4328 2914 4379 12

753 4432 805 4485 p.
868 4418 962 4470 173
998 4415 1120 4484 Bip.
1179 4414 1326 4483 [cum
1366 4412 1741 4483 Schultingio]
1793 4414 2177 4469 scribendum:
2231 4413 2306 4467 In
2350 4412 2474 4466 hac
2512 4420 2914 4468 controver-

755 4502 857 4554 sia
894 4501 1106 4554 Latro
1136 4502 1551 4555 contrariam
1590 4517 1726 4553 rem
1765 4518 1897 4553 non
1927 4500 2428 4555 controversias
2465 4500 2537 4566 (v.
2578 4516 2721 4553 rem
2759 4514 2907 4551 con·
