3230 5282
598 627 728 684 Lib.
763 626 830 681 X.
1700 611 1823 673 230

779 797 935 882 Cap.
985 801 1097 877 22,
1160 802 1235 862 4:
1305 795 1827 879 Subscripsit
1893 797 2263 862 orationi
2330 797 2501 862 eius
2560 795 2664 878 (Q.
2709 794 2919 875 Fabii,

606 907 720 989 qui
753 905 823 970 P.
861 905 1136 970 Decium
1182 904 1507 987 collegam
1552 903 1682 969 sibi
1726 903 2148 987 poposcerat)
2198 904 2492 970 consul
2516 903 2619 985 (L.
2656 902 2918 969 Volum-

601 1012 776 1095 nius)
834 1034 1002 1078 cum
1067 1013 1380 1077 meritis
1435 1011 1504 1075 P.
1550 1011 1783 1075 Decii
1838 1011 2256 1091 laudibus,
2323 1019 2519 1092 tum,
2587 1031 2763 1094 quae
2827 1033 2919 1076 ex

606 1120 1048 1187 concordia
1126 1120 1548 1185 consulum
1627 1119 1840 1184 bona
1916 1139 2251 1203 quaeque
2329 1140 2422 1184 ex
2498 1118 2921 1185 discordia

602 1227 814 1294 mala
869 1230 949 1293 in
1004 1227 1733 1293 administratione
1787 1248 2051 1292 rerum
2096 1228 2589 1293 militarium
2638 1227 2917 1292 eveni-

602 1343 816 1416 rent,
874 1335 1414 1415 memorando,
1476 1356 1710 1419 quam
1755 1356 2003 1419 prope
2050 1334 2426 1400 ultimum
2472 1335 2918 1400 discrimen

603 1445 776 1510 suis
835 1451 914 1509 et
971 1444 1310 1527 collegae
1371 1443 1964 1508 certaminibus
2010 1464 2264 1527 nuper
2306 1451 2634 1509 ventum
2679 1443 2917 1522 foret,

603 1552 1107 1617 admonendo
1179 1550 1303 1632 (sic
1359 1550 1411 1615 P
1467 1549 1867 1633 reliquique,
1935 1550 2005 1614 M
2071 1549 2291 1616 foret
2327 1547 2916 1632 'etmonendo)

601 1658 1476 1742 DeciumFabiumque,
1521 1663 1608 1722 ut
1664 1679 1822 1723 uno
1868 1659 2155 1738 animo,
2199 1680 2358 1724 una
2400 1665 2662 1724 mente
2707 1660 2918 1723 vive-

600 1773 812 1847 rent3
860 1788 1045 1833 esse
1089 1772 1500 1849 praeterea
1543 1766 1758 1831 viros
1796 1771 2033 1831 natos
2066 1766 2384 1831 militiae
2419 1772 2543 1832 cet.
2605 1766 2819 1832 Multa
2852 1768 2918 1831 in

600 1873 703 1940 his
739 1882 892 1940 sunt
923 1876 1103 1953 vitia,
1138 1875 1420 1958 primum
1457 1873 1685 1952 levius,
1739 1873 1807 1956 [a
1829 1872 2092 1938 Dukero
2128 1872 2706 1957 animadversum],
2740 1874 2918 1959 quod

601 1983 1120 2048 memorando
1158 1981 1323 2047 duas
1359 1983 1725 2047 sententias
1760 1982 1951 2064 regit,
1986 1982 2266 2047 alteram
2288 1983 2787 2066 praecedentem,
2822 1982 2917 2047 al-

599 2095 813 2155 teram
849 2091 1376 2173 subsequentem,
1423 2090 1561 2154 sine
1598 2088 1756 2168 ulla,
1803 2110 1948 2173 quae
1983 2089 2052 2153 id
2089 2095 2381 2168 excuset,
2428 2090 2660 2173 figura,
2696 2096 2920 2155 cetera

601 2199 1011 2281 gravissima,
1055 2197 1232 2280 quod
1265 2197 1512 2262 Fabius
1549 2202 1615 2261 et
1652 2196 1912 2276 Deciu8‚
1962 2196 2074 2279 qui
2111 2218 2370 2281 semper
2405 2198 2917 2263 concordissime

599 2327 707 2371 res
743 2311 1104 2389 gesserant,
1143 2305 1600 2385 admonentur,
1637 2311 1713 2369 ut
1749 2305 2160 2369 concorditer
2194 2306 2433 2384 vivant,
2469 2305 2703 2370 deinde
2738 2305 2917 2388 quod

601 2413 866 2478 omnino
931 2433 1156 2477 eorum
1209 2411 1348 2476 ulla
1392 2411 1754 2478 admonitio
1799 2413 2273 2497 interponitur3
2339 2414 2407 2478 in
2451 2413 2697 2497 populo
2744 2414 2919 2478 enim

602 2520 1014 2585 admonendo
1072 2521 1281 2585 omnis
1339 2526 1643 2613 versatur
1701 2521 1945 2599 oratio,
2012 2526 2088 2584 ut
2142 2519 2295 2586 illos
2353 2521 2657 2586 consules
2706 2528 2916 2602 creet3

597 2650 718 2694 nec
763 2627 1182 2694 Volumnium
1245 2627 1395 2694 illos
1452 2627 1754 2711 adloqui,
1823 2628 1937 2693 sed
1984 2627 2066 2693 de
2110 2627 2242 2693 illis
2287 2627 2667 2712 loquentem
2711 2630 2918 2696 ratio-

599 2758 748 2801 nem
793 2735 1071 2814 adferre,
1132 2756 1248 2800 cur
1294 2736 1561 2801 creandi
1609 2738 1761 2817 sint,
1818 2735 2182 2802 clarissime
2232 2737 2705 2817 demonstrant,
2769 2758 2916 2822 quae

603 2844 1071 2910 subiiciuntur:
1141 2864 1317 2909 esse
1363 2850 1769 2927 praeterea
1815 2851 1937 2909 cet.
2048 2843 2222 2909 Haec
2251 2846 2413 2910 vitia
2456 2844 2806 2928 Ussingius
2851 2851 2918 2911 et

594 2952 760 3017 vidit
803 2959 871 3018 et
915 2951 1185 3017 sustulit
1227 2951 1354 3015 hac
1400 2950 1888 3017 emendatione:
1958 2973 2188 3034 quam
2245 2974 2498 3037 prope
2545 2953 2918 3018 ultimum

599 3059 1044 3125 discrimen
1095 3095 1184 3105 —
1239 3067 1555 3125 ventum
1632 3059 1875 3138 foret,
1958 3059 2496 3125 admonendo:
2586 3059 2916 3126 Decium

599 3167 1103 3250 Fabiumque
1181 3191 1335 3234 uno
1416 3169 1711 3245 animo,
1790 3188 1947 3231 una
2014 3173 2280 3232 mente
2346 3155 2652 3250 vivere3
2731 3189 2913 3234 esse

598 3282 1003 3359 praeterea
1049 3282 1171 3341 cet.
1264 3274 1476 3352 Quum
1522 3274 1853 3340 Decium
1895 3274 2400 3359 Fabiumque
2444 3276 2716 3342 nomina
2760 3296 2913 3341 cum

599 3382 1102 3448 admonendo
1171 3382 1413 3447 obiecti
1486 3381 1633 3448 loco
1706 3384 2055 3448 coniuncta
2123 3389 2374 3462 essent,
2461 3384 2761 3449 additum
2831 3390 2919 3448 ut

597 3489 977 3571 factumque
1026 3490 1410 3554 viverent.
1470 3488 1719 3572 (1861.)
1810 3490 1940 3556 Sed
1978 3491 2489 3556 memorando
2525 3491 2916 3557 -admo-

597 3597 876 3662 mendo
928 3596 1203 3661 obscure
1256 3603 1322 3661 et
1364 3597 1599 3662 vitiose
1645 3598 1782 3662 sine
1830 3597 2070 3682 copula
2116 3598 2633 3682 coniunguntur3
2688 3600 2916 3681 itaque

596 3711 776 3769 recte
846 3703 1192 3786 Siesbyeus
1273 3724 1673 3788 quamque
1753 3705 2167 3771 scribendum
2235 3708 2537 3772 coniecit.
2664 3704 2915 3788 (1875.)

600 3809 789 3895 [Quae
834 3817 1068 3895 postea
1112 3812 1683 3877 Weissenbornius
1728 3813 2038 3892 tentavit,
2102 3834 2143 3877 a
2188 3816 2519 3878 sententia
2562 3812 2918 3879 manifesta

599 3919 928 3999 aberrant,
976 3925 1043 3984 et
1088 3927 1320 4004 aperta
1363 3921 1507 3985 vitii
1553 3922 1736 4002 origo
1780 3918 2272 4004 neglegitur.]¹)

656 4187 704 4257 ¹)
745 4187 898 4258 [Cap.
935 4192 1020 4255 23,
1066 4191 1098 4243 ὅ
1135 4208 1305 4260 quum
1344 4196 1514 4246 esset:
1570 4208 1692 4246 nec
1739 4209 1808 4247 se
1854 4191 1992 4245 viri
2035 4191 2462 4245 honorumve
2498 4192 2645 4246 eius
2680 4220 2749 4231 --
2784 4209 2917 4262 Ρω-

734 4274 978 4342 nitere,
1024 4292 1180 4329 vero
1217 4276 1671 4346 gloriaretur,
1719 4295 1766 4331 a.
1810 4278 1938 4331 1861
1979 4277 2179 4347 scripsi
2215 4292 2284 4329 cx
2319 4293 2502 4345 ver0,
2551 4276 2913 4346 quemadmo-

738 4359 872 4413 dum
924 4377 1027 4429 pro
1087 4359 1369 4415 adverbiis
1418 4361 1748 4417 dicerentur
1796 4379 1877 4415 ex
1931 4378 2374 4431 supervacuo
2418 4361 2509 4429 Π,
2565 4365 2660 4430 8'7,
2713 4365 2777 4430 8,
2834 4379 2916 4417 ex

737 4450 986 4514 aperto
1020 4443 1173 4512 XXI,
1228 4448 1312 4512 32,
1372 4448 1459 4514 10,
1516 4464 1594 4501 ex
1637 4452 1794 4502 tuto
1830 4445 2033 4515 XXVI,
2087 4449 2173 4510 38,
2209 4448 2260 4514 6,
2300 4463 2377 4501 ex
2422 4464 2598 4501 vano
2635 4445 2913 4515 XXXIII,
