3230 5282
685 596 808 651 Lib.
845 597 1014 651 XLII.
1773 588 1896 650 634

687 768 993 866 difficilis,
1084 770 1321 837 Editur
1377 772 1575 838 enim:
1646 772 2252 857 mittendosque
2312 772 2408 837 ad
2474 794 2735 856 regem
2777 773 2961 856 (Gen-

686 879 849 942 tium
887 879 1135 961 patres)
1174 882 1499 963 legatos
1546 863 2065 958 censuerunt,
2114 883 2248 964 qui
2294 882 2795 962 nuntiarent,
2841 883 2964 965 qui

689 988 891 1051 socii
960 997 1494 1071 quererentur
1539 988 1748 1072 apud
1808 997 2204 1068 senatum,
2264 995 2631 1054 exustum
2699 1011 2739 1054 a
2793 1012 2961 1075 rege

687 1113 988 1176 agrum,
1058 1118 1208 1161 non
1255 1119 1555 1181 aequum
1603 1118 1775 1161 eum
1821 1096 2119 1176 facere,
2181 1098 2314 1181 qui
2362 1098 2457 1162 ab
2506 1099 2759 1163 sociis
2805 1101 2962 1163 suis

686 1223 835 1267 non
881 1202 1338 1270 abstineret
1383 1207 1777 1270 iniuriam.
1868 1205 2148 1270 Etiamsi
2196 1205 2340 1270 cum
2387 1205 2714 1270 Gronovio
2762 1207 2961 1289 quod

688 1312 893 1376 socii
939 1313 1189 1378 scribas
1237 1313 1404 1394 (sine
1453 1335 1580 1396 quo
1628 1311 1841 1378 oratio
1888 1335 2016 1378 non
2062 1312 2406 1393 cohaeret),
2475 1316 2696 1398 inepte
2755 1322 2965 1380 tamen

510 1426 953 1496 (522).senatus
999 1422 1065 1485 in
1113 1422 1378 1486 decreto
1424 1422 1750 1487 rhetorice
1796 1427 2063 1486 ustum
2124 1443 2355 1505 agrum
2401 1422 2605 1500 dicat,
2665 1425 2776 1504 qui
2825 1432 2965 1488 ante

682 1528 751 1591 in
795 1529 1075 1612 querelis
1136 1531 1487 1614 populatus
1547 1530 1811 1610 dicitur3
1880 1536 2241 1594 exustum
2285 1551 2560 1613 agrum
2604 1552 2792 1595 nemo
2841 1554 2966 1595 um-

684 1659 879 1720 quam
925 1638 1117 1716 dixit3
1160 1640 1218 1703 is
1264 1640 1436 1704 enim
1481 1641 1628 1720 igne
1675 1645 2104 1722 consumptus
2150 1637 2657 1721 intellegeretur.
2748 1639 2825 1704 In
2872 1660 2967 1704 co-

683 1745 825 1810 dice
861 1753 989 1810 est:
1024 1748 1206 1829 quis
1245 1748 1447 1811 socii
1485 1751 2026 1830 quererentur
2059 1753 2430 1811 senatum
2463 1754 2965 1813 exustumare

681 1876 831 1918 non
898 1877 1134 1920 aecum
1203 1877 1372 1919 eum
1438 1854 1744 1934 facere,
1812 1861 1932 1919 cet.
2037 1853 2524 1938 Praepositionis
2592 1856 2799 1938 apud
2868 1864 2970 1920 aut

682 1963 1075 2028 substantivi
1143 1985 1413 2046 agrum
1481 1963 1821 2045 vestigium
1888 1961 2141 2037 nullum
2208 1969 2326 2026 est.
2420 1962 2688 2028 Duabus
2733 1963 2969 2029 litteris

681 2074 953 2137 mutatis
1000 2072 1103 2136 fit:
1176 2074 1308 2154 qui
1354 2073 1863 2148 nuntiarent,
1924 2071 2103 2147 quid
2151 2072 2352 2135 socii
2397 2080 2967 2152 quererentur3

680 2188 1048 2245 senatum
1095 2181 1590 2258 existumare,
1657 2200 1807 2244 non
1876 2199 2177 2260 aequum
2235 2200 2405 2243 eum
2472 2179 2773 2259 facere,
2845 2181 2969 2265 qui

680 2289 773 2353 ab
844 2285 1188 2353 sociis‘s.
1238 2310 1297 2350 n.
1345 2308 1401 2351 a.
1449 2289 1581 2352 ini.
1674 2287 1884 2352 Notus
1954 2295 2054 2352 est
2119 2286 2468 2351 verborum
2536 2289 2971 2366 existimandi,

680 2395 1070 2470 arbitrandi,
1120 2396 1425 2460 censendi
1470 2397 1537 2460 in
1586 2395 1868 2461 decretis
1923 2417 2111 2474 usus3
2160 2395 2693 2460 existumabit
2760 2405 2973 2462 vetere

677 2506 931 2569 ratione
1001 2506 1317 2588 scriptum
1385 2506 1449 2569 in
1517 2504 1740 2569 codice
1787 2526 1840 2569 c.
1890 2508 1988 2582 29,
2036 2508 2092 2568 6.
2184 2501 2215 2586 ξ
2267 2509 2302 2567 7
2371 2510 2737 2587 sequuntur
2805 2505 2971 2570 haec:

679 2613 792 2679 Ex
836 2614 1023 2678 Asia
1068 2613 1448 2697 —legati
1493 2612 1940 2692 redierunt,
1989 2613 2125 2695 qui
2172 2615 2787 2691 renuntiarunt,
2838 2614 2972 2679 Eu-

680 2744 976 2788 menem
1020 2725 1096 2786 in
1143 2744 1258 2799 ea,
1327 2722 1814 2787 Antiochum
1870 2723 1947 2785 in
2016 2721 2269 2805 Syria,
2337 2722 2858 2787 Ptolemaeum
2902 2724 2973 2786 in

679 2831 1181 2897 Alexandria
1249 2852 1423 2896 sese
1493 2831 1990 2895 convenisse.
2082 2829 2157 2893 In
2217 2830 2439 2895 codice
2498 2832 2591 2895 sic
2638 2831 2972 2896 scribitur:

676 2976 762 2985 —
807 2948 1070 3017 erant,
1137 2940 1570 3004 redierunt
1625 2938 1873 3022 legati
1920 2939 2056 3019 qui
2102 2939 2530 3003 redierunt
2575 2938 2974 3005 Eumenen

677 3050 807 3114 ine
876 3049 1358 3113 Anthiocum
1426 3055 1545 3111 cet.
1652 3047 1842 3125 Quod
1912 3047 2474 3111 Weissenbornius
2519 3068 2671 3134 ‚pro
2739 3049 2817 3112 in
2891 3068 2976 3112 ea

679 3160 860 3240 (nam
907 3158 1189 3222 alterum
1235 3176 1271 3219 a
1314 3158 1379 3220 in
1429 3156 1568 3220 cod.
1618 3156 1952 3220 intercidit
1996 3162 2148 3220 ante
2196 3155 2469 3220 eandem
2516 3155 2835 3237 litteram)
2881 3177 2976 3221 re-

678 3267 1079 3332 stituendum
1123 3265 1250 3329 loci
1297 3286 1532 3328 nomen
1577 3271 1796 3347 putat,
1854 3265 1967 3328 ubi
2013 3263 2370 3328 Eumenem
2416 3264 2617 3346 legati
2662 3285 2975 3330 convene-

675 3377 840 3452 rint,
890 3396 968 3439 ea
1016 3372 1400 3456 significatio
1450 3374 1612 3437 satis
1660 3373 1831 3437 inest
1889 3374 1955 3436 in
2021 3371 2133 3435 illo
2193 3374 2597 3454 pronomine.
2688 3374 2859 3437 Nam
2905 3395 2977 3437 ex

677 3483 837 3547 Asia
874 3503 970 3559 ea,
1012 3502 1154 3563 quae
1192 3483 1453 3564 proprie
1491 3489 1556 3545 et
1592 3482 1917 3564 praecipue
1957 3480 2434 3564 appellabatur,
2467 3482 2717 3546 redisse
2756 3481 2975 3547 dicun-

674 3597 784 3654 tur
829 3590 1120 3654 Eumene
1189 3589 1280 3653 ibi
1348 3589 1762 3670 convento.¹)
1852 3589 2191 3653 Postremo
2260 3587 2599 3675 {abbi
2645 3592 2713 3654 in
2782 3591 2973 3655 editis

675 3699 1012 3764 scribitur:
1062 3704 1137 3761 et
1185 3698 1565 3762 civitates
1611 3699 1889 3762 socias
1926 3697 2226 3777 adisse;
2278 3706 2598 3762 ceteras
2636 3702 2846 3763 satis
2891 3697 2974 3761 fi-

679 3807 849 3885 daS,
930 3806 1142 3869 solos
1213 3806 1575 3871 Rhodios
1660 3806 2163 3870 fluctuantes
2244 3841 2328 3850 —
2394 3806 2840 3885 invenisse,
2912 3809 2974 3869 in

674 3914 814 3979 cod.
865 3922 991 3979 est:
1040 3914 1244 3978 satis
1302 3913 1516 3978 fidas
1576 3915 1848 3979 socios
1905 3913 2370 3994 fluctuatis;
2429 3918 2733 3997 oportuit
2775 3917 2975 4000 scrip-

729 4214 771 4279 ¹)
810 4214 882 4267 In
923 4215 1345 4271 Alexandria
1395 4234 1497 4285 pro
1538 4217 1970 4271 Alexandrioe
2024 4224 2218 4270 natum
2267 4224 2350 4271 est
2399 4236 2465 4271 ex
2521 4220 2715 4272 ultima
2770 4219 2964 4273 littera

796 4296 1054 4353 'nominis
1111 4302 1588 4370 Ptolemaeum,
1646 4304 2002 4371 praecedente
2055 4305 2369 4371 praesertim
2420 4306 2504 4358 bis
2550 4306 2634 4358 in.
2709 4303 2868 4371 Quod
2916 4306 2971 4357 in

817 4385 1013 4454 Syria
1048 4388 1338 4455 praecedit,
1375 4388 1502 4441 ideo
1532 4406 1649 4442 non
1675 4390 1852 4457 magis
1891 4389 2002 4441 dici
2030 4390 2213 4457 potuit
2251 4390 2319 4444 in
2355 4390 2778 4444 Alexandria
2810 4408 2974 4459 quam

816 4471 1033 4525 Romae
1074 4472 1709 4541 Syracusarumque
1744 4491 1846 4543 pro
1885 4475 2108 4528 Romae
2146 4473 2664 4545 Syracusisque.
