3230 5282
534 602 659 655 Lib.
697 602 810 656 XL.
1630 594 1754 655 570

708 772 865 857 Cap.
919 781 1013 854 15,
1089 782 1114 839 1
1180 784 1245 841 et
1304 782 1340 840 2
1399 778 1492 858 (in
1538 776 1765 841 eadem
1827 777 2145 842 Demetrii
2213 774 2568 857 oratione):
2635 775 2841 852 Quin

534 887 653 958 tu,
702 883 1002 946 omissa
1047 883 1206 946 ista
1250 890 1651 948 nocturna
1694 884 1996 962 fabula,
2045 884 2147 947 ad
2192 882 2290 959 id,
2340 882 2552 965 quod
2589 881 2834 960 doles,

533 989 744 1070 quod
792 990 1182 1054 invidiam
1226 992 1413 1069 urit,
1459 993 1962 1056 reverteris?
2015 990 2204 1069 „Cur
2240 1010 2575 1072 usquam
2609 989 2836 1073 regni

532 1096 654 1159 tui
702 1099 1004 1161 mentio
1051 1096 1167 1174 fit,
1214 1098 1622 1163 Demetri?
1691 1098 1843 1163 Cur
1888 1099 2213 1181 dignior
2259 1098 2523 1180 patris
2567 1096 2835 1162 fortu-

532 1223 644 1266 nae
703 1224 1137 1269 successor
1203 1206 1692 1287 quibusdam
1762 1207 2081 1271 videris
2128 1226 2361 1288 quam
2407 1204 2597 1286 ego?
2686 1203 2835 1267 Cur

532 1331 750 1392 spem
795 1333 1045 1376 meam
1090 1347 1156 1356 -
1214 1313 1539 1377 dubiam
1589 1322 1666 1378 et
1710 1314 2155 1379 sollicitam
2200 1311 2492 1376 facis?·‘
2545 1311 2833 1375 Primum

531 1421 903 1483 necessario
953 1441 986 1483 e
1035 1419 1220 1483 codd.
1273 1442 1502 1484 novem
1539 1419 2060 1486 Drakenborchii
2110 1420 2218 1500 (de
2252 1419 2317 1483 M
2355 1419 2643 1499 tacetur)
2679 1419 2836 1482 scri-

535 1524 821 1588 bendum
868 1527 1211 1604 invidia,
1258 1528 1545 1591 ablativo
1594 1549 1781 1604 casu3
1838 1549 2050 1612 neque
2098 1527 2266 1592 enim
2315 1527 2530 1589 uritur
2574 1525 2833 1601 invidia,

534 1631 648 1695 sed
695 1633 1068 1697 incenditur
1114 1644 1180 1698 et
1226 1634 1700 1713 inflammatum
1767 1637 1916 1718 ipsa
1958 1636 2111 1699 urit.
2202 1633 2453 1698 Deinde
2511 1654 2640 1697 non
2699 1633 2834 1696 sine

533 1759 735 1803 causa
782 1739 1149 1805 Gronovius
1195 1740 1464 1806 haesisse
1511 1743 1772 1807 videtur
1838 1744 1905 1807 in
1974 1743 2088 1806 illo
2147 1742 2372 1823 regni
2439 1740 2594 1818 tui3
2665 1737 2833 1821 quod

529 1852 605 1910 ut
668 1847 1097 1930 intellegatur
1143 1848 1223 1913 de
1280 1849 1502 1913 futuro
1550 1857 1615 1915 et
1677 1857 1941 1934 sperato
1998 1850 2318 1914 Demetrii
2386 1868 2619 1929 regno,
2675 1867 2835 1930 prae-

528 1959 831 2034 terquam
880 1955 1060 2037 quod
1107 1955 1336 2020 durum
1387 1965 1503 2035 est,
1537 1958 1734 2022 nimis
1773 1965 1998 2041 aperte
2045 1965 2112 2021 et
2149 1977 2292 2021 cum
2333 1953 2690 2020 offensione
2725 1974 2837 2016 no-

530 2062 836 2140 minatur,
884 2063 1060 2145 quod
1109 2063 1344 2128 deinde
1391 2064 1738 2129 verborum
1786 2064 2174 2147 ambagibus
2230 2062 2640 2145 significatur
2688 2062 2837 2143 (pa-

359 2170 696 2245 (465)tris
751 2168 1103 2234 fortunae
1160 2191 1586 2236 successor
1654 2207 1736 2215 —
1804 2194 2015 2255 spem
2071 2170 2378 2250 meam);
2445 2190 2658 2252 neque
2726 2168 2836 2231 ad-

528 2277 792 2341 modum
840 2283 1066 2361 aptum
1114 2298 1452 2359 usquam
1500 2279 1882 2343 adverbium
1926 2280 2218 2357 videtur;
2263 2279 2489 2360 itaque
2535 2276 2677 2340 fieri
2722 2298 2835 2359 po-

528 2390 680 2462 test,
728 2392 803 2448 ut
845 2384 1064 2449 Livius
1113 2385 1452 2467 scripserit
1494 2392 1783 2450 tantum:
1846 2385 1999 2451 Cur
2045 2406 2374 2468 usquam
2421 2385 2513 2461 (in
2558 2383 2698 2446 ulla
2740 2382 2835 2464 re)

530 2493 648 2557 tui
695 2493 995 2557 mentio
1041 2492 1162 2571 fit,
1222 2492 1626 2557 Demetri?
1694 2494 1956 2557 Nullam
2005 2495 2177 2557 enim
2224 2493 2485 2557 omnino
2518 2490 2836 2555 Demetrii

530 2601 858 2666 rationem
901 2599 1133 2665 haberi
1179 2601 1655 2665 mentionemve
1711 2601 1852 2666 fieri
1899 2600 2142 2666 Persea
2187 2599 2352 2665 velle
2410 2598 2834 2681 significatur.

532 2706 791 2773 Certior
836 2716 1054 2772 tamen
1102 2716 1201 2772 est
1236 2711 1555 2773 correctio
1592 2709 1970 2774 adhibenda
2014 2708 2213 2792 paulo
2250 2714 2397 2791 post
2444 2705 2504 2789 (ἓ
2556 2708 2684 2788 10),
2732 2707 2840 2772 ubi

532 2817 626 2881 sic
672 2816 919 2881 editur:
993 2814 1073 2879 Si
1130 2815 1321 2880 mihi
1391 2824 1633 2900 pater
1679 2822 2228 2895 suscenseret,
2292 2822 2399 2893 te,
2448 2816 2841 2879 maiorem

529 2923 904 3002 fratrem,
953 2945 1094 3007 pro
1141 2925 1445 2989 minore
1493 2924 1932 3007 deprecari
1979 2922 2449 3007 oportebat,
2507 2928 2584 2987 te
2653 2922 2842 2987 ado-

531 3031 981 3109 lescentiae,
1030 3038 1106 3095 te
1154 3032 1415 3094 errori
1461 3032 1772 3095 veniam
1819 3033 2287 3114 impetrare.
2380 3029 2466 3092 In
2525 3050 2644 3109 eo,
2703 3030 2837 3094 ubi
2906 3055 2911 3063 ·

532 3140 1001 3222 praesidium
1070 3159 1249 3202 esse
1317 3139 1781 3221 oportebat,
1839 3139 1957 3203 ibi
2019 3139 2353 3203 exitium
2401 3144 2543 3201 est.
2633 3137 2836 3202 Mani·

529 3245 700 3311 festo
746 3247 1053 3309 vitiosum
1100 3253 1202 3309 est
1268 3246 1346 3308 in
1413 3268 1501 3310 eo
1568 3282 1654 3291 -—
1719 3247 1869 3327 ibi3
1937 3247 2160 3330 itaque
2219 3244 2561 3310 Creverius
2618 3247 2693 3309 in
2753 3266 2836 3309 eo

530 3352 678 3417 tolli
725 3352 1018 3430 volebat,
1066 3334 1362 3416 Bauerus
1423 3375 1542 3436 pro
1590 3375 1665 3419 eo
1714 3355 1911 3419 scribi
1969 3375 2198 3419 nunc.
2288 3352 2510 3416 Livius
2558 3354 2833 3435 scripse-

532 3467 667 3525 rat:
735 3466 814 3524 te
860 3461 1125 3523 errori
1191 3462 1499 3527 veniam
1559 3464 2007 3544 impetrare
2066 3480 2241 3531 neo.
2332 3458 2485 3524 Ubi
2552 3461 2839 3544 praesi-

536 3567 751 3632 dium
798 3573 920 3631 cet.
990 3566 1241 3632 Eadem
1287 3571 1692 3634 correctione
1740 3569 1935 3651 (meo
1981 3591 2103 3653 pro
2148 3570 2227 3633 in
2273 3566 2389 3649 eo)
2426 3567 2581 3632 olim
2618 3567 2837 3632 sanavi

555 3739 691 3746 -lffi--ae

669 3853 871 3890 unum
926 3836 1128 3905 diem,
1176 3855 1308 3893 non
1345 3840 1606 3893 milites
1644 3855 1826 3893 meos
1865 3840 2376 3904 abstinuissem,
2413 3838 2724 3892 tollendum
2759 3841 2841 3891 est

670 3922 937 3975 milites
973 3922 1119 3976 male
1157 3922 1408 3978 additum
1459 3924 1530 3978 ad
1567 3941 1885 3993 pronomen
1937 3942 2119 3978 meos
2167 3925 2425 3978 absolute
2469 3925 2716 3993 positum
2752 3909 2876 3978 de-'

670 4007 1010 4061 clarandum.
1086 4006 1486 4077 Significantur
1531 4010 1698 4062 amici
1734 4009 2010 4064 Demetrii
2048 4014 2106 4063 et
2152 4009 2388 4065 sodales.
2460 4009 2671 4063 Milites
2711 4025 2840 4062 suos

670 4092 778 4146 nisi
814 4093 1123 4161 imperator
1159 4098 1257 4147 aut
1291 4093 1595 4163 praefectus
1644 4111 2086 4149 commemorare
2132 4113 2246 4149 non
2282 4099 2489 4165 potest.
2564 4092 2595 4162 ἓ
2633 4096 2666 4148 9
2702 4094 2835 4147 scri·

669 4177 916 4230 bendum
963 4178 1209 4233 videtur:
1261 4207 1333 4218 —
1382 4180 1758 4232 miscueris.
1839 4182 1929 4234 At
1979 4181 2258 4249 explica
2303 4186 2409 4234 cet.
2447 4179 2669 4247 (vulgot
2707 4180 2842 4231 Aut

671 4262 871 4331 expl.)
941 4262 1139 4331 Neque
1176 4264 1325 4317 enim
1360 4264 1470 4318 hoc
1507 4263 1735 4316 additur
1771 4265 1841 4317 ad
1879 4282 2064 4319 causae
2102 4264 2428 4319 mixtionem
2477 4262 2839 4318 refellendam

668 4346 837 4414 (aut,
893 4348 946 4399 si
999 4348 1292 4402 miscere
1345 4350 1476 4415 vis,
1516 4348 1830 4416 explica),
1871 4350 1969 4403 sed
2007 4349 2078 4403 ad
2115 4366 2321 4403 novum
2358 4350 2444 4403 rei
2479 4349 2659 4407 totins
2693 4346 2842 4402 ficto

667 4437 1060 4500 argumentum
1099 4434 1389 4486 transitur.
1434 4432 1606 4501 1865]
