3230 5282
1523 559 1645 619 579
2452 571 2575 626 Lib.
2613 570 2730 625 XL.

425 747 547 804 cet.
619 739 726 804 Sic
770 741 908 805 haec
955 742 1248 806 narratio
1293 743 1542 826 incipit,
1591 744 1781 826 quasi
1827 741 1900 805 A.
1936 741 2313 806 Postumius
2350 747 2417 805 et
2452 741 2537 806 M.
2577 742 2733 807 Ful-

423 849 562 912 vius
610 850 960 913 communi.
1009 857 1075 913 et
1132 851 1280 932 pari
1335 850 1610 933 imperio
1671 851 1991 915 exercitui
2048 848 2487 932 praefuerint,⁴
2522 849 2731 915 donec

424 955 724 1020 consules
795 958 1120 1037 venirent3
1188 958 1425 1023 deinde
1493 962 1713 1023 autem
1770 958 1855 1023 M.
1918 957 2183 1021 Fulvius
2242 977 2372 1021 non
2429 979 2551 1040 pro
2608 957 2733 1023 hoc

423 1063 698 1147 imperio
746 1066 910 1146 agit,
956 1065 1072 1128 sed
1131 1071 1206 1128 ut
1260 1087 1430 1130 unus
1478 1087 1558 1129 ex
1605 1066 1906 1130 secundae
1952 1064 2229 1147 legionis
2274 1063 2576 1145 tribunis,
2625 1086 2733 1129 ex-

423 1178 718 1253 spectato
786 1180 1080 1256 tempore
1150 1181 1215 1237 et
1276 1174 1654 1252 occasione,
1703 1195 1903 1257 quum
1963 1174 2100 1237 suis
2160 1172 2495 1239 mensibus
2562 1173 2732 1238 hanc

422 1301 620 1345 unam
684 1281 1006 1363 legionem
1077 1290 1336 1363 regeret
1404 1281 1515 1363 (-—
1581 1303 1732 1346 nam
1801 1302 1920 1365 per
1987 1282 2158 1346 vices
2225 1282 2472 1348 tribuni
2538 1282 2730 1347 binos

418 1409 674 1452 menses
730 1388 971 1470 legioni
1027 1397 1356 1473 praeerant
1410 1387 1541 1469 -—),
1598 1390 1919 1472 legionem
1978 1389 2302 1455 dimisisse
2350 1391 2591 1460 dicitur
2634 1390 2732 1453 id-

421 1517 544 1577 que
592 1497 731 1561 eius
777 1497 1025 1561 factum
1073 1498 1143 1561 A.
1183 1498 1558 1563 Postumius
1606 1519 1724 1580 pro
1770 1500 2044 1583 imperio
2080 1498 2530 1582 reprehendit3
2576 1497 2730 1562 Ful-

421 1605 561 1667 vius
621 1605 687 1668 in
733 1603 1119 1688 Hispaniam
1174 1606 1352 1670 ultra
1397 1604 1866 1689 Carthaginem
1912 1606 2160 1672 Novam
2229 1606 2562 1689 relegatus
2609 1613 2729 1684 est,

414 1719 753 1793 tamquam
800 1715 915 1796 qui
961 1714 1112 1797 plus
1148 1714 1273 1779 sibi
1317 1715 1479 1779 iuris
1525 1722 1923 1797 arrogasset,
1971 1737 2168 1797 quam
2212 1715 2508 1780 haberet.
2578 1714 2731 1780 Per-

416 1820 713 1902 spicuum
759 1828 863 1888 est
907 1823 1137 1906 igitur,
1186 1844 1387 1887 unum
1435 1823 1503 1885 A.
1553 1822 1959 1887 Postumium
2007 1824 2326 1888 exercitui
2370 1821 2729 1906 proefuisse,

416 1928 714 1993 Fulvium
768 1930 1017 1995 nullam
1084 1930 1264 1997 ultra
1328 1930 1742 1995 tribunatum
1809 1931 2093 1996 militum
2149 1937 2549 2015 potestatem
2615 1929 2730 1995 ha-

413 2035 636 2101 buisse
697 2036 1029 2121 [idemque
1089 2040 1438 2122 perspicue
1507 2038 1851 2104 confirmat
1910 2039 2125 2104 Valer.
2183 2040 2357 2104 Max.
2404 2038 2486 2119 11,
2533 2043 2590 2117 7,
2639 2036 2727 2120 5].

410 2143 551 2208 Iam
596 2146 665 2208 in
722 2145 1012 2211 editione
1056 2146 1447 2230 Moguntina
1489 2147 1557 2211 in
1615 2147 1804 2212 initio
1860 2147 1991 2211 loci
2047 2147 2238 2212 abest
2293 2149 2510 2230 ipsum
2564 2145 2730 2210 illud

412 2257 491 2315 et
516 2251 697 2332 (ante
733 2253 1045 2335 frater),
1092 2277 1220 2338 quo
1258 2254 1582 2320 Postumii
1617 2260 1685 2319 et
1721 2254 1805 2319 M.
1843 2256 2055 2320 Fulvii
2089 2256 2357 2320 nomina
2388 2261 2729 2339 tamquam

410 2360 672 2438 parium
729 2362 1154 2444 copulantur3
1221 2361 1456 2428 deinde
1515 2370 1739 2427 autem
1809 2363 2015 2454 (quod
2083 2384 2124 2427 a
2190 2361 2727 2427 Drakenborchio

409 2467 778 2549 neglectum
888 2471 1231 2536 adnotavit
1319 2472 1735 2556 Kreyssigius
1815 2472 1900 2536 ad
1979 2471 2144 2536 Livii
2220 2469 2368 2535 libr.
2445 2469 2727 2535 XXXIII

410 2596 472 2658 p.
533 2574 769 2659 CXXI)
839 2579 1176 2645 scribitur:
1257 2581 1325 2647 is
1395 2587 1572 2645 erat
1641 2579 2059 2646 mensibus
2130 2579 2317 2661 (nont
2386 2585 2595 2659 erat;
2662 2579 2732 2644 is

409 2686 854 2768 mensibus)
954 2687 1122 2753 Hinc
1181 2690 1477 2755 nascitur
1519 2689 1661 2754 haec
1722 2690 2075 2754 correctio:
2147 2722 2231 2732 —
2285 2695 2610 2768 praerat
2652 2688 2727 2751 A.

410 2791 897 2860 Postumius.
988 2796 1275 2862 Frater
1335 2797 1407 2874 Q.
1466 2797 1740 2863 Fulvii
1784 2797 1870 2861 M.
1938 2795 2277 2860 Fulvius
2342 2796 2732 2861 Nobilior

410 2900 807 2980 (secundae
853 2905 1210 2987 legionis
1256 2906 1647 2971 tribunus
1692 2905 2045 2970 militum
2091 2905 2160 2968 is
2197 2903 2401 2985 erat)
2439 2904 2729 2968 mensi-

410 3011 553 3075 bus
599 3011 772 3076 suis
819 3012 1129 3077 dimisit
1174 3014 1569 3095 legionem
1618 3021 1741 3079 cet.
1833 3012 2037 3077 Omisi
2093 3032 2334 3076 nomen
2390 3010 2729 3076 Fulvius

411 3139 632 3183 errore
679 3126 794 3184 aut
838 3121 1302 3204 interpolando
1348 3128 1504 3204 post
1545 3121 1903 3204 legionis
1947 3120 2318 3202 repetitum.
2390 3117 2458 3182 Si
2503 3119 2572 3183 in
2618 3141 2723 3184 co-

410 3225 553 3290 dice
577 3226 724 3305 fuit,
750 3230 927 3309 quod
951 3229 1319 3294 Frobenius
1345 3228 1585 3294 edidit:
1612 3229 1900 3307 eratis,
1926 3227 2129 3292 scribi
2163 3226 2388 3291 debet:
2434 3227 2729 3292 Frater

411 3332 484 3410 Q.
531 3335 797 3401 Fulvii
841 3337 926 3402 M.
973 3337 1317 3402 Fulvius
1377 3337 1570 3402 Nob.
1631 3337 1999 3401 secundae
2057 3335 2413 3417 legionis
2473 3336 2726 3401 tribu-

407 3465 554 3508 nus
614 3445 967 3510 militum
1027 3453 1235 3527 erat3
1304 3447 1369 3510 is
1425 3445 1840 3510 mensibus
1899 3444 2070 3509 suis
2128 3451 2271 3521 cet„
2315 3442 2513 3526 idque
2559 3466 2723 3527 prae-

409 3557 573 3631 stat;
643 3554 805 3618 satis
853 3554 1025 3618 enim
1072 3555 1358 3638 abrupte
1414 3554 1618 3636 ipsius
1663 3553 1749 3617 M.
1798 3552 2008 3616 Fulvii
2066 3550 2227 3616 facti
2288 3554 2582 3617 narratio
2627 3554 2723 3617 in-

409 3660 597 3742 cipit,
645 3661 935 3727 nondum
981 3663 1308 3741 indicat0,
1369 3661 1530 3745 quid
1575 3662 1636 3727 ei
1681 3662 1748 3726 in
1795 3661 2083 3724 exercitu
2129 3659 2259 3724 loci
2316 3658 2538 3724 fuerit.
2627 3661 2724 3725 De

406 3768 554 3850 ipsa
618 3789 688 3832 re
763 3776 831 3833 et
896 3770 976 3835 de
1033 3770 1257 3847 Fulvio
1325 3791 1366 3835 a
1431 3769 1771 3834 Postumio
1841 3768 2240 3851 seiungendo
2310 3766 2720 3851 (praeerat)

404 3876 587 3940 nulla
632 3876 965 3942 dubitatio
1034 3886 1153 3943 est.
1243 3877 1448 3943 Paulo
1509 3884 1662 3961 post
1720 3876 1780 3959 (ἓ
1835 3877 1937 3957 11)
1996 3876 2244 3943 editur:
2314 3896 2563 3941 causa
2605 3878 2719 3959 ig-

405 3985 779 4050 nominiae
821 4020 909 4029 —-
953 3986 1398 4066 decretum,
1468 3992 1535 4050 et
1579 3985 1810 4051 eodem
1869 3985 2061 4050 modo
2109 4005 2162 4049 c.
2210 3989 2312 4062 44,
2366 3987 2444 4046 10
2490 3984 2717 4049 scribi-

402 4097 545 4156 tur:
613 4113 709 4157 ne
770 4093 1026 4157 maior
1085 4093 1418 4177 (pecunia)
1465 4114 1714 4159 causa
1768 4092 2148 4158 ludorum
2207 4112 2720 4156 consumere-

404 4205 553 4264 tur.
646 4200 963 4284 Apparet,
1029 4200 1204 4265 hunc
1260 4202 1478 4284 ipsum
1535 4221 1924 4265 concursum
1968 4201 2035 4264 in
2081 4199 2207 4263 hac
2252 4205 2442 4282 parte
2488 4200 2706 4282 operis
2744 4200 2891 4272 (4¹74)

406 4330 484 4373 ex
527 4330 659 4373 uno
704 4309 965 4387 codice,
1016 4310 1130 4392 qui
1174 4309 1305 4373 iam
1352 4330 1484 4373 non
1541 4315 1791 4388 exstat,
1852 4308 2061 4388 edita,
2108 4328 2310 4390 quum
2355 4305 2606 4372 nullum
2652 4308 2720 4370 in

399 4416 652 4500 reliquo
685 4417 848 4480 Livii
884 4437 1081 4501 opere
1115 4416 1481 4501 exemplum
1516 4418 1604 4482 sit
1634 4417 1883 4481 insoliti
1918 4415 2094 4480 illius
2130 4413 2378 4478 ordinis
2413 4414 2637 4496 (caus
2677 4434 2719 4478 a

2155 4532 2256 4587 37*
