3230 5282
515 624 638 678 Lib.
677 622 854 678 xxn.
1618 610 1740 699 308

516 796 810 879 proxime
868 795 1170 860 codicum
1217 794 1522 875 vestigia3
1580 815 1733 857 nam
1792 794 1857 856 in
1904 792 1954 855 P
2002 814 2042 856 a
2087 814 2284 858 manu
2330 817 2429 877 pr.
2480 801 2579 861 est
2626 816 2836 878 saepe

518 902 1053 986 consiliaequa
1119 901 1430 979 fronte,
1498 922 1539 965 a
1607 923 1808 965 manu
1878 920 2005 964 sec.
2065 920 2100 961 o
2159 923 2364 985 supra
2420 922 2466 965 ε
2526 902 2836 985 positum,

515 1010 675 1099 inde
724 1010 790 1074 in
852 1010 1094 1075 ceteris
1152 1009 1345 1073 bonis
1405 1006 1774 1089 (CMCant.)
1836 1007 2076 1090 quique
2136 1009 2218 1074 iis
2275 1010 2338 1073 h.
2387 1010 2428 1073 l.
2478 1010 2834 1091 adhaerent,

518 1138 725 1201 saepe
772 1117 1322 1200 consilioqua‚
1368 1116 1497 1181 hoc
1543 1122 1673 1180 est:
1746 1115 2012 1179 conisi
2058 1115 2431 1198 obliqua3
2494 1118 2836 1185 intercidit

517 1246 649 1290 una
702 1226 927 1291 littera
982 1226 1040 1288 b.
1165 1224 1402 1289 Paucis
1471 1230 1628 1305 post
1683 1222 1898 1287 verbis
1958 1228 2137 1287 recte
2198 1222 2572 1299 Gronovius
2632 1226 2829 1290 scribi

515 1333 726 1399 voluit
760 1334 1152 1398 institere
1186 1353 1308 1414 pro
1346 1331 1770 1409 insistere3
1818 1330 2174 1395 infinitivus
2221 1332 2572 1398 historicus
2606 1331 2675 1397 in
2707 1333 2835 1400 hac

346 1454 490 1523 (252)
528 1440 698 1506 serie
746 1440 1170 1524 (impulere
1216 1440 1726 1503 —insistere
1760 1474 1848 1483 —
1883 1459 1971 1502 ac
2017 1445 2306 1505 tenore
2351 1461 2507 1504 uno
2542 1475 2631 1483 —
2663 1461 2835 1523 per-

515 1548 937 1630 venerunt)
996 1548 1215 1613 locum
1272 1568 1402 1611 non
1464 1546 1697 1623 habet,
1765 1567 1883 1610 nec
1944 1545 2149 1629 (quod
2210 1549 2424 1630 ipsum
2470 1548 2635 1612 illud
2679 1570 2831 1614 uno

516 1663 799 1721 tenore
882 1655 1197 1737 ostendit)
1277 1654 1674 1719 describitur
1754 1661 1966 1719 status
2046 1676 2278 1737 puguae
2349 1656 2835 1739 aliquantisper

518 1763 748 1829 eodem
793 1764 942 1829 loco
988 1784 1278 1829 manens.
1369 1763 1805 1844 Pervagatum
1851 1768 1952 1826 est
1996 1763 2120 1826 hoc
2167 1763 2230 1825 in
2279 1763 2448 1828 Livii
2492 1764 2833 1829 codicibus

518 1871 739 1935 mendi
787 1893 992 1953 genus
1041 1873 1106 1935 in
1155 1872 1274 1936 ire
1322 1877 1388 1935 et
1433 1871 1622 1949 iere,
1669 1876 1809 1934 tum
1856 1872 1922 1934 in
1959 1871 2342 1953 compositis
2379 1870 2562 1936 verbi
2609 1878 2832 1938 stare

382 1960 391 1969 ’
465 1962 469 1967 ’
516 1976 1009 2057 (consistere
1057 2001 1175 2062 pro
1224 1978 1697 2056 constitere,
1743 1985 1818 2043 ut
1861 1978 1944 2056 11,
1994 1982 2094 2053 30,
2148 1978 2273 2057 ll).

689 2084 885 2170 *Cap
933 2092 1043 2165 49,
1113 2091 1220 2149 12:
1291 2087 1472 2151 Haec
1532 2088 1951 2167 exigentes
2012 2084 2110 2165 (L.
2158 2085 2497 2151 AEmilium
2553 2087 2833 2152 Paulum

517 2201 583 2259 et
661 2193 773 2258 Cn.
842 2195 1223 2275 Lentulum)
1307 2195 1535 2277 prius
1613 2194 1860 2258 turba
1937 2193 2439 2275 fugientium
2521 2195 2833 2275 civium,

518 2300 812 2366 deinde
856 2293 1136 2367 hostes
1183 2323 1688 2385 oppressere.
1758 2300 1936 2365 Nihil
1981 2302 2155 2366 inter
2189 2301 2522 2366 AEmilium
2567 2309 2633 2367 et
2665 2303 2832 2367 Len-

515 2409 728 2473 tulum
773 2410 1183 2491 exigebatur,
1243 2409 1367 2475 hoc
1414 2415 1545 2485 est,
1606 2408 2127 2488 examinabatur,
2186 2430 2384 2491 quam
2430 2415 2607 2474 esset
2652 2417 2832 2476 recte

516 2515 793 2595 factum3
853 2517 1114 2582 codices
1162 2516 1311 2597 (PM
1356 2516 1499 2597 alii)
1546 2516 1795 2582 habent
1840 2516 2000 2595 haec
2046 2519 2510 2599 exagentiS,
2570 2539 2650 2582 ex
2697 2539 2830 2602 quo

516 2624 621 2689 fit:
687 2624 868 2690 Haec
914 2645 1046 2690 eos
1094 2626 1440 2709 agentis.
1545 2623 2156 2705 (Weissenbornius
2195 2647 2313 2692 suo
2362 2626 2624 2692 nomine
2670 2625 2831 2691 haec

514 2740 845 2816 agentes
927 2733 1200 2816 posuit.)
1314 2732 1518 2797 Paulo
1586 2738 1738 2815 post
1806 2731 1866 2814 (ξ
1930 2732 2064 2813 15),
2135 2734 2249 2797 ubi
2306 2735 2553 2799 editur:
2646 2733 2834 2816 ,XLV

519 2840 786 2906 millia
831 2841 888 2905 D
939 2842 1292 2926 pediteS‚
1359 2837 1713 2905 MMDCO
1761 2841 2109 2924 equiteS,
2180 2849 2259 2906 et
2306 2849 2538 2907 tanta
2582 2864 2833 2926 prope

520 2950 813 3014 civium
920 2952 1495 3032 sociorumque
1591 2968 1816 3031 parS,
1920 2949 2106 3012 caesi
2206 2949 2625 3029 dicuntur,
2718 2971 2834 3034 ap·

518 3064 741 3139 paret,
800 3058 1081 3123 alterum
1127 3079 1161 3123 e
1209 3056 1465 3122 duobus
1513 3055 1768 3120 Livium
1828 3056 2108 3135 dixisse,
2166 3065 2284 3122 aut
2341 3079 2571 3141 parem
2628 3080 2833 3141 prope

520 3165 755 3230 civium
802 3166 1260 3249 sociorumque
1306 3185 1650 3229 numerum
1696 3163 2028 3242 cecidisse,
2074 3171 2191 3230 aut
2235 3172 2664 3249 utrorumque
2710 3187 2833 3249 pro

514 3274 816 3356 portione
864 3272 976 3353 (—-
1020 3293 1231 3355 neque
1291 3273 1465 3336 enim
1513 3293 1698 3356 seque
1745 3271 1935 3336 multi
1982 3274 2048 3336 in
2097 3275 2389 3338 exercitu
2438 3280 2658 3353 erant,
2718 3272 2835 3338 sed

515 3381 679 3445 socii
727 3379 949 3463 plures
1002 3380 1139 3461 —-)‚
1207 3388 1512 3445 neutram
1571 3387 1794 3445 autem
1851 3381 2248 3445 sententiam
2294 3403 2328 3446 e
2376 3381 2596 3446 verbis
2660 3378 2831 3446 effici

518 3487 625 3564 (et
681 3494 916 3551 tanta
959 3523 1046 3532 —-
1089 3488 1333 3570 pars),
1401 3489 1467 3551 in
1514 3487 1752 3569 quibus
1801 3486 2077 3552 offendit
2123 3490 2323 3554 etiam
2369 3496 2447 3554 et
2503 3491 2596 3554 sic
2644 3489 2834 3555 addi-

516 3601 685 3672 tum,
753 3604 1073 3677 tanquam
1139 3594 1391 3677 aliquid
1458 3597 1605 3660 novi
1677 3596 2102 3678 adiungatur3
2169 3596 2360 3679 longe
2421 3598 2596 3662 enim
2654 3597 2836 3662 aliud

520 3709 649 3767 est:
728 3709 961 3766 tanta
1038 3703 1330 3767 civium
1398 3711 1705 3784 quanta
1772 3704 2212 3780 sociorum,
2295 3695 2509 3769 aliud:
2592 3712 2836 3770 tanta

519 3811 801 3874 civium
862 3812 1447 3890 sociorumque.
1535 3809 1770 3893 Itaque
1819 3813 2188 3876 Gronovius
2237 3813 2526 3893 priorem
2574 3821 2836 3878 sentcn-

517 3918 678 3982 tiam
747 3925 1009 3983 secutus
1077 3918 1434 3995 dubitavit,
1504 3940 1585 3982 an
1657 3917 2076 3981 scribendum
2144 3927 2347 3985 esset:
2432 3928 2511 3984 et
2579 3942 2831 4004 aequa;

518 4025 677 4089 mihi
732 4026 1010 4091 alteram
1056 4027 1355 4107 sequenti
1403 4033 1469 4090 et
1514 4027 1787 4108 propius
1835 4025 2138 4091 codicum
2183 4027 2465 4110 vestigia
2510 4028 2836 4111 prementi

518 4133 586 4198 in
630 4140 915 4199 mentem
960 4135 1168 4198 venit:
1208 4169 1292 4177 —
1327 4135 1669 4216 equites,
1729 4141 1888 4195 rata
1935 4155 2188 4216 prope
2235 4136 2530 4200 civium
2576 4138 2835 4203 socio-

520 4262 849 4325 rumque
898 4263 1103 4324 pars.
1193 4240 1620 4324 Aptissimam
1665 4242 1832 4305 effici
1885 4243 2275 4322 orationem,
2320 4252 2618 4327 apparet.

692 4349 850 4432 Cap.
913 4355 1022 4426 51,
1096 4353 1163 4412 5:
1245 4349 1580 4415 Postero
1657 4349 1815 4426 die,
1899 4350 2038 4422 ubi
2108 4352 2447 4433 primum
2515 4352 2830 4430 illuxit,

520 4456 617 4521 ad
666 4457 932 4538 spolia
976 4457 1322 4541 legenda
1365 4456 1854 4541 foedamque
1895 4459 2147 4523 etiam
2185 4457 2574 4525 hostibus
2611 4481 2833 4543 spec·
