3230 5282
1433 616 1556 678 16⁹7
2367 630 2493 687 Lib.
2530 631 2652 687 VII.

337 803 418 864 et
478 820 571 864 ea
634 800 818 884 ipsa
886 805 1041 879 cet„
1106 806 1184 866 ut
1247 801 1665 885 principia
1733 802 2113 883 audiantur,
2184 803 2308 869 etsi
2377 802 2654 870 offendit

337 907 738 991 geminatum
783 929 891 974 ea.
983 908 1326 993 (1875.)¹)-

504 1014 667 1101 Cap.
715 1020 772 1097 3,
818 1020 858 1082 8
905 1015 1047 1099 (ubi
1090 1018 1311 1101 agitur
1356 1017 1437 1082 de
1482 1017 1782 1083 sollemni
1827 1019 1992 1083 clavi
2034 1018 2336 1103 figendi):
2381 1019 2641 1087 Hora·
2678 1038 2821 1110 (140)

334 1125 506 1191 tius
569 1124 854 1191 consul
915 1124 1228 1209 exlege
1273 1125 1664 1209 templum
1706 1125 1923 1192 Iovis
1971 1126 2278 1210 Optimi
2320 1128 2652 1195 Maximi

338 1232 760 1299 dedicavit
827 1254 1031 1299 anno
1098 1238 1287 1318 post
1340 1254 1573 1316 reges
1634 1240 2002 1316 exactos3
2070 1256 2112 1300 a
2167 1237 2646 1304 consulibus

335 1347 633 1425 postea
712 1341 812 1406 ad
887 1341 1352 1408 dictatores
1416 1376 1504 1387 —
1571 1341 1965 1409 sollemne
2046 1342 2256 1408 clavi
2331 1343 2643 1427 figendi

331 1449 834 1515 translatum
900 1455 1042 1515 est.
1156 1449 1399 1534 Legem
1464 1449 1821 1532 significari
1888 1456 2153 1535 oportet
2208 1471 2383 1531 eam,
2451 1473 2652 1535 quam

335 1556 554 1623 Livius
613 1557 814 1641 paulo
871 1564 1026 1623 ante
1084 1555 1147 1640 (ξ
1194 1560 1260 1640 5)
1324 1559 1489 1624 dicit
1541 1556 1742 1623 fixam
1795 1557 1998 1624 fuisse
2057 1558 2340 1625 dextro
2385 1558 2650 1624 latere

329 1665 445 1749 (—-
488 1671 610 1731 aut
667 1666 763 1730 sic
823 1666 1242 1732 scribendum
1296 1673 1415 1731 aut
1469 1665 1723 1731 lateri
1781 1666 2071 1734 ablativo
2120 1687 2280 1732 casu
2325 1667 2651 1749 accipien-

335 1772 488 1839 dum
528 1772 644 1856 —)
703 1772 863 1838 aedis
931 1773 1104 1838 Iovis
1163 1770 1553 1857 Capitolini,
1626 1775 1706 1839 de
1774 1773 1957 1840 clavo
2023 1772 2303 1857 figendo,
2414 1774 2650 1856 Itaque

337 1902 431 1947 ea
472 1882 654 1965 lege
701 1880 900 1946 scribi
942 1881 1191 1947 volunt.
1290 1883 1536 1947 Verum
1584 1903 1732 1947 eam
1775 1882 1989 1965 legem
2033 1881 2257 1947 Livius
2299 1881 2443 1965 ipse
2490 1882 2652 1947 dicit

333 2011 464 2056 non
534 1990 619 2056 de
675 1988 902 2073 templi
960 1989 1409 2069 dedicatione,
1477 1990 1593 2055 sed
1654 1990 1736 2055 de
1792 1990 1910 2054 illa
1963 2011 2036 2055 re
2094 2010 2256 2069 una,
2327 1990 2408 2055 de
2466 1991 2649 2055 clavo

328 2097 592 2182 figendo
668 2096 907 2177 fuisse3
987 2097 1068 2162 de
1145 2098 1379 2181 templi
1459 2098 1881 2164 dedicatione
1949 2098 2231 2164 similem
2298 2102 2499 2180 atque
2567 2097 2649 2163 de

331 2213 709 2272 ceterorum
762 2204 1166 2288 templorum
1225 2205 1755 2271 dedicationibus
1801 2206 2015 2290 legem
2057 2206 2264 2272 latam
2309 2226 2454 2271 esse
2498 2227 2650 2289 pro-

329 2314 556 2380 babile
624 2319 758 2392 est3
826 2333 1040 2395 neque
1108 2319 1416 2398 apparet,
1485 2334 1602 2379 cur
1672 2315 1934 2379 omnino
2000 2335 2121 2398 per
2185 2335 2255 2380 se
2320 2313 2446 2379 hoc
2500 2314 2647 2379 loco

327 2425 886 2488 commemoretur
927 2421 1158 2505 templi
1206 2420 1563 2505 Capitolini
1622 2422 1951 2488 dedicatio
1969 2473 1984 2501 ,
2053 2442 2446 2507 quacunque
2502 2423 2647 2507 lege

330 2530 716 2596 dedicatum
781 2533 911 2608 est,
1000 2550 1203 2613 quum
1292 2529 1373 2595 de
1455 2530 1623 2594 clavi
1700 2529 1944 2612 figendi
2021 2530 2325 2596 sollemni
2391 2537 2646 2615 agatur.

331 2636 713 2724 Scripserat
769 2636 1019 2703 Livius:
1085 2636 1482 2704 Horatius
1554 2638 1841 2705 consul
1899 2645 1973 2703 et
2029 2638 2266 2721 legem
2323 2646 2395 2703 et
2449 2645 2647 2705 tem-

323 2747 549 2832 plum
604 2746 657 2811 1.
705 2745 780 2811 Ο.
826 2744 915 2811 Μ.
964 2746 1385 2811 dedicavit
1440 2752 1565 2812 cet.
1668 2748 1875 2813 Recte
1929 2748 2063 2812 iam
2105 2747 2271 2831 legis
2318 2747 2647 2814 dedicatio

318 2856 396 2920 in
458 2855 716 2940 pariete
781 2854 1012 2938 templi
1076 2853 1259 2919 facta
1321 2861 1633 2920 narratur
1690 2854 1813 2937 (et,
1880 2855 2060 2941 quod
2113 2855 2267 2922 inde
2324 2857 2641 2940 sequitur,
2677 2880 2818 2949 (141)

321 2965 578 3048 primus
659 2962 884 3027 clavus
961 2959 1160 3044 fixus)
1230 2960 1314 3026 ab
1381 2961 1663 3028 Horatio
1731 2984 1863 3029 una
1931 2984 2081 3029 cum
2147 2965 2353 3048 ipsius
2418 2965 2649 3049 templi

323 3071 772 3136 dedicatione.
881 3068 984 3133 Ex
1049 3075 1126 3134 et
1191 3063 1373 3153 leg'e
1439 3076 1518 3137 et
1582 3070 1969 3156 templum
2021 3071 2217 3136 facile
2274 3076 2492 3137 ortum
2549 3077 2650 3136 est

322 3186 410 3245 et
486 3177 1099 3262 legetemplum,
1176 3177 1419 3243 litteris
1487 3186 1566 3245 et
1634 3180 1839 3245 semel
1907 3180 2200 3264 scriptiS,
2279 3201 2478 3263 quum
2547 3179 2649 3244 bis

319 3285 652 3353 deberent
699 3284 920 3363 scribi,
965 3292 1108 3351 tum
1154 3307 1235 3351 ex
1280 3292 1361 3352 et
1402 3286 1655 3352 factum
1700 3309 1811 3353 ex.
1916 3285 2208 3352 Similem
2251 3288 2649 3353 sententiam

315 3395 700 3461 Gronovius
757 3398 826 3458 et
885 3391 1221 3458 Strothius
1281 3393 1545 3460 efficere
1604 3395 1828 3462 conati
1885 3401 2069 3475 sunt,
2137 3394 2254 3460 sed
2306 3395 2376 3460 in
2430 3393 2648 3460 verbis

325 3503 753 3569 aberrarunt.

501 3607 664 3695 Cap.
714 3614 787 3689 4,
845 3614 921 3674 2:
989 3608 1427 3675 Acerbitas
1484 3609 1585 3692 (L.
1634 3610 1891 3694 Manlii)
1947 3612 2029 3677 in
2085 3611 2426 3691 dilectu,
2494 3633 2649 3678 non

316 3719 612 3784 damno
673 3717 903 3784 modo
950 3718 1282 3794 civium,
1343 3718 1484 3783 sed
1530 3719 1773 3783 etiam
1816 3719 2324 3785 laceratione
2373 3740 2647 3802 corpo·
2678 3739 2699 3752 ·

317 3848 498 3893 rum
533 3827 712 3891 lata
731 3861 821 3872 -—
841 3826 1049 3892 invis
1067 3849 1109 3892 a
1142 3831 1341 3891 erat.
1388 3826 1555 3892 Mire
1580 3833 1649 3893 et
1670 3849 1841 3894 novo
1866 3826 2140 3893 ablativi
2163 3849 2286 3893 usu
2310 3828 2645 3893 acerbitas

315 3934 677 4002 dictatoris
725 3933 964 4000 damno
1014 3935 1254 4000 civium
1300 3941 1369 4000 et
1400 3935 1809 4002 laceratione
1846 3956 2197 4020 corporum
2228 3936 2371 4001 lata
2405 3935 2649 4002 dicitur

313 4042 530 4127 (ferre
594 4042 852 4126 aliquid
894 4042 1309 4109 incommodo
1353 4042 1631 4128 aliquo),
1678 4044 1906 4110 addito
1949 4044 2315 4128 praesertim
2346 4045 2645 4127 genetivo

313 4152 657 4230 civium3
700 4171 854 4215 nam
886 4150 1014 4235 ipsi
1049 4151 1305 4228 saltem,
1342 4151 1582 4234 quibus
1618 4151 1830 4217 invisa
1862 4158 2023 4232 erat,
2062 4175 2184 4219 suo
2222 4152 2463 4218 damno
2497 4174 2646 4238 per-

378 4407 431 4472 ¹)
469 4405 875 4475 [Ludionum
946 4423 1156 4459 nomen
1211 4404 1417 4460 iniuria
1481 4407 1969 4475 addubitaveram3
2043 4425 2092 4461 v.
2152 4424 2278 4477 quae
2335 4406 2648 4477 disputavit

461 4490 751 4560 Hauptius
783 4490 974 4545 Herm.
1010 4490 1100 4545 111
1134 4508 1188 4561 p.
1231 4489 1371 4560 149]
