3230 5282
1404 641 1525 702 133
2391 654 2515 709 Lib.
2552 654 2618 709 V.

317 831 490 892 recte
567 826 708 891 haec
790 831 1306 910 componuntur:
1397 825 1549 891 hoc
1637 826 2106 892 iniunxisse
2194 826 2622 907 servitutis,

317 934 523 1019 quod
577 933 898 1000 tribuni
952 952 1254 1014 regnum
1301 939 1798 999 exercerent.
1902 933 2165 1001 Scilicet
2206 933 2315 999 hic
2360 955 2624 1019 quoque

313 1041 832 1127 interpungendo
896 1048 1259 1126 peccatum.
1376 1041 1609 1109 Oratio
1678 1043 1746 1107 in
1812 1041 2193 1108 facerent
2259 1043 2625 1109 subsistere

320 1149 548 1231 debet‚-
576 1149 814 1215 deinde
860 1149 940 1214 de
984 1149 1240 1233 integro
1290 1150 1385 1214 sic
1429 1170 1737 1234 pergere:
1787 1148 2014 1227 Quod
2058 1150 2370 1216 tribuni
2416 1150 2622 1215 mili-

315 1266 471 1324 tum
543 1259 624 1323 in
690 1257 930 1342 plebe
991 1258 1342 1323 Romana
1406 1278 1740 1340 regnum
1798 1259 2321 1324 exercerent?
2388 1256 2623 1335 Quid-

187 1362 194 1371 “
315 1387 485 1432 nam
543 1365 673 1431 illi
731 1366 1110 1431 consules
1169 1366 1728 1431 dictatoresve
1772 1367 2078 1432 facturi
2124 1373 2428 1447 essent,
2486 1367 2626 1449 qui

314 1472 976 1560 proconsularem
1042 1474 1471 1557 imaginem
1526 1479 1686 1539 tam
1743 1494 2027 1540 saevam
2079 1510 2167 1519 —
2222 1474 2618 1540 fecerint?
2654 1493 2796 1561 (112)

316 1582 388 1648 In
442 1588 731 1665 utraque
790 1583 1306 1665 interrogatione
1361 1580 1627 1664 oblique
1675 1580 2007 1648 efferenda
2052 1583 2275 1648 Livius
2324 1584 2628 1649 coniunc-

317 1692 445 1757 tivo
491 1712 618 1776 pro
664 1690 987 1755 infinitivo
1033 1712 1194 1755 usus
1240 1694 1359 1755 est.
1452 1688 1719 1774 (Opusc.
1767 1690 1879 1755 Ac.
1927 1691 1991 1755 ΙΙ
2034 1715 2097 1776 p.
2147 1689 2320 1773 216.)

480 1797 646 1883 Cap.
709 1802 776 1878 3,
846 1802 919 1877 8,
989 1798 1298 1881 quoniam
1356 1798 1422 1863 in
1481 1798 1705 1863 codice
1762 1797 2120 1883 archetypo
2178 1800 2271 1863 sic
2327 1798 2483 1863 fuit:
2553 1806 2631 1863 et
2708 1850 2722 1861 .

315 1905 973 1989 quemadmodum
1020 1927 1190 1970 cum
1235 1906 1492 1971 servis
1540 1906 1709 1972 suis
1756 1914 2038 1972 vetant
2083 1906 2381 1971 domini
2418 1907 2629 1990 quic-

314 2036 550 2097 quam
614 2015 735 2079 rei
804 2035 975 2078 cum
1032 2012 1337 2079 alienis
1391 2012 1859 2079 hominibus
1918 2035 2093 2079 esse
2149 2014 2631 2097 pariterque

312 2122 386 2187 in
415 2123 519 2188 iis
558 2120 822 2204 (servis)
858 2120 1269 2187 beneficio
1306 2142 1394 2186 ac
1427 2121 1842 2187 maleficio
1880 2121 2286 2187 abstineri
2325 2142 2629 2206 aequum

314 2236 663 2309 censent,
712 2230 1093 2313 praepositio
1142 2227 1368 2311 (cum)
1416 2230 1626 2295 altero
1675 2229 1841 2309 loco,
1902 2251 2034 2295 non
2082 2231 2302 2314 priore
2339 2230 2632 2295 tollenda

314 2346 440 2420 θεὶς
484 2339 703 2422 magis
749 2338 921 2402 enim
966 2338 1061 2402 sic
1107 2336 1531 2421 significatur,
1577 2337 1745 2404 alios
1791 2339 2000 2403 arceri
2046 2339 2231 2403 aditu
2277 2338 2363 2403 ad
2409 2360 2631 2404 servos

314 2447 479 2529 (sich
545 2447 671 2512 mit
723 2446 910 2512 ihren
957 2445 1231 2511 Sclaven
1288 2443 1643 2535 befassen).
1754 2446 1962 2511 Paulo
2018 2454 2173 2531 post
2217 2447 2478 2511 initium
2524 2467 2631 2511 ca-

323 2556 473 2640 pitis
521 2552 590 2638 (§
635 2554 705 2636 4)
751 2561 913 2639 puto
962 2553 1218 2618 Livium
1264 2555 1609 2639 scripsisse
1667 2555 2000 2619 iniuriis
2045 2556 2351 2620 nostris
2398 2555 2631 2639 (patri-

316 2663 633 2747 ciorum),
701 2665 858 2748 quia
917 2669 1060 2729 tum
1119 2662 1381 2728 demum
1441 2670 1595 2748 apte
1641 2663 1727 2729 ad
1774 2662 2033 2729 Claudii
2077 2685 2461 2749 personam,
2530 2664 2632 2727 vix

317 2773 740 2839 concedentis
785 2770 955 2836 ullas
1001 2792 1177 2851 esse,
1236 2771 1531 2836 additur:
1601 2773 1672 2836 si
1718 2793 1880 2855 quae
1924 2771 2135 2837 forte
2182 2771 2632 2856 aliquando

317 2882 816 2947 inciderunt.
917 2880 1168 2946 Ullaene
1227 2898 1518 2962 unquam
1564 2902 1606 2945 a
1651 2901 1982 2962 quoquam
2041 2878 2318 2964 plebeiis
2376 2879 2632 2943 iniuriae

313 2988 503 3056 factae
554 2995 801 3068 essent,
847 3010 976 3054 non
1021 2987 1394 3053 dubitabat.

487 3097 656 3182 Cap.
703 3102 774 3176 4,
824 3099 894 3159 7:
962 3096 1105 3175 An,
1167 3097 1235 3160 si
1293 3095 1390 3160 ad
1449 3095 1821 3160 calculos
1888 3117 2057 3160 eum
2115 3116 2244 3160 res
2293 3094 2634 3178 publica

313 3213 589 3285 vocet,
647 3227 804 3271 non
848 3204 1139 3269 merito
1188 3203 1412 3268 dicat
1457 3209 1579 3268 cet.
1629 3201 1791 3269 Cod.
1839 3203 2075 3267 Veron.
2124 3202 2220 3267 ad
2266 3202 2633 3267 calculos

314 3316 562 3379 etiam
627 3334 756 3378 res
812 3334 875 3396 p.
923 3318 1174 3378 vocet.
1263 3311 1669 3391 Videndum,
1728 3333 1809 3377 ne
1857 3312 2055 3376 scribi
2102 3311 2344 3376 debeat
2388 3311 2634 3375 etiam

314 3445 473 3488 rem
520 3445 589 3507 p.
629 3427 883 3487 vocet.
975 3420 1146 3484 Nam
1190 3419 1384 3484 militi
1433 3420 1709 3501 querulo
1755 3421 1964 3502 magis
2015 3420 2319 3485 convenit
2365 3418 2452 3483 ad
2499 3418 2631 3482 cal-

320 3530 502 3597 culos
549 3551 812 3596 vocare.
904 3527 1152 3610 (1873.)

488 3638 655 3723 Cap.
706 3643 763 3717 5,
809 3642 868 3701 4.
973 3635 1144 3701 Olim
1190 3635 1540 3701 edebatur:
1600 3635 1910 3701 milites
1956 3672 2057 3715 —‚
2105 3635 2397 3718 quibus
2444 3636 2635 3701 boni

314 3747 643 3812 tribuni
687 3745 958 3831 plebis
1005 3765 1238 3827 quum
1282 3744 1784 3828 stipendium
1831 3751 2323 3829 extorquere
2370 3745 2634 3808 volue-

310 3856 514 3935 rint,
595 3874 805 3919 nunc
883 3852 1351 3918 consultum
1425 3858 1766 3936 repente
1843 3852 2164 3931 volunt3
2243 3873 2413 3917 nunc
2479 3857 2638 3936 post

309 3962 807 4028 Alschefskium
852 3982 887 4026 e
933 3960 1270 4026 codicibus
1318 3961 1516 4026 scribi
1550 3961 1774 4027 video:
1823 3960 2636 4043 quum—voluerunt,

313 4070 621 4152 soloece3
703 4090 917 4153 neque
985 4070 1156 4134 enim
1223 4090 1515 4154 unquam
1582 4069 1650 4133 in
1717 4068 2094 4134 huiusmodi
2161 4069 2501 4133 varietatis
2569 4074 2637 4132 et

311 4180 803 4244 contrariorum
860 4177 1338 4262 significatione
1396 4200 1631 4260 quum
1676 4177 2007 4261 particula
2049 4176 2473 4242 indicativum
2517 4176 2635 4241 ha-

285 4277 455 4370 .bet;
527 4287 821 4352 debebat
886 4293 1204 4371 praeterea
1269 4286 1423 4350 addi
1478 4285 1794 4370 temporis
1854 4284 2246 4368 significatio
2305 4285 2637 4350 contraria

313 4397 388 4474 ei,
434 4417 589 4479 quae
637 4403 739 4460 est
782 4396 850 4459 in
893 4415 1107 4459 nunc
1155 4393 1418 4477 (quum
1463 4399 1703 4459 antea
1746 4430 1834 4438 —
1876 4392 2129 4476 nunc).
2206 4392 2635 4458 Scribendum

314 4509 445 4568 est:
495 4504 798 4588 quibus
844 4502 1038 4568 boni
1083 4500 1403 4567 tribuni
1449 4501 1721 4585 plebis
1768 4509 1915 4563 tun
1963 4500 2087 4583 (eo,
2135 4501 2214 4566 de
2262 4521 2390 4585 quo
2438 4507 2639 4566 antea
