3230 5282
629 616 755 670 Lib.
791 614 916 671 ΥΠ.
1737 601 1859 663 168

631 787 943 867 tulerant,
989 787 1326 870 genetivus
1384 785 1552 851 alios
1610 784 2040 851 acerbitatem
2084 785 2315 852 tulisse
2361 785 2733 870 significare
2775 784 2961 850 vide-

633 901 763 959 tur.
818 893 1054 979 Itaque
1097 914 1349 973 vereor,
1393 914 1476 958 ne
1514 892 1737 959 Livius
1782 894 2149 977 scripserit:
2196 894 2678 960 non.damno
2723 892 2958 960 modo

635 1002 961 1084 civium,
1051 1001 1191 1067 sed
1282 1001 1530 1066 etiam
1592 1001 2106 1067 laceratione
2171 1022 2598 1087 corporum
2677 1002 2864 1066 lata.
2890 1000 2953 1083 ¹)

633 1109 905 1178 Summa
979 1110 1181 1175 animi
1259 1108 1592 1175 acerbitas
1676 1108 2088 1193 significatur
2165 1111 2367 1176 etiam
2450 1110 2688 1176 civium
2764 1108 2961 1177 malis

634 1219 947 1303 gaudens.
1041 1217 1288 1300 (1861.)

808 1323 963 1410 Gap.
1012 1329 1079 1406 6,
1138 1329 1175 1390 3
1221 1331 1290 1391 et
1332 1330 1374 1390 4
1420 1323 1806 1410 (postquam
1849 1325 2074 1391 Livius
2120 1326 2433 1406 narravit,
2493 1347 2697 1411 quum
2740 1323 2962 1391 forum

633 1433 924 1499 medium
981 1454 1183 1517 specu
1237 1438 1422 1498 vasto
1485 1433 1845 1516 collapsum
1892 1439 2097 1514 esset,
2166 1435 2372 1516 quaeri
2417 1438 2753 1517 coeptum,
2822 1454 2960 1516 quo

633 1540 990 1625 plurimum
1033 1540 1325 1625 populus
1371 1540 1713 1607 Romanus
1758 1547 2014 1625 posset;
2061 1541 2134 1606 id
2177 1542 2350 1607 enim
2393 1541 2493 1606 illi
2535 1540 2684 1607 loco
2734 1540 2961 1605 dican-

635 1647 790 1714 dum
831 1654 1019 1714 vates
1067 1649 1447 1730 cecinisse):
1506 1648 1695 1713 Tum
1739 1648 1826 1713 M.
1876 1646 2264 1729 Curtium,
2321 1651 2694 1715 iuvenem
2737 1647 2959 1714 bello

636 1758 1081 1841 egregium,
1139 1757 1600 1838 castigasse
1659 1755 1939 1822 ferunt
1983 1756 2504 1837 dubitantes,
2561 1778 2659 1822 an
2701 1756 2959 1821 ullum

632 1865 882 1948 magis
918 1865 1355 1930 Romanum
1386 1865 1686 1930 bonum
1721 1885 1947 1946 quam
1983 1885 2204 1931 arma
2235 1866 2662 1949 virtusque
2699 1869 2957 1945 esset3

637 1972 982 2038 silentio
1038 1972 1290 2053 fact0,
1349 1972 1654 2056 templa
1700 1972 2032 2038 deorum
2076 1972 2663 2040 immortalium
2704 2006 2795 2017 -—-
2835 1972 2959 2037 in-

633 2085 992 2157 tuentem
1069 2085 1149 2146 et
1226 2101 1505 2146 manus
1567 2113 1658 2126 -
1722 2080 2278 2164 porrigentem
2351 2102 2433 2146 se
2491 2080 2956 2160 devovisse;

636 2209 1007 2272 equoque
1068 2187 1359 2253 deinde
1416 2193 1541 2252 cet.
1644 2187 1833 2253 Ferri
1882 2209 2015 2253 non
2059 2194 2282 2273 potest
2325 2189 2395 2253 in
2438 2188 2567 2253 hac
2612 2188 2959 2253 continua-

633 2297 819 2361 tione
888 2295 1099 2361 oratio
1169 2315 1245 2359 eo
1302 2295 1448 2379 ipso
1508 2295 1688 2376 loco,
1758 2316 1887 2378 quo
1946 2316 1987 2361 a
2033 2297 2474 2380 castigatione
2531 2295 2813 2361 aliorum
2870 2294 2959 2361 ad

634 2404 843 2487 ipsius
890 2400 1106 2481 Curtii
1161 2403 1493 2470 actionem
1535 2403 1967 2485 transfertur,
2025 2404 2345 2489 asyndeto
2390 2406 2765 2488 interrupta
2810 2402 2874 2483 (c
2886 2424 2957 2469 a·

637 2511 996 2593 stigasse
1039 2508 1319 2575 ferunt
1359 2533 1476 2592 -—-;
1536 2511 1877 2578 silentio
1924 2511 2209 2593 facto);
2268 2512 2471 2577 scribi
2513 2512 2715 2596 igitur
2758 2510 2958 2577 debet

637 2618 896 2685 duabus
940 2618 1183 2684 litteris
1228 2619 1606 2700 geminatis:
1668 2655 1757 2665 -—
1802 2625 2044 2701 esset,
2079 2625 2162 2683 ‘et
2208 2620 2555 2687 silentio
2600 2619 2824 2686 facto
2869 2654 2960 2666 —

637 2748 718 2792 se
788 2727 1232 2792 devovisse.
1341 2727 1466 2793 Est
1529 2733 1754 2793 tamen
1821 2728 2041 2809 aliud,
2111 2728 2289 2814 quod
2344 2730 2415 2795 in
2469 2729 2597 2794 hoc
2652 2728 2800 2793 loco
2860 2727 2956 2793 of-

634 2833 884 2900 fendat.
985 2835 1155 2900 Nam
1200 2835 1256 2900 si
1302 2835 1592 2901 dubito
1641 2857 1736 2901 an
1784 2837 2061 2916 Livium,
2119 2842 2197 2901 ut
2241 2837 2641 2921 posteriores
2684 2835 2958 2917 faciunt,

635 2944 969 3009 sententia
1011 2943 1099 3009 ad
1142 2944 1521 3027 negandum
1564 2943 1927 3009 inclinante
1972 2945 2273 3029 posuisse
2319 2950 2661 3028 putamus,
2731 2965 2957 3026 quem-

635 3050 997 3118 admodum
1061 3051 1247 3132 VIII,
1324 3056 1438 3132 24,
1522 3056 1595 3115 11
1671 3051 1969 3118 dubius
2048 3073 2143 3117 an
2211 3053 2463 3135 posuit,
2512 3053 2957 3136 apertissime

637 3155 906 3225 Curtius
962 3160 1032 3224 in
1090 3160 1341 3226 civibus
1400 3159 1537 3225 suis
1581 3159 1652 3225 id
1696 3159 2150 3245 reprehendit,
2208 3159 2388 3243 quod
2433 3161 2577 3244 ipse
2620 3157 2961 3224 statuebat

634 3266 920 3352 illosque
999 3273 1291 3333 statuere
1369 3267 1663 3349 volebat,
1739 3267 1996 3333 nullum
2075 3288 2222 3332 esse
2300 3268 2509 3351 magis
2586 3267 2958 3332 Romanum

635 3374 883 3440 bonum
948 3395 1145 3457 quam
1202 3395 1389 3439 arma
1445 3376 1905 3459 virtutemque.
2021 3373 2136 3440 Sin
2194 3375 2279 3440 ad
2338 3374 2801 3440 affirmandum
2855 3374 2958 3439 in-

466 3505 608 3576 (142)
646 3481 893 3547 clinare
950 3481 1132 3546 illam
1192 3481 1450 3546 dicendi
1492 3479 1803 3563 formam,
1870 3488 2167 3548 veterum
2212 3483 2719 3561 consuetudine,
2785 3481 2960 3546 iudi-

638 3608 894 3669 camus»,
952 3589 1510 3673 quemadmodum
1566 3589 2103 3656 addubitavit
2158 3612 2252 3656 an
2309 3590 2551 3656 dicitur
2606 3589 2791 3670 VIII,
2857 3593 2958 3669 10,

570 3717 600 3737 ·
638 3699 707 3777 2,
774 3702 850 3762 ut
913 3696 1056 3761 haec
1124 3697 1212 3764 sit
1268 3698 1626 3763 sententia:
1696 3698 1909 3781 quod
1975 3698 2419 3764 crederent
2482 3698 2740 3764 ullum
2807 3702 2957 3778 cet„

636 3804 895 3868 ullum
950 3804 1218 3889 quidem
1273 3827 1637 3890 pronomen
1684 3813 2043 3871 excusatur
2089 3827 2196 3886 ec,
2254 3806 2433 3891 quod
2478 3805 2791 3892 praecedit
2834 3805 2958 3870 im-

635 3911 962 3996 probandi
1028 3913 1427 3996 significatio
1497 3912 1815 3995 (Gramm.
1862 3913 2006 3980 Lat.
2066 3912 2101 3997 §
2160 3919 2288 3980 494
2342 3913 2446 3997 b),
2518 3914 2634 3980 sed
2698 3914 2959 3979 haereas

635 4040 769 4085 non
824 4021 1153 4087 immerito
1211 4022 1282 4086 in
1334 4021 1462 4086 hac
1515 4022 1667 4105 ipsa
1724 4022 2053 4106 opinionis
2113 4026 2180 4087 et
2240 4023 2633 4107 suspicionis
2688 4023 2959 4087 incertae

693 4289 740 4357 ¹)
782 4287 1016 4358 [Latus
1070 4292 1435 4361 participium
1487 4291 1558 4346 de
1615 4291 2002 4361 incommodo,
2058 4293 2210 4362 quod
2256 4293 2380 4363 quis
2427 4293 2691 4364 pertulit,
2745 4291 2960 4346 dicitur

771 4373 1137 4530 ffltssriss]
1165 4379 1256 4444 11,
1310 4376 1463 4446 apud
1496 4376 1768 4432 Senecam
1802 4378 1874 4433 de
1906 4377 2004 4432 Ira
2037 4377 2119 4446 H,
2178 4382 2258 4447 14,
2309 4381 2361 4447 4,
2415 4378 2514 4447 111,
2573 4382 2654 4446 11,
2707 4379 2768 4445 3;
2823 4393 2958 4431 nam
