3230 5282
556 577 679 631 Lib.
716 576 888 630 XXX.
1648 566 1773 626 428

559 750 933 833 scripsisse:
1015 748 1365 813 lacerati
1443 749 1767 813 tande-m
1848 770 2115 814 omnes
2194 756 2515 833 ponteS.
2646 749 2869 815 Medio

562 860 778 942 capite
835 857 897 940 (ἓ
948 856 1053 937 15)
1110 877 1378 941 pravam
1424 856 1850 940 scripturam:
1910 856 2204 921 deinde
2263 864 2343 922 et
2398 880 2868 941 propugna-

558 967 885 1032 toribus
965 985 1281 1049 quoque
1350 963 1922 1029 Weissenbornius
1999 966 2283 1049 primum
2349 967 2532 1030 inani
2599 967 2869 1032 distinc-

556 1076 734 1139 tione
800 1074 975 1138 tueri
1041 1079 1346 1151 conatur,
1426 1073 1617 1155 quasi
1695 1072 1829 1136 alia
1908 1073 1995 1137 sit
2061 1074 2542 1139 contrariorum
2605 1075 2867 1155 relati0,

558 1203 756 1264 quam
813 1202 957 1263 quae
1013 1180 1081 1244 in
1138 1201 1268 1245 11110
1314 1187 1881 1263 propugnatorum
1926 1182 2187 1246 nomine
2232 1189 2498 1246 notetur
2541 1184 2869 1266 particula

386 1308 527 1377 (349)
566 1311 910 1374 quoque,
980 1288 1213 1353 deinde
1271 1288 1569 1372 exemplo
1615 1289 2053 1353 incertissimo
2097 1289 2201 1353 vel
2243 1291 2463 1372 potius
2508 1293 2867 1357 certissime

559 1404 907 1481 corrupte,
966 1396 1081 1461 lib.
1129 1396 1306 1474 XLI,
1365 1400 1476 1474 24,
1538 1401 1636 1461 16.
1749 1395 1892 1460 Hoc
1945 1396 2091 1461 loco
2151 1403 2229 1461 et
2272 1418 2352 1461 ex
2396 1398 2788 1480 praecedenti
2834 1419 2869 1462 ο

559 1513 773 1571 ortum
844 1502 1034 1584 est.²)
1149 1502 1212 1586 [ἓ
1276 1508 1353 1567 18
1411 1503 1630 1569 editur
1689 1504 2037 1584 (videres
2092 1503 2205 1585 —)
2274 1506 2561 1570 seriem
2625 1507 2867 1571 aliam

557 1615 795 1679 simul
871 1613 1230 1697 plurium
1311 1612 1629 1676 navium
1709 1611 1952 1676 trahi.
2076 1610 2655 1694 Nequealiam,
2736 1636 2865 1698 quo

556 1723 914 1798 referatur,
993 1720 1197 1785 habet
1277 1726 1346 1784 et
1422 1719 1789 1803 asyndeton
1868 1721 2323 1803 pravissimum
2394 1728 2521 1785 est:
2601 1722 2866 1786 scindi

556 1829 900 1907 vincula,
949 1829 1248 1892 seriem
1292 1828 1532 1892 aliam
1579 1827 1825 1891 trahi.
1906 1827 2109 1892 Recte
2156 1827 2530 1910 Ussingius:
2579 1831 2867 1895 seriem

557 1939 804 2003 etiam
849 1936 1086 2000 simu'l
1129 1936 1481 2018 plurium
1526 1936 1847 1999 navium
1892 1935 2136 2000 trahi.
2242 1934 2275 2018 ξ
2323 1939 2405 2000 20
2450 1935 2868 2002 vehementer

555 2046 970 2110 desideratur
1029 2043 1296 2107 verbum
1354 2049 1506 2126 post
1551 2042 1854 2107 laetitia
1898 2041 2403 2126 videndumque,
2451 2065 2533 2108 ne
2579 2045 2867 2109 scriben-

558 2154 712 2217 dum
759 2153 875 2216 sit:
923 2150 1229 2215 laetitia
1272 2150 1445 2226 fuit,
1494 2157 1573 2214 et
1619 2149 1767 2234 (pro
1816 2150 1979 2232 sed)
2030 2173 2118 2216 eo
2164 2153 2420 2216 maior
2462 2187 2564 2215 -.
2650 2152 2865 2236 1863]

729 2257 886 2343 Cap.
933 2262 1027 2336 12,
1080 2262 1107 2319 1
1160 2279 1299 2341 sqq.
1338 2258 1539 2340 paulo
1587 2257 1783 2340 plura
1829 2258 2267 2323 describenda
2312 2267 2479 2338 sunt,
2525 2267 2600 2324 ut
2635 2262 2866 2326 vitium

558 2373 913 2450 appareat:
981 2365 1104 2429 Ibi
1150 2364 1500 2448 Syphait,
1561 2365 1741 2431 dum
1797 2366 2230 2448 obequitat
2286 2366 2643 2432 hostium
2698 2375 2868 2432 tur-

554 2475 700 2538 mis
742 2508 857 2551 —,
915 2494 1117 2555 equo
1176 2473 1542 2556 graviter
1597 2474 1762 2538 icto
1821 2474 2135 2539 effusus
2193 2476 2691 2558 opprimitur
2735 2497 2869 2540 ca-

554 2583 938 2667 piturque
1009 2586 1086 2645 et
1152 2581 1404 2660 vivuS,
1470 2581 1737 2646 laetum
1805 2589 1991 2648 ante
2061 2603 2335 2647 omnes
2404 2582 2865 2649 Masinissae

554 2688 1058 2773 praebiturus
1119 2689 1709 2772 spectaculum,
1778 2691 1874 2755 ad
1931 2689 2260 2754 Laelium
2318 2692 2860 2774 pertrahitur.

554 2795 784 2861 Cirta
842 2803 1089 2880 caput
1132 2798 1365 2880 regni
1411 2796 1809 2880 Syphacis
1854 2806 2064 2876 erat,
2124 2819 2376 2879 eoque
2439 2821 2519 2863 se
2579 2800 2865 2883 ingens

551 2903 954 2970 hominum
1002 2904 1369 2969 contulit
1411 2906 1555 2970 vis,
1661 2903 1934 2971 Caedes
1979 2907 2055 2970 in
2104 2927 2195 2970 eo
2242 2907 2561 2990 proelio
2608 2908 2865 2971 minor

553 3034 785 3095 quam
863 3013 1216 3077 victoria
1296 3011 1478 3092 fuit,
1574 3014 1762 3095 quia
1851 3014 2217 3095 equestri
2309 3014 2864 3080 tantummodo

552 3121 872 3205 proelio
920 3127 1316 3185 cerlatum
1362 3120 1653 3185 fuerat.
1747 3120 1920 3186 Non
1965 3121 2143 3205 plus
2180 3122 2234 3184 V
2271 3121 2532 3187 millia
2577 3124 2864 3202 occisa,

550 3229 812 3293 minus
859 3227 1278 3292 dimidium
1324 3228 1496 3291 eius
1543 3228 1950 3293 hominum
1997 3238 2321 3312 captum
2369 3236 2512 3309 est,
2559 3230 2865 3315 impetu

552 3336 631 3398 in
689 3342 969 3400 castra
1012 3335 1272 3412 fact0,
1342 3355 1491 3416 quo
1550 3336 1934 3419 perculsa
1990 3357 2175 3419 rege
2223 3339 2521 3402 amisso
2576 3337 2862 3400 multi-

552 3442 748 3506 tudo
830 3463 911 3506 se
993 3441 1479 3507 contulerat.
1602 3444 2045 3510 Masinissa
2123 3445 2285 3509 sibi
2353 3445 2675 3526 quidem
2742 3444 2860 3509 di-

554 3569 732 3613 cere
793 3554 916 3613 cet.
1031 3548 1371 3631 (Sequitur
1443 3552 1787 3617 consilium
1840 3553 2041 3617 Laelio
2099 3574 2140 3617 a
2195 3553 2551 3617 Masinissa
2609 3553 2858 3631 datum,

551 3662 625 3719 ut
681 3678 749 3721 se
807 3677 954 3720 cum
1017 3654 1314 3739 Syphace
1370 3656 1619 3722 Cirtam
1691 3660 2079 3741 praemittat,
2150 3659 2385 3724 deinde
2454 3659 2711 3743 reliqua
2777 3659 2859 3723 de

554 3769 754 3846 capta
820 3763 980 3827 urbe
1049 3770 1114 3828 et
1178 3764 1408 3847 regia.)
1532 3766 1658 3852 Qui
1735 3765 1872 3830 haec
1938 3774 2191 3832 attente
2259 3768 2521 3850 legerit,
2603 3768 2861 3846 sentiet,

610 3998 657 4066 ι)
698 3997 807 4066 [Ad
843 3999 951 4053 hoc
990 4005 1059 4054 et
1094 4001 1312 4070 (etiam)
1352 4021 1630 4071 quoque
1668 4003 2078 4058 defendendum
2114 4004 2368 4058 Handius
2406 4004 2649 4059 Turs.11
2684 4022 2736 4073 p.
2759 4007 2860 4059 523

691 4100 863 4137 unum
903 4083 1191 4141 Ciceronis
1227 4088 1414 4142 locum
1451 4090 1686 4155 excitat,
1733 4107 1903 4142 unum
1941 4090 2430 4158 corruptissimum
2466 4090 2640 4157 Livii,
2687 4107 2859 4143 unum

690 4168 890 4222 Velleii
939 4170 1101 4223 aliter
1133 4173 1194 4226 in
1232 4172 1316 4227 ed.
1354 4173 1535 4242 prima
1571 4174 1868 4242 scriptum,
1923 4192 2096 4227 unum
2134 4173 2488 4240 Columellae3
2548 4191 2679 4228 nam
2725 4190 2855 4225 con-

687 4253 878 4308 fictam
915 4272 948 4308 a
982 4255 1210 4311 falsario
1249 4258 1544 4326 epistulam
1580 4257 1711 4311 XVI
1747 4260 1897 4312 inter
1929 4257 2232 4314 Ovidianas
2268 4260 2566 4313 heroidum
2604 4275 2718 4312 non
2753 4275 2855 4311 nu·

688 4356 863 4392 mero.
953 4340 1438 4397 Weissenbornius
1485 4349 1697 4411 praeter
1739 4343 1951 4410 XXVI,
1996 4347 2089 4411 38,
2135 4346 2192 4410 ⁷,
2241 4345 2311 4398 de
2359 4360 2471 4411 quo
2519 4360 2690 4412 snpra
2725 4342 2858 4410 dixi,

689 4424 829 4478 duos
868 4424 1006 4479 alios
1044 4426 1317 4496 adiungit,
1355 4428 1413 4481 in
1449 4428 1653 4495 quibus
1693 4434 1758 4482 et
1794 4429 2142 4498 apertissime
2178 4445 2281 4498 pro
2318 4429 2519 4498 copula
2552 4426 2822 4498 ponitur]
