3230 5282
505 616 630 672 Lib.
667 616 866 671 XXVI.
1045 615 1050 622 ’
1596 607 1721 667 384

502 789 764 867 stilia,
823 809 1058 870 quum
1113 789 1506 868 fecerint,
1563 789 2085 870 indignatur?
2157 786 2264 853 Sic
2322 789 2493 853 enim
2552 789 2814 854 codices

501 894 602 976 (P,
650 903 788 961 tum
833 896 920 974 M,
968 895 1175 975 Voss,
1223 897 1383 979 alii),
1430 897 1680 974 addita,
1729 918 1873 981 quae
1918 897 2110 979 vulgo
2158 896 2628 977 omittebatur,⁴
2653 918 2813 962 voce

503 1010 812 1087 portas.
914 1003 1005 1068 Ut
1053 1004 1363 1070 Gronovii
1421 1013 1490 1071 et
1534 1005 1818 1098 Rubenii
1874 1011 2149 1069 conatus
2208 1005 2543 1082 omittam,
2603 1005 2812 1070 Weis-

502 1111 906 1191 senbornius,
952 1111 1421 1177 Boettcherum
1468 1119 1753 1191 secutus,
1799 1112 2017 1178 locum
2053 1118 2394 1195 tamquam
2428 1111 2812 1177 lacunosum

501 1220 596 1283 sic
667 1219 1022 1304 supplevit:
1102 1221 1226 1285 sin
1285 1226 1555 1286 autem
1611 1220 2141 1285 desciverunt
2199 1241 2240 1283 a
2305 1221 2605 1303 populo
2664 1220 2813 1284 Ro-

498 1347 757 1405 mano,
837 1327 1213 1393 hostibus
1281 1335 1789 1411 aperuerunt
1867 1334 2185 1411 portaS,
2275 1327 2596 1410 legatos
2674 1349 2812 1392 no-

501 1441 722 1500 stros
768 1441 910 1514 cet„
955 1437 1024 1500 in
1070 1457 1200 1520 quo
1247 1437 1704 1520 supplemento
1748 1436 1925 1500 inter
1970 1435 2402 1501 defectionem
2448 1440 2516 1499 et
2558 1434 2811 1517 legatos

498 1542 832 1608 Romanos
924 1544 1123 1608 armis
1214 1545 1460 1627 petitos
1549 1543 1959 1608 incommode
2046 1543 2447 1608 interiicitur
2524 1542 2811 1607 hostium

497 1652 745 1716 mentio
805 1657 872 1715 et
926 1671 1163 1734 parum
1219 1658 1371 1734 apte
1429 1658 1680 1736 apertae
1735 1651 2035 1717 hostibus
2094 1658 2305 1734 portae
2350 1657 2504 1715 ante
2551 1652 2811 1715 moenia

499 1759 731 1823 clausa
786 1767 1411 1838 commemorantur,
1481 1765 1810 1842 praecepto
1869 1760 2027 1838 iam,
2095 1758 2273 1840 quod
2317 1766 2549 1842 postea
2590 1757 2810 1822 verbis

500 1867 875 1931 exercitu
943 1865 1752 1949 Carthaginiensium
1820 1866 2244 1948 significatur.
2370 1865 2806 1931 Scribendum

497 1974 786 2039 videtur:
858 1975 982 2039 sin
1040 1980 1303 2039 autem
1365 1975 1901 2040 desciverunt
1958 1995 1999 2038 a
2044 1996 2104 2056 p.
2151 1973 2313 2050 Ro„
2374 1974 2443 2038 si
2488 1973 2811 2057 legatos

496 2088 829 2148 nostros
886 2080 1104 2147 ferro
1165 2089 1409 2166 atque
1471 2083 1710 2147 armis
1756 2083 2185 2165 petierunt
2230 2070 2399 2159 ‘cet.,
2462 2088 2535 2146 ut
2581 2102 2658 2145 ex
2703 2082 2811 2146 lit-

499 2192 659 2254 teris
708 2191 990 2273 aprosi
1039 2196 1261 2256 ortum
1305 2190 1470 2254 illud
1515 2197 1806 2273 portas
1852 2188 2216 2272 putetur.¹)

324 2311 468 2377 (314)
678 2296 835 2382 Cap.
886 2301 987 2376 33,
1038 2302 1073 2360 3
1120 2297 1230 2379 (de
1278 2297 1690 2381 Campanis):
1760 2298 1979 2362 cives
2025 2297 2455 2374 Romanos,
2514 2295 2810 2362 adfini-

500 2406 820 2470 tatibus
874 2405 1316 2489 plerosque
1377 2413 1455 2470 et
1498 2404 1983 2489 propinquis
2029 2405 2355 2469 iamiam
2401 2405 2812 2487 cognatio-

500 2514 738 2579 nibus
784 2535 873 2579 ex
920 2513 1326 2578 connubio
1372 2520 1699 2578 vetusto
1747 2514 2095 2577 iunctos.
2176 2513 2323 2577 Non
2368 2512 2811 2582 bonum.iam

498 2621 703 2706 (quod
749 2623 834 2688 ad
881 2627 1176 2688 nostram
1223 2629 1487 2688 aetatem
1534 2621 1783 2686 editum
1831 2619 1988 2701 est);
2034 2641 2240 2703 prava
2284 2627 2385 2685 est
2430 2621 2601 2684 enim
2647 2626 2809 2684 tem-

496 2732 677 2814 poris
736 2730 831 2811 (et
882 2731 980 2795 rei
1025 2736 1291 2795 mutatae
1338 2736 1454 2794 aut
1498 2730 1769 2794 maioris
1814 2727 2083 2809 futurae)
2130 2726 2554 2810 significati03
2611 2727 2806 2810 plane
2854 2810 2855 2813 Ἴ

495 2859 877 2921 perversum
955 2839 1298 2916 iamiam,
1379 2838 1557 2921 quod
1635 2834 2082 2903 festinationis
2163 2842 2230 2900 et
2296 2833 2654 2899 celeritatis
2721 2832 2807 2897 ad

469 2943 789 3010 ‘futurum
847 2946 1208 3029 spectantis
1267 2945 1814 3028 significationem
1875 2943 2094 3009 habet.
2197 2943 2264 3025 (J
2281 2948 2448 3007 etzt
2493 2942 2807 3006 bereits

495 3074 710 3137 neque
756 3059 935 3119 recte
980 3053 1258 3118 vertitur
1302 3054 1620 3117 iamiam
1664 3073 1913 3134 neque,
1974 3072 2104 3134 quo
2151 3052 2484 3134 pertineat
2527 3052 2625 3116 rei
2673 3071 2807 3114 am-

494 3161 727 3245 plioris
793 3161 1032 3225 futurae
1103 3160 1527 3244 significatiO,
1596 3158 2049 3243 intellegitur.)
2172 3159 2388 3224 Unum
2459 3159 2586 3223 dici
2656 3164 2809 3242 apte

493 3276 786 3352 poterat:
857 3267 1455 3333 adfinitatibus
1510 3268 1957 3351 plerosque
2021 3274 2099 3332 et
2154 3266 2360 3350 (quod
2418 3268 2633 3331 maius
2679 3266 2808 3347 est)

494 3377 985 3460 propinquis
1044 3376 1274 3438 etia·
1322 3376 1953 3458 cognationibus
1996 3409 2084 3419 —
2126 3374 2484 3438 iunctos,
2577 3373 2805 3454 (Gron.

494 3486 648 3548 iam
716 3482 1085 3565 etiam.)²)
1197 3483 1402 3548 Paulo
1470 3489 1626 3566 post
1686 3482 1747 3565 (ἓ
1807 3482 1871 3563 7)
1939 3479 2185 3545 Dukeri
2256 3480 2336 3545 de
2405 3480 2602 3544 verbo
2674 3501 2806 3545 ar·

493 3590 759 3656 bitror
829 3591 1230 3656 dubitationi
1295 3612 1530 3674 parum
1587 3590 1956 3655 occurritur
2013 3609 2053 3653 a
2108 3587 2636 3653 Weissenbornio
2695 3589 2808 3653 de-

494 3700 879 3763 monstratis
928 3698 1184 3763 duobus
1219 3699 1383 3763 Livii
1430 3698 1595 3763 locis
1633 3697 1775 3778 (III,
1828 3700 1924 3776 13,
1972 3702 2029 3776 3,
2075 3696 2189 3759 ubi
2223 3695 2525 3760 Volscius
2572 3717 2807 3761 caesum

495 3828 716 3890 pugno
762 3828 803 3872 a
848 3805 1113 3870 Caesone
1159 3805 1431 3870 fratrem
1477 3807 1646 3871 scire
1693 3809 1986 3888 poterat,
2044 3810 2377 3867 mortuum
2424 3824 2504 3867 ex
2552 3824 2627 3868 eo
2673 3804 2808 3868 ictu

552 4011 599 4076 ¹)
638 4010 670 4080 ξ
706 4014 742 4065 4
777 4028 931 4075 rem,
974 4009 1124 4078 quod
1167 4014 1324 4065 recte
1351 4009 1850 4063 Weissenbornius
1894 4008 2201 4076 requisivit,
2241 4006 2452 4062 excidit
2491 4010 2625 4076 post
2664 4022 2810 4061 cre·

633 4097 873 4152 derem
911 4095 1282 4163 (crederem
1331 4093 1512 4159 rem).
1600 4094 1790 4147 Senec.
1831 4091 1899 4146 de
1934 4093 2125 4148 Benef.
2163 4091 2262 4160 VI,
2313 4095 2346 4145 8
2383 4095 2521 4145 extr.
2562 4092 2810 4147 scriben-

633 4183 789 4236 dum:
852 4182 922 4235 in
976 4198 1178 4235 unum
1226 4183 1487 4233 testem
1535 4184 1797 4234 temere
1844 4194 1983 4230 rem
2031 4176 2367 4245 demittit3
2432 4175 2556 4230 cod.
2607 4174 2809 4230 Nazar.

633 4267 968 4321 demerem
1006 4264 1337 4319 demittit.

548 4352 597 4421 ²)
635 4352 702 4407 In
750 4351 1019 4405 iamiam
1069 4355 1290 4404 erratur
1333 4349 1505 4403 etiam
1540 4348 1715 4416 XLII,
1767 4351 1846 4415 11,
1898 4349 1945 4401 ὅ.
2030 4346 2164 4416 [Cic.
2202 4346 2445 4417 Philipp.
2483 4345 2557 4414 11,
2594 4348 2661 4399 87
2703 4363 2807 4414 pro

631 4439 909 4492 iamiam
977 4435 1251 4488 minime
1307 4433 1524 4486 miror
1579 4439 1649 4487 te
1707 4433 1917 4487 otium
1973 4434 2391 4502 perturbare
2447 4430 2807 4485 scribendum

603 4526 759 4577 ‚iam
797 4522 1109 4588 minime,
1148 4519 1201 4573 h.
1242 4536 1305 4586 e.,
1345 4518 1541 4573 desino
1578 4518 1690 4572 iam
1729 4515 1962 4586 mirari]
