3230 5282
610 602 736 657 Lib.
771 601 948 656 XXII.
1710 589 1834 649 288

610 774 945 840 annales
1014 780 1080 839 et
1138 772 1444 852 Caelium,
1515 772 1904 862 simpliciter
1984 770 2068 837 de
2124 769 2331 836 Fabio
2399 778 2720 853 tanquam
2783 769 2919 835 dic-

610 889 829 948 tatore
875 887 1100 948 creato
1144 901 1482 961 narrasse,
1548 880 1644 946 ibi
1700 886 1927 946 autem
1980 878 2198 945 subito
2255 879 2357 959 id,
2425 879 2606 963 quod
2661 879 2925 944 interea

613 989 859 1055 alicubi
903 989 1293 1055 adnotatum
1338 989 1776 1073 repperisset,
1836 988 2314 1072 interposuisse
2370 1007 2520 1052 cum
2576 988 2760 1069 gravi
2803 986 2928 1051 illa

611 1105 938 1164 accuratae
1005 1097 1534 1179 investigationis
1601 1097 1852 1180 specie,
1934 1116 2132 1178 quam
2198 1094 2477 1160 subinde
2545 1096 2606 1159 ei
2671 1094 2928 1179 placuit

612 1206 980 1272 narrationi
1046 1225 1126 1270 ex
1193 1204 1490 1288 proximo
1561 1204 1775 1269 ductae
1852 1201 1920 1268 et
1983 1203 2318 1268 interdum
2355 1204 2650 1269 ·incaute
2706 1202 2928 1268 verbis

613 1319 946 1381 exornatae
992 1312 1337 1379 obducere.
1450 1310 1686 1393 Itaque
1731 1310 1876 1391 hoc,
1934 1310 2015 1376 de
2061 1332 2193 1393 quo
2239 1312 2517 1394 agimus,
2573 1311 2717 1376 loco
2761 1331 2927 1376 non—

615 1423 769 1487 dum
839 1421 1200 1505 quidquam
1235 1416 1510 1483 'Livium
1578 1418 1660 1483 de
1731 1418 2308 1503 prodictatore
2365 1419 2690 1502 cogitasse
2733 1426 2925 1503 sputo,

613 1530 790 1614 quod
835 1530 890 1594 si
933 1528 1215 1607 fecisset,
1260 1525 1368 1591 hic
1411 1526 1591 1590 illam
1640 1525 1920 1591 aliorum
1968 1525 2553 1609 reprehensionem
2595 1526 2930 1610 posuisset

613 1644 681 1703 et
726 1658 804 1702 ea
844 1634 1195 1701 verborum
1241 1635 1655 1719 proprietate
1699 1652 1865 1698 usus
1905 1638 2100 1712 esset,
2145 1654 2279 1717 qua
2322 1632 2459 1698 illic
2502 1634 2729 1698 utitur.
2809 1634 2927 1697 At·

613 1737 741 1828 que
788 1744 1282 1809 dictatorem
1314 1740 1572 1806 Livium
1618 1742 1978 1825 scripsisse,
2021 1742 2368 1825 perspicue
2404 1742 2606 1806 etiam
2639 1741 2930 1806 ostendit

612 1853 973 1937 praeposita
1049 1850 1167 1915 illa
1244 1849 1603 1915 sententia:
1696 1847 1907 1930 quod
1996 1870 2396 1931 nunquam
2484 1855 2676 1913 ante
2754 1869 2926 1913 eam

614 1962 822 2025 diem
865 1959 1170 2024 factum
1216 1963 1424 2036 erat,
1489 1977 1636 2044 quae
1681 1977 1812 2021 non
1860 1957 2276 2040 superiorum
2320 1976 2586 2021 causam
2629 1956 2930 2020 continet

613 2066 992 2150 (dicendum
1049 2066 1222 2147 enim
1277 2071 1420 2129 tum
1475 2070 1623 2129 erat
1678 2063 1888 2145 quod
1942 2062 2056 2142 id,
2125 2083 2246 2128 neo
2310 2064 2475 2128 iuris
2540 2063 2657 2128 illa
2722 2083 2927 2128 causa

614 2173 820 2256 erat),
881 2173 999 2239 sed
1042 2172 1127 2237 ad
1170 2172 1271 2250 id,
1335 2170 1516 2255 quod
1563 2172 1889 2254 sequitur,
1944 2171 2267 2255 pertinet;
2333 2191 2466 2235 non
2514 2177 2656 2236 erat
2700 2176 2924 2235 autem

612 2281 941 2367 profectO,
1022 2301 1138 2345 cur
1206 2278 1431 2343 Livius
1497 2279 2152 2362 prodictatorem
2216 2300 2556 2362 nunquam
2622 2284 2820 2342 antea
2885 2298 2926 2340 a

441 2408 582 2479 (235)
619 2390 869 2475 populo
917 2394 1213 2453 creatum
1256 2385 1635 2465 adnotaret,
1703 2405 1905 2468 quum
1961 2407 2153 2452 nemo
2212 2387 2474 2452 omnino
2519 2385 2927 2470 prodictator

612 2504 766 2564 ante
811 2496 1061 2561 fuisset.
1162 2477 1639 2577 Repugnantiae
1696 2500 1918 2559 autem
1962 2493 2327 2559 manifestae
2374 2500 2443 2559 et
2485 2491 2925 2558 intolerabilis

612 2625 813 2672 causa
871 2623 1003 2668 non
1058 2603 1126 2666 in
1173 2601 1513 2667 dictatoris
1558 2601 1821 2667 nomine
1865 2601 2087 2686 posita
2132 2607 2261 2682 est,
2329 2600 2445 2668 sed
2501 2602 2569 2667 in
2625 2600 2919 2686 superio-

609 2736 758 2779 rum
802 2711 1150 2777 verborum
1199 2709 1688 2793 depravatione,
1749 2730 1948 2793 quam
1994 2710 2216 2791 arguit
2259 2711 2443 2789 gravi
2485 2709 2729 2775 indicio
2774 2709 2918 2774 cod.

520 2815 525 2822 ’
610 2822 691 2902 Ρ,
750 2818 1083 2904 popu10,
1163 2838 1295 2882 non
1362 2816 1719 2902 populus
1786 2816 2070 2897 habens,
2149 2838 2298 2883 cum
2364 2838 2604 2900 magna
2665 2817 2921 2882 lacunae

611 2929 1004 3013 suspicione.
1109 2926 1323 3003 Quum
1380 2925 1548 2990 enim
1607 2930 1876 2990 senatus
1935 2924 2325 2990 dictatorem
2370 2924 2725 2991 creandum
2769 2945 2920 2990 cen-

611 3037 853 3102 suisset
897 3054 1016 3099 neo
1061 3033 1355 3112 adesset,
1415 3031 1529 3116 qui
1575 3053 1725 3096 eum
1771 3031 2038 3112 diceret,
2094 3032 2339 3112 consul,
2396 3034 2767 3118 proximum
2812 3053 2921 3097 oc-

610 3164 875 3209 currere
919 3148 1213 3227 poterat,
1272 3146 1348 3205 ut
1393 3140 1477 3205 ab
1523 3141 1671 3222 ipso
1717 3146 1950 3204 senatu
1995 3144 2366 3220 crearetur;
2423 3141 2492 3205 id
2539 3162 2743 3224 quum
2788 3161 2920 3206 non

607 3252 870 3331 liceret,
939 3250 1024 3314 ad
1070 3248 1415 3333 populum,
1483 3248 1672 3312 cuius
1720 3268 2047 3313 summum
2092 3249 2195 3313 ius
2242 3255 2413 3327 erat,
2481 3254 2749 3314 ventum
2795 3253 2917 3312 est.

609 3359 889 3424 Videtur
934 3357 1138 3439 igitur
1180 3356 1402 3420 Livius
1450 3356 1822 3438 scripsisse:
1881 3375 2025 3421 nec
2072 3354 2572 3422 dictatorem
2616 3355 2920 3441 populo

612 3485 759 3528 non
838 3463 1202 3528 consulto
1273 3467 1581 3525 senatus
1650 3483 1933 3528 creare
1999 3469 2357 3547 poterat,
2435 3463 2643 3546 quod
2721 3484 2921 3527 nun·

610 3593 849 3657 quam
909 3577 1094 3636 ante
1151 3592 1318 3635 eam
1377 3570 1582 3634 diem
1640 3569 1940 3636 factum
1987 3577 2192 3651 erat,
2255 3572 2745 3636 dictatorem
2789 3592 2923 3655 po-

609 3679 848 3764 pulus
896 3683 1049 3758 cet.,
1106 3676 1382 3743 similive
1428 3677 1645 3742 mod0.
1747 3678 1844 3742 De
1901 3677 2156 3743 lacunis
2217 3680 2286 3744 in
2331 3679 2456 3744 hac
2502 3667 2748 3744 decade
2792 3678 2922 3743 fre·

609 3786 964 3870 quentibus
1038 3786 1173 3850 dixi
1240 3805 1443 3869 supra
1498 3807 1564 3869 p.
1621 3788 1777 3864 208,
1843 3785 2162 3870 exemplis
2232 3808 2313 3852 ex
2364 3786 2488 3852 hoc
2544 3787 2686 3870 ipso
2747 3785 2920 3851 libro

606 3891 934 3979 positis.¹)
1035 3892 1239 3959 Paulo
1299 3900 1452 3958 ante
1509 3890 1570 3975 (ξ
1621 3892 1686 3973 3)
1732 3912 1863 3956 non
1909 3911 2103 3976 posse
2151 3901 2306 3978 post
2362 3895 2769 3960 aestimare
2824 3892 2924 3975 (id

665 4163 711 4230 ι)
750 4161 1007 4230 [Pravam
1037 4181 1159 4218 esse
1189 4165 1569 4218 coniecturam
1596 4164 1766 4231 vulgo
1795 4169 2098 4232 receptam,
2120 4162 2469 4218 Woelfflinus
2500 4164 2638 4218 mihi
2667 4181 2921 4219 assensus

743 4248 989 4318 scripsit:
1027 4266 1149 4303 nec
1178 4249 1597 4304 dictatorem
1624 4253 1886 4317 praetor
1905 4247 2028 4317 (pro
2057 4250 2336 4318 populo)
2366 4267 2596 4304 creare
2621 4253 2922 4320 poterat,

743 4360 812 4371 —
834 4332 1266 4388 dictatorem.
1321 4333 1532 4386 Verum
1566 4333 1746 4387 nihilo
1782 4333 1963 4403 magis
1999 4335 2195 4388 consul
2230 4353 2395 4404 quam
2432 4341 2652 4404 praetor
2688 4336 2923 4391 dictato-

744 4436 865 4473 rem
902 4418 1018 4485 ino,
1057 4436 1167 4486 quo
1204 4418 1455 4487 intellegi
1491 4418 1630 4486 vult,
1667 4436 1836 4474 sensu
1865 4436 2100 4474 creare
2128 4424 2377 4488 poterat,
2412 4425 2634 4474 tantum
2665 4421 2923 4484 dicere-3
