3230 5282
503 602 628 657 Lib.
663 601 836 658 xxx
1545 678 1548 681 .
1592 593 1717 652 434

506 777 864 857 zeugmatis
924 774 1278 838 adhibendi
1339 780 1645 839 conatum
1694 775 2030 857 excludit).
2134 777 2206 840 In
2256 783 2476 843 tantas
2520 779 2810 862 ineptias

504 884 835 948 hominem
896 881 1222 947 eruditum
1283 881 1542 947 induxit
1585 883 1893 948 mendum
1941 890 2155 948 ortum
2201 887 2412 968 primo
2462 906 2539 949 ex
2584 885 2811 949 littera

505 1010 537 1054 ο
609 993 690 1054 in
759 990 791 1052 s
849 995 1108 1055 mutata
1175 988 1789 1070 (frudiverunt,
1873 991 2047 1056 unde
2126 992 2371 1057 factum
2452 992 2805 1057 frauda-

502 1121 540 1163 v
558 1121 593 1164 e
610 1121 643 1162 r
658 1084 703 1162 u
719 1121 760 1161 n
780 1100 868 1180 t),
943 1095 1137 1180 quum
1212 1104 1387 1162 recte
1459 1100 1833 1182 superiores
1893 1100 2181 1165 editores
2240 1122 2467 1166 omnes
2527 1122 2562 1165 e
2578 1123 2670 1165 ru
2688 1101 2729 1164 d
2749 1101 2805 1164 i-

332 1222 473 1291 (354)
508 1230 544 1270 v
569 1229 604 1272 e
622 1229 655 1270 r
670 1229 712 1270 u
728 1229 771 1270 n
789 1213 818 1270 t
877 1206 1308 1288 scripsissent.
1324 1204 1380 1286 ¹)
1487 1206 1649 1270 Tum
1713 1205 1745 1289 ἓ
1798 1212 1866 1271 11
1922 1229 2000 1271 ex
2046 1208 2276 1273 iisdem
2325 1209 2658 1273 codicibus
2703 1230 2802 1273 re-

503 1317 840 1381 stitutum:
936 1335 1094 1377 non
1177 1320 1492 1378 temere
1574 1315 1917 1379 incerta
1998 1337 2335 1381 casuum
2416 1323 2804 1400 reputat,

500 1443 599 1505 qu
624 1444 737 1487 em
796 1441 1212 1504 nunquam
1273 1420 1620 1485 fortuna
1681 1421 2042 1506 decipit,
2111 1425 2397 1489 absurda
2455 1426 2798 1490 sententia.

501 1529 567 1595 Si
634 1551 825 1612 quem
887 1529 1057 1594 enim
1117 1527 1387 1592 fortuna
1445 1549 1778 1609 nunquam
1840 1530 2084 1613 decipit
2103 1582 2116 1609 ,
2186 1532 2268 1595 ad
2339 1554 2484 1596 eum
2552 1533 2806 1597 incerta

499 1659 765 1702 casuum
812 1636 977 1701 nihil
1021 1636 1369 1719 pertinent.
1474 1635 1574 1698 Ad
1636 1636 2144 1702 adolescentiam
2191 1640 2476 1704 nondum
2522 1640 2801 1704 fortunae

495 1746 885 1810 varietatem
966 1749 1302 1826 expertam
1383 1742 1880 1825 significandam
1960 1747 2394 1811 necessarium
2474 1754 2575 1812 est
2654 1769 2802 1831 per-

497 1851 757 1917 fectum.
866 1851 1045 1915 Nihil
1110 1850 1522 1932 frequentius
1591 1859 2028 1918 commutatur
2097 1876 2291 1936 quam
2360 1855 2459 1918 hae
2528 1856 2800 1937 perfecti

494 1960 970 2045 praesentisque
1032 1959 1344 2039 temporis
1402 1957 1627 2022 formae
1688 1960 1831 2023 sola
1889 1961 2114 2025 littera
2175 1962 2196 2023 l
2257 1969 2323 2026 et
2383 1982 2415 2025 c
2476 1963 2801 2028 distinctae

499 2067 822 2149 (eiecit,
884 2064 1226 2142 effecit,
1294 2066 1654 2148 excepit,
1716 2066 1887 2148 cet.),
1949 2070 2134 2133 cuius
2180 2070 2276 2133 rei
2326 2070 2623 2154 exempla
2666 2072 2799 2134 iam

495 2177 696 2259 supra
768 2174 1066 2258 quaedam
1137 2173 1497 2237 occurrisse
1563 2176 1847 2239 memini.
1967 2175 2152 2258 [Adv.
2216 2176 2369 2242 crit..
2419 2179 2483 2242 II
2540 2201 2601 2261 p.
2654 2183 2796 2257 313,

495 2285 617 2345 352
637 2333 652 2360 ,
714 2279 960 2363 499.]2)
1066 2280 1193 2345 Sed
1239 2281 1321 2344 ab
1368 2280 1494 2343 hac
1540 2303 1835 2346 errorum
1880 2284 2388 2366 reprehensione
2411 2338 2423 2364 ,
2485 2287 2553 2351 in
2600 2300 2799 2370 qua'm

492 2390 619 2453 loci
678 2388 1132 2472 propinquitas
1176 2410 1294 2451 nos
1340 2389 1580 2452 avertit
1598 2439 1612 2467 ,
1680 2390 2028 2456 redeamus
2091 2393 2171 2456 ad
2225 2401 2472 2457 nostra.
2585 2392 2796 2457 Unum

492 2497 664 2561 enim
723 2496 790 2559 in
851 2496 977 2559 hoc
1036 2496 1250 2579 capite
1314 2503 1380 2559 et
1438 2498 1504 2559 in
1566 2496 1692 2560 hac
1738 2497 2129 2563 Hannibalis
2177 2502 2475 2565 oratione
2523 2500 2615 2582 (in
2666 2522 2799 2585 qua

491 2603 724 2683 media,
774 2602 806 2686 ἕ
858 2609 954 2684 14,
1003 2603 1207 2667 codex
1252 2603 1301 2667 P
1349 2603 1596 2685 deficit)
1643 2611 1854 2669 restat
1899 2608 2558 2674 commemorandum.
2628 2609 2795 2674 Nam

491 2712 670 2795 quod
718 2711 750 2794 ἓ
798 2716 877 2775 26
918 2713 1259 2776 scribitur:
1309 2712 2081 2796 Carthaginienses
2126 2715 2442 2780 inclusi
2491 2716 2793 2781 Africae

488 2820 907 2884 litoribus
967 2842 1142 2898 vos,
1216 2819 1553 2905 quando
1614 2821 1742 2885 ita
1804 2822 1931 2886 dis
1992 2822 2359 2904 placuit,
2435 2830 2794 2888 externa

490 2930 741 2993 etiam
836 2935 1073 2993 terra
1168 2929 1550 3010 marique
1646 2929 2080 2993 videamus
2164 2938 2563 3013 regentes
2644 2932 2791 2994 im-

486 3036 759 3119 peria,
829 3038 894 3100 in
957 3057 1032 3100 eo
1093 3056 1303 3115 neque
1366 3042 1721 3100 externa
1779 3037 2141 3119 imperia
2200 3037 2467 3121 placent
2510 3061 2627 3122 pro
2674 3060 2788 3122 po-

484 3143 654 3227 pulis
745 3144 1181 3227 gentibusque
1261 3143 1701 3207 Romanorum
1786 3144 2062 3208 arbitrio
2144 3145 2533 3229 parentibus
2615 3146 2795 3209 dicta
2882 3185 2886 3188 <

484 3273 697 3334 neque
757 3259 995 3316 terra
1055 3250 1438 3331 marique
1500 3250 1862 3333 imperia
1919 3274 2256 3335 regere3
2341 3274 2554 3335 neque
2618 3254 2790 3317 enim

484 3359 692 3436 vide0,
753 3355 1077 3441 quomodo
1125 3358 1399 3440 imperia
1445 3360 1611 3422 mari
1656 3364 1991 3442 regantur.
2103 3360 2436 3444 Scripsera
2447 3365 2492 3440 t,
2538 3361 2789 3444 opinor,

482 3465 737 3529 Livius:
822 3470 1179 3529 externa
1260 3466 1515 3528 etiam
1595 3472 1829 3530 terra
1894 3469 2281 3550 marique
2349 3467 2735 3532 videamu
2758 3488 2788 3530 s

481 3579 867 3655 regentes
934 3571 1279 3651 inperio.
1406 3573 1546 3653 (Tu
1628 3595 1917 3656 regere
1996 3576 2336 3658 imperio
2405 3576 2785 3658 popuIOS‚

538 3850 588 3915 ¹)
628 3848 922 3903 Contrario
961 3867 1145 3904 errore
1183 3868 1352 3919 quum
1388 3852 1538 3920 apud
1577 3851 1804 3905 Festum
1843 3854 2162 3919 (v.Lacus
2200 3854 2552 3908 Lucrinus
2590 3872 2642 3922 p.
2668 3853 2785 3918 121)

618 3951 684 3986 ex
727 3934 1059 3988 fruendus
1103 3936 1315 3989 factum
1354 3943 1505 3990 esset
1541 3937 1906 4001 eruenduS,
1952 3944 2088 3993 nata
2131 3944 2218 3993 est
2264 3939 2408 3992 mira
2454 3939 2786 4006 interpreta-

615 4020 725 4086 tio,
772 4025 834 4073 ut
882 4037 1125 4075 eruere
1170 4022 1481 4089 accipiatur
1516 4022 1585 4075 de
1622 4023 1917 4092 purgando
1952 4024 2081 4078 lacu
2128 4024 2280 4091 (vere
2316 4029 2610 4091 eruuntur,
2658 4040 2785 4091 quae

617 4106 819 4159 obruta
874 4106 1290 4172 extrahuntur);
1356 4107 1490 4174 quid
1547 4107 1759 4175 dicam,
1825 4110 2008 4164 lacum
2045 4109 2353 4163 Lucrinum
2409 4126 2523 4161 non
2582 4108 2783 4177 quinto

616 4207 835 4258 quoque
871 4208 1019 4244 anno
1055 4208 1157 4244 nec
1192 4192 1354 4243 statis
1391 4194 1738 4261 temporibus
1774 4200 2075 4262 purgatum
2111 4194 2272 4247 esse?

532 4276 581 4342 ²)
617 4274 688 4328 In
733 4275 928 4329 eodem
976 4292 1180 4344 genere
1227 4277 1550 4330 aberratum
1600 4286 1683 4331 est
1721 4279 1789 4330 ab
1826 4278 2012 4331 Alsch.
2052 4285 2108 4331 et
2144 4280 2227 4333 W.
2267 4297 2312 4334 c.
2352 4282 2444 4344 34,
2489 4282 2551 4344 8,
2604 4296 2637 4331 a
2671 4294 2781 4347 quo

611 4360 738 4414 loco
791 4360 1163 4414 alienissimus
1216 4366 1302 4414 est
1343 4360 1652 4415 infinitivus
1697 4362 1994 4417 historicus
2034 4364 2366 4432 (accipere
2412 4391 2480 4402 —
2526 4364 2785 4417 eiicere

612 4461 718 4513 pro
756 4462 1088 4514 accepere
1125 4474 1193 4484 —-
1229 4445 1537 4513 eiecere).
