<?xml version="1.0" encoding="UTF-8"?>
<!DOCTYPE html PUBLIC "-//W3C//DTD XHTML 1.0 Transitional//EN"
    "http://www.w3.org/TR/xhtml1/DTD/xhtml1-transitional.dtd">
<html xmlns="http://www.w3.org/1999/xhtml" xml:lang="en" lang="en">
 <head>
  <title>
</title>
<meta http-equiv="Content-Type" content="text/html;charset=utf-8" />
  <meta name='ocr-system' content='tesseract 3.04.00' />
  <meta name='ocr-capabilities' content='ocr_page ocr_carea ocr_par ocr_line ocrx_word'/>
</head>
<body>
  <div class='ocr_page' id='page_1' title='image "./emendationesliv03madvgoog_0393.png"; bbox 0 0 3230 5282; ppageno 0'>
   <div class='ocr_carea' id='block_1_1' title="bbox 1538 599 2754 668">
    <p class='ocr_par' dir='ltr' id='par_1_1' title="bbox 1538 599 2754 668">
     <span class='ocr_line' id='line_1_1' title="bbox 1538 599 2754 668; baseline 0.006 -9"><span class='ocrx_word' id='word_1_1' title='bbox 1538 599 1660 660; x_wconf 82' lang='grc'>379</span> <span class='ocrx_word' id='word_1_2' title='bbox 2393 612 2515 667; x_wconf 88' lang='lat' dir='ltr'>Lib.</span> <span class='ocrx_word' id='word_1_3' title='bbox 2555 612 2754 668; x_wconf 79' lang='lat' dir='ltr'>XXVI.</span> 
     </span>
    </p>
   </div>
   <div class='ocr_carea' id='block_1_2' title="bbox 439 780 2926 4537">
    <p class='ocr_par' dir='ltr' id='par_1_2' title="bbox 440 780 2756 2157">
     <span class='ocr_line' id='line_1_2' title="bbox 442 780 2755 867; baseline 0 -19"><span class='ocrx_word' id='word_1_4' title='bbox 442 782 602 848; x_wconf 90' lang='lat' dir='ltr'>ordo</span> <span class='ocrx_word' id='word_1_5' title='bbox 659 801 870 864; x_wconf 90' lang='lat' dir='ltr'>neque</span> <span class='ocrx_word' id='word_1_6' title='bbox 927 780 1164 847; x_wconf 88' lang='lat' dir='ltr'>edere</span> <span class='ocrx_word' id='word_1_7' title='bbox 1222 783 1563 848; x_wconf 92' lang='lat' dir='ltr'>crimina</span> <span class='ocrx_word' id='word_1_8' title='bbox 1608 804 1730 866; x_wconf 91' lang='lat' dir='ltr'>pro</span> <span class='ocrx_word' id='word_1_9' title='bbox 1779 804 1884 863; x_wconf 93' lang='lat' dir='ltr'>eo,</span> <span class='ocrx_word' id='word_1_10' title='bbox 1943 782 2119 867; x_wconf 90' lang='lat' dir='ltr'>quod</span> <span class='ocrx_word' id='word_1_11' title='bbox 2166 791 2267 849; x_wconf 90' lang='lat' dir='ltr'>est</span> <span class='ocrx_word' id='word_1_12' title='bbox 2313 784 2755 864; x_wconf 88' lang='lat' dir='ltr'>subiicere,</span> 
     </span>
     <span class='ocr_line' id='line_1_3' title="bbox 443 888 2754 958; baseline 0 -3"><span class='ocrx_word' id='word_1_13' title='bbox 443 890 523 955; x_wconf 88' lang='lat' dir='ltr'>de</span> <span class='ocrx_word' id='word_1_14' title='bbox 581 888 1002 955; x_wconf 90' lang='lat' dir='ltr'>monentibus</span> <span class='ocrx_word' id='word_1_15' title='bbox 1073 889 1238 954; x_wconf 88' lang='lat' dir='ltr'>alios</span> <span class='ocrx_word' id='word_1_16' title='bbox 1298 895 1365 955; x_wconf 87' lang='lat' dir='ltr'>et</span> <span class='ocrx_word' id='word_1_17' title='bbox 1422 889 1938 956; x_wconf 78' lang='lat' dir='ltr'><strong>subornantibus</strong></span> <span class='ocrx_word' id='word_1_18' title='bbox 1993 892 2236 956; x_wconf 87' lang='lat' dir='ltr'>usitat-e</span> <span class='ocrx_word' id='word_1_19' title='bbox 2293 890 2426 957; x_wconf 88' lang='lat' dir='ltr'>dici</span> <span class='ocrx_word' id='word_1_20' title='bbox 2479 892 2754 958; x_wconf 82' lang='lat' dir='ltr'>videtur.</span> 
     </span>
     <span class='ocr_line' id='line_1_4' title="bbox 443 997 2754 1083; baseline 0.001 -21"><span class='ocrx_word' id='word_1_21' title='bbox 443 999 675 1081; x_wconf 89' lang='lat' dir='ltr'>Itaque</span> <span class='ocrx_word' id='word_1_22' title='bbox 734 997 1083 1080; x_wconf 85' lang='lat' dir='ltr'>Ussingius</span> <span class='ocrx_word' id='word_1_23' title='bbox 1154 997 1378 1062; x_wconf 91' lang='lat' dir='ltr'>edita</span> <span class='ocrx_word' id='word_1_24' title='bbox 1435 998 1801 1063; x_wconf 88' lang='lat' dir='ltr'>tollendum</span> <span class='ocrx_word' id='word_1_25' title='bbox 1859 1001 2137 1083; x_wconf 84' lang='lat' dir='ltr'>putavit.</span> <span class='ocrx_word' id='word_1_26' title='bbox 2248 998 2454 1065; x_wconf 89' lang='lat' dir='ltr'>Miror</span> <span class='ocrx_word' id='word_1_27' title='bbox 2512 1007 2754 1079; x_wconf 88' lang='lat' dir='ltr'>tamen,</span> 
     </span>
     <span class='ocr_line' id='line_1_5' title="bbox 442 1106 2754 1193; baseline 0.002 -24"><span class='ocrx_word' id='word_1_28' title='bbox 442 1107 557 1189; x_wconf 93' lang='lat' dir='ltr'>qui</span> <span class='ocrx_word' id='word_1_29' title='bbox 625 1107 692 1169; x_wconf 91' lang='lat' dir='ltr'>in</span> <span class='ocrx_word' id='word_1_30' title='bbox 750 1110 1040 1171; x_wconf 79' lang='lat' dir='ltr'>mentem</span> <span class='ocrx_word' id='word_1_31' title='bbox 1094 1107 1348 1171; x_wconf 84' lang='lat' dir='ltr'>venerit</span> <span class='ocrx_word' id='word_1_32' title='bbox 1404 1108 1718 1193; x_wconf 83' lang='lat' dir='ltr'><strong>cuiquam</strong></span> <span class='ocrx_word' id='word_1_33' title='bbox 1773 1106 1898 1172; x_wconf 92' lang='lat' dir='ltr'>hoc</span> <span class='ocrx_word' id='word_1_34' title='bbox 1953 1108 2039 1172; x_wconf 85' lang='lat' dir='ltr'>ad</span> <span class='ocrx_word' id='word_1_35' title='bbox 2092 1106 2302 1173; x_wconf 84' lang='lat' dir='ltr'>ficta</span> <span class='ocrx_word' id='word_1_36' title='bbox 2360 1108 2754 1187; x_wconf 83' lang='lat' dir='ltr'>adscribere,</span> 
     </span>
     <span class='ocr_line' id='line_1_6' title="bbox 443 1213 2755 1298; baseline 0 -19"><span class='ocrx_word' id='word_1_37' title='bbox 443 1236 523 1279; x_wconf 89' lang='lat' dir='ltr'>ac</span> <span class='ocrx_word' id='word_1_38' title='bbox 568 1215 811 1297; x_wconf 91' lang='lat' dir='ltr'>potius,</span> <span class='ocrx_word' id='word_1_39' title='bbox 873 1213 998 1277; x_wconf 87' lang='lat' dir='ltr'>nisi</span> <span class='ocrx_word' id='word_1_40' title='bbox 1044 1213 1227 1279; x_wconf 89' lang='lat' dir='ltr'>aliud</span> <span class='ocrx_word' id='word_1_41' title='bbox 1271 1213 1460 1293; x_wconf 87' lang='lat' dir='ltr'>latet,</span> <span class='ocrx_word' id='word_1_42' title='bbox 1519 1214 1727 1279; x_wconf 83' lang='lat' dir='ltr'>ficta</span> <span class='ocrx_word' id='word_1_43' title='bbox 1772 1214 2163 1281; x_wconf 89' lang='lat' dir='ltr'>eiiciendum</span> <span class='ocrx_word' id='word_1_44' title='bbox 2209 1221 2372 1298; x_wconf 91' lang='lat' dir='ltr'>puto</span> <span class='ocrx_word' id='word_1_45' title='bbox 2420 1222 2487 1280; x_wconf 89' lang='lat' dir='ltr'>et</span> <span class='ocrx_word' id='word_1_46' title='bbox 2532 1215 2755 1280; x_wconf 89' lang='lat' dir='ltr'>edita</span> 
     </span>
     <span class='ocr_line' id='line_1_7' title="bbox 443 1321 2755 1404; baseline 0 -19"><span class='ocrx_word' id='word_1_47' title='bbox 443 1321 537 1385; x_wconf 92' lang='lat' dir='ltr'>ab</span> <span class='ocrx_word' id='word_1_48' title='bbox 584 1321 952 1386; x_wconf 90' lang='lat' dir='ltr'>inimicis</span> <span class='ocrx_word' id='word_1_49' title='bbox 997 1327 1223 1386; x_wconf 86' lang='lat' dir='ltr'>tamen</span> <span class='ocrx_word' id='word_1_50' title='bbox 1269 1322 1726 1404; x_wconf 80' lang='lat' dir='ltr'>accipiendum</span> <span class='ocrx_word' id='word_1_51' title='bbox 1763 1323 1843 1388; x_wconf 92' lang='lat' dir='ltr'>de</span> <span class='ocrx_word' id='word_1_52' title='bbox 1882 1323 2287 1401; x_wconf 76' lang='lat' dir='ltr'>criminibuS,</span> <span class='ocrx_word' id='word_1_53' title='bbox 2325 1342 2470 1404; x_wconf 76' lang='lat' dir='ltr'>quae</span> <span class='ocrx_word' id='word_1_54' title='bbox 2506 1323 2755 1387; x_wconf 91' lang='lat' dir='ltr'>inimici</span> 
     </span>
     <span class='ocr_line' id='line_1_8' title="bbox 445 1428 2748 1513; baseline 0 -19"><span class='ocrx_word' id='word_1_55' title='bbox 445 1450 486 1494; x_wconf 89' lang='lat' dir='ltr'>a</span> <span class='ocrx_word' id='word_1_56' title='bbox 531 1449 602 1493; x_wconf 87' lang='lat' dir='ltr'>se</span> <span class='ocrx_word' id='word_1_57' title='bbox 646 1430 915 1494; x_wconf 85' lang='lat' dir='ltr'>inventa</span> <span class='ocrx_word' id='word_1_58' title='bbox 958 1428 1395 1494; x_wconf 82' lang='lat' dir='ltr'>indicaverint</span> <span class='ocrx_word' id='word_1_59' title='bbox 1429 1428 1731 1495; x_wconf 89' lang='lat' dir='ltr'>testibus.</span> <span class='ocrx_word' id='word_1_60' title='bbox 1783 1431 2029 1512; x_wconf 84' lang='grc'>(1876.)</span> <span class='ocrx_word' id='word_1_61' title='bbox 2078 1430 2326 1496; x_wconf 78' lang='lat' dir='ltr'>Contra</span> <span class='ocrx_word' id='word_1_62' title='bbox 2361 1448 2503 1513; x_wconf 90' lang='lat' dir='ltr'>cap.</span> <span class='ocrx_word' id='word_1_63' title='bbox 2532 1433 2633 1509; x_wconf 80' lang='lat'>27,</span> <span class='ocrx_word' id='word_1_64' title='bbox 2678 1437 2748 1495; x_wconf 97' lang='grc'>11</span> 
     </span>
     <span class='ocr_line' id='line_1_9' title="bbox 445 1536 2754 1622; baseline 0.001 -23"><span class='ocrx_word' id='word_1_65' title='bbox 445 1536 821 1617; x_wconf 83' lang='lat' dir='ltr'><strong>(Flaccus</strong></span> <span class='ocrx_word' id='word_1_66' title='bbox 883 1537 1045 1602; x_wconf 91' lang='lat' dir='ltr'>sibi</span> <span class='ocrx_word' id='word_1_67' title='bbox 1102 1538 1509 1619; x_wconf 85' lang='lat' dir='ltr'>privatam</span> <span class='ocrx_word' id='word_1_68' title='bbox 1567 1538 2070 1603; x_wconf 78' lang='lat' dir='ltr'>simultatem</span> <span class='ocrx_word' id='word_1_69' title='bbox 2117 1560 2286 1603; x_wconf 94' lang='lat' dir='ltr'>cum</span> <span class='ocrx_word' id='word_1_70' title='bbox 2332 1537 2754 1622; x_wconf 88' lang='lat' dir='ltr'>Campanis</span> 
     </span>
     <span class='ocr_line' id='line_1_10' title="bbox 440 1643 2753 1728; baseline 0.001 -20"><span class='ocrx_word' id='word_1_71' title='bbox 440 1665 744 1727; x_wconf 87' lang='lat' dir='ltr'>negare</span> <span class='ocrx_word' id='word_1_72' title='bbox 810 1643 1059 1709; x_wconf 92' lang='lat' dir='ltr'>ullam</span> <span class='ocrx_word' id='word_1_73' title='bbox 1125 1666 1331 1724; x_wconf 81' lang='lat' dir='ltr'>esse3</span> <span class='ocrx_word' id='word_1_74' title='bbox 1401 1644 1784 1728; x_wconf 84' lang='lat' dir='ltr'>publicas</span> <span class='ocrx_word' id='word_1_75' title='bbox 1855 1647 2346 1711; x_wconf 89' lang='lat' dir='ltr'>inimicitias</span> <span class='ocrx_word' id='word_1_76' title='bbox 2405 1645 2753 1712; x_wconf 85' lang='lat' dir='ltr'>hostiles</span> 
     </span>
     <span class='ocr_line' id='line_1_11' title="bbox 442 1753 2756 1837; baseline 0.001 -21"><span class='ocrx_word' id='word_1_77' title='bbox 442 1774 619 1817; x_wconf 92' lang='lat' dir='ltr'>esse</span> <span class='ocrx_word' id='word_1_78' title='bbox 666 1758 745 1818; x_wconf 93' lang='lat' dir='ltr'>et</span> <span class='ocrx_word' id='word_1_79' title='bbox 787 1753 1118 1819; x_wconf 83' lang='lat' dir='ltr'>futuras</span> <span class='ocrx_word' id='word_1_80' title='bbox 1165 1753 1319 1834; x_wconf 89' lang='lat' dir='ltr'>cet.)</span> <span class='ocrx_word' id='word_1_81' title='bbox 1364 1774 1636 1836; x_wconf 87' lang='lat' dir='ltr'>prorsus</span> <span class='ocrx_word' id='word_1_82' title='bbox 1684 1756 2010 1819; x_wconf 90' lang='lat' dir='ltr'>assentior</span> <span class='ocrx_word' id='word_1_83' title='bbox 2057 1754 2363 1837; x_wconf 83' lang='lat' dir='ltr'>Ussingio</span> <span class='ocrx_word' id='word_1_84' title='bbox 2417 1755 2756 1819; x_wconf 88' lang='lat' dir='ltr'>damnanti</span> 
     </span>
     <span class='ocr_line' id='line_1_12' title="bbox 442 1860 2755 1946; baseline 0 -20"><span class='ocrx_word' id='word_1_85' title='bbox 442 1861 826 1941; x_wconf 88' lang='lat' dir='ltr'>hostiles,</span> <span class='ocrx_word' id='word_1_86' title='bbox 899 1862 1004 1926; x_wconf 93' lang='lat' dir='ltr'>cui</span> <span class='ocrx_word' id='word_1_87' title='bbox 1060 1860 1255 1944; x_wconf 83' lang='lat' dir='ltr'>vulgo</span> <span class='ocrx_word' id='word_1_88' title='bbox 1313 1868 1546 1927; x_wconf 89' lang='lat' dir='ltr'>contra</span> <span class='ocrx_word' id='word_1_89' title='bbox 1591 1861 1849 1927; x_wconf 90' lang='lat' dir='ltr'>codices</span> <span class='ocrx_word' id='word_1_90' title='bbox 1893 1863 2302 1946; x_wconf 78' lang='lat' dir='ltr'>praeponitur</span> <span class='ocrx_word' id='word_1_91' title='bbox 2345 1869 2442 1927; x_wconf 89' lang='lat' dir='ltr'>et.</span> <span class='ocrx_word' id='word_1_92' title='bbox 2543 1862 2755 1927; x_wconf 74' lang='lat' dir='ltr'>Nullae</span> 
     </span>
     <span class='ocr_line' id='line_1_13' title="bbox 441 1969 2755 2051; baseline 0 -17"><span class='ocrx_word' id='word_1_93' title='bbox 441 1976 596 2034; x_wconf 89' lang='lat' dir='ltr'>sunt</span> <span class='ocrx_word' id='word_1_94' title='bbox 650 1969 927 2035; x_wconf 87' lang='lat' dir='ltr'>hostiles</span> <span class='ocrx_word' id='word_1_95' title='bbox 984 1970 1345 2034; x_wconf 75' lang='lat' dir='ltr'>inimicitiae</span> <span class='ocrx_word' id='word_1_96' title='bbox 1405 1990 1524 2034; x_wconf 89' lang='lat' dir='ltr'>nec</span> <span class='ocrx_word' id='word_1_97' title='bbox 1579 1970 1850 2034; x_wconf 85' lang='lat' dir='ltr'>Fulvius</span> <span class='ocrx_word' id='word_1_98' title='bbox 1904 1990 2043 2033; x_wconf 90' lang='lat' dir='ltr'>rem</span> <span class='ocrx_word' id='word_1_99' title='bbox 2100 1977 2325 2051; x_wconf 86' lang='lat' dir='ltr'>auget,</span> <span class='ocrx_word' id='word_1_100' title='bbox 2395 1976 2470 2035; x_wconf 90' lang='lat' dir='ltr'>ut</span> <span class='ocrx_word' id='word_1_101' title='bbox 2525 1970 2755 2036; x_wconf 88' lang='lat' dir='ltr'>hostili</span> 
     </span>
     <span class='ocr_line' id='line_1_14' title="bbox 441 2075 2113 2157; baseline -0.002 -14"><span class='ocrx_word' id='word_1_102' title='bbox 441 2078 637 2143; x_wconf 92' lang='lat' dir='ltr'>modo</span> <span class='ocrx_word' id='word_1_103' title='bbox 685 2100 753 2142; x_wconf 88' lang='lat' dir='ltr'>se</span> <span class='ocrx_word' id='word_1_104' title='bbox 799 2078 1180 2143; x_wconf 89' lang='lat' dir='ltr'>inimicitias</span> <span class='ocrx_word' id='word_1_105' title='bbox 1225 2098 1530 2142; x_wconf 85' lang='lat' dir='ltr'>exercere</span> <span class='ocrx_word' id='word_1_106' title='bbox 1577 2078 1778 2142; x_wconf 89' lang='lat' dir='ltr'>dicat.</span> <span class='ocrx_word' id='word_1_107' title='bbox 1868 2075 2113 2157; x_wconf 88' lang='grc'>(1863.)</span> 
     </span>
    </p>

    <p class='ocr_par' dir='ltr' id='par_1_3' title="bbox 439 2184 2926 4537">
     <span class='ocr_line' id='line_1_15' title="bbox 614 2184 2755 2270; baseline 0 -20"><span class='ocrx_word' id='word_1_108' title='bbox 614 2184 773 2270; x_wconf 86' lang='lat' dir='ltr'>Cap.</span> <span class='ocrx_word' id='word_1_109' title='bbox 821 2189 933 2265; x_wconf 83' lang='lat'>27,</span> <span class='ocrx_word' id='word_1_110' title='bbox 996 2190 1071 2249; x_wconf 89' lang='grc'>16</span> <span class='ocrx_word' id='word_1_111' title='bbox 1120 2184 1230 2266; x_wconf 89' lang='lat' dir='ltr'>(de</span> <span class='ocrx_word' id='word_1_112' title='bbox 1278 2185 1540 2250; x_wconf 90' lang='lat' dir='ltr'>Valerio</span> <span class='ocrx_word' id='word_1_113' title='bbox 1591 2185 1851 2249; x_wconf 83' lang='lat' dir='ltr'>Laevino</span> <span class='ocrx_word' id='word_1_114' title='bbox 1911 2184 2180 2250; x_wconf 90' lang='lat' dir='ltr'>consule</span> <span class='ocrx_word' id='word_1_115' title='bbox 2237 2185 2322 2250; x_wconf 87' lang='lat' dir='ltr'>ad</span> <span class='ocrx_word' id='word_1_116' title='bbox 2368 2184 2598 2251; x_wconf 87' lang='lat' dir='ltr'>urbem</span> <span class='ocrx_word' id='word_1_117' title='bbox 2644 2206 2755 2251; x_wconf 92' lang='lat' dir='ltr'>ac-</span> 
     </span>
     <span class='ocr_line' id='line_1_16' title="bbox 441 2292 2756 2377; baseline 0 -19"><span class='ocrx_word' id='word_1_118' title='bbox 441 2294 712 2358; x_wconf 86' lang='lat' dir='ltr'>cedente</span> <span class='ocrx_word' id='word_1_119' title='bbox 759 2292 1108 2377; x_wconf 89' lang='lat' dir='ltr'>Campanis</span> <span class='ocrx_word' id='word_1_120' title='bbox 1155 2294 1239 2358; x_wconf 89' lang='lat' dir='ltr'>ad</span> <span class='ocrx_word' id='word_1_121' title='bbox 1288 2293 1771 2376; x_wconf 87' lang='lat' dir='ltr'>deprecandam</span> <span class='ocrx_word' id='word_1_122' title='bbox 1818 2293 2028 2357; x_wconf 86' lang='lat' dir='ltr'>Fulvii</span> <span class='ocrx_word' id='word_1_123' title='bbox 2074 2293 2293 2358; x_wconf 89' lang='lat' dir='ltr'>Flacci</span> <span class='ocrx_word' id='word_1_124' title='bbox 2339 2295 2756 2359; x_wconf 81' lang='lat' dir='ltr'>severitatem</span> 
     </span>
     <span class='ocr_line' id='line_1_17' title="bbox 442 2400 2755 2485; baseline 0.001 -20"><span class='ocrx_word' id='word_1_125' title='bbox 442 2401 848 2466; x_wconf 84' lang='lat' dir='ltr'>circumfusis</span> <span class='ocrx_word' id='word_1_126' title='bbox 894 2408 963 2466; x_wconf 89' lang='lat' dir='ltr'>et</span> <span class='ocrx_word' id='word_1_127' title='bbox 1009 2400 1267 2478; x_wconf 87' lang='lat' dir='ltr'>Siculis,</span> <span class='ocrx_word' id='word_1_128' title='bbox 1325 2402 1440 2484; x_wconf 88' lang='lat' dir='ltr'>qui</span> <span class='ocrx_word' id='word_1_129' title='bbox 1486 2401 1765 2466; x_wconf 88' lang='lat' dir='ltr'>Romam</span> <span class='ocrx_word' id='word_1_130' title='bbox 1813 2407 2114 2485; x_wconf 88' lang='lat' dir='ltr'>questum</span> <span class='ocrx_word' id='word_1_131' title='bbox 2161 2401 2243 2466; x_wconf 89' lang='lat' dir='ltr'>de</span> <span class='ocrx_word' id='word_1_132' title='bbox 2288 2401 2602 2467; x_wconf 88' lang='lat' dir='ltr'>Marcello</span> <span class='ocrx_word' id='word_1_133' title='bbox 2647 2422 2755 2467; x_wconf 84' lang='lat' dir='ltr'>ve-</span> 
     </span>
     <span class='ocr_line' id='line_1_18' title="bbox 442 2508 2753 2591; baseline 0 -17"><span class='ocrx_word' id='word_1_134' title='bbox 442 2516 708 2589; x_wconf 88' lang='lat' dir='ltr'>nerant,</span> <span class='ocrx_word' id='word_1_135' title='bbox 791 2509 1052 2575; x_wconf 85' lang='lat' dir='ltr'>obviam</span> <span class='ocrx_word' id='word_1_136' title='bbox 1117 2508 1458 2591; x_wconf 86' lang='lat' dir='ltr'>egressis):</span> <span class='ocrx_word' id='word_1_137' title='bbox 1539 2508 1703 2573; x_wconf 92' lang='lat' dir='ltr'>Hac</span> <span class='ocrx_word' id='word_1_138' title='bbox 1771 2508 2312 2575; x_wconf 87' lang='lat' dir='ltr'>circumfusus</span> <span class='ocrx_word' id='word_1_139' title='bbox 2381 2511 2753 2575; x_wconf 91' lang='lat' dir='ltr'>multitu·</span> 
     </span>
     <span class='ocr_line' id='line_1_19' title="bbox 442 2617 2854 2706; baseline 0 -23"><span class='ocrx_word' id='word_1_140' title='bbox 442 2617 627 2683; x_wconf 90' lang='lat' dir='ltr'>dine</span> <span class='ocrx_word' id='word_1_141' title='bbox 684 2617 922 2684; x_wconf 90' lang='lat' dir='ltr'>simul</span> <span class='ocrx_word' id='word_1_142' title='bbox 968 2617 1275 2684; x_wconf 87' lang='lat' dir='ltr'>Siculis</span> <span class='ocrx_word' id='word_1_143' title='bbox 1323 2617 1640 2684; x_wconf 87' lang='lat' dir='ltr'>obviam</span> <span class='ocrx_word' id='word_1_144' title='bbox 1686 2618 2044 2701; x_wconf 87' lang='lat' dir='ltr'>egressis</span> <span class='ocrx_word' id='word_1_145' title='bbox 2091 2617 2566 2703; x_wconf 89' lang='lat' dir='ltr'>seculisque</span> <span class='ocrx_word' id='word_1_146' title='bbox 2612 2619 2751 2706; x_wconf 82' lang='lat' dir='ltr'>Ro·</span> <span class='ocrx_word' id='word_1_147' title='bbox 2851 2695 2854 2698; x_wconf 31' lang='grc'>,</span> 
     </span>
     <span class='ocr_line' id='line_1_20' title="bbox 439 2725 2750 2818; baseline 0 -28"><span class='ocrx_word' id='word_1_148' title='bbox 439 2748 635 2818; x_wconf 88' lang='lat' dir='ltr'>mam</span> <span class='ocrx_word' id='word_1_149' title='bbox 713 2726 1061 2810; x_wconf 75' lang='lat' dir='ltr'>praebuit</span> <span class='ocrx_word' id='word_1_150' title='bbox 1124 2725 1789 2791; x_wconf 59' lang='lat' dir='ltr'>‘clarissimarum</span> <span class='ocrx_word' id='word_1_151' title='bbox 1866 2727 2184 2792; x_wconf 92' lang='lat' dir='ltr'>urbium</span> <span class='ocrx_word' id='word_1_152' title='bbox 2265 2727 2588 2793; x_wconf 82' lang='lat' dir='ltr'>excidio</span> <span class='ocrx_word' id='word_1_153' title='bbox 2658 2747 2750 2791; x_wconf 91' lang='lat' dir='ltr'>ac</span> 
     </span>
     <span class='ocr_line' id='line_1_21' title="bbox 440 2833 2751 2900; baseline -0 -2"><span class='ocrx_word' id='word_1_154' title='bbox 440 2834 1019 2900; x_wconf 89' lang='lat' dir='ltr'>celeberrimis</span> <span class='ocrx_word' id='word_1_155' title='bbox 1111 2834 1318 2898; x_wconf 85' lang='lat' dir='ltr'>viris</span> <span class='ocrx_word' id='word_1_156' title='bbox 1407 2835 1671 2899; x_wconf 86' lang='lat' dir='ltr'>victos</span> <span class='ocrx_word' id='word_1_157' title='bbox 1754 2833 1978 2899; x_wconf 90' lang='lat' dir='ltr'>bello</span> <span class='ocrx_word' id='word_1_158' title='bbox 2060 2841 2591 2899; x_wconf 87' lang='lat' dir='ltr'>accusatores</span> <span class='ocrx_word' id='word_1_159' title='bbox 2674 2836 2751 2899; x_wconf 70' lang='lat' dir='ltr'>iii</span> 
     </span>
     <span class='ocr_line' id='line_1_22' title="bbox 439 2941 2753 3025; baseline 0 -19"><span class='ocrx_word' id='word_1_160' title='bbox 439 2943 713 3007; x_wconf 90' lang='lat' dir='ltr'>urbem</span> <span class='ocrx_word' id='word_1_161' title='bbox 770 2942 1282 3007; x_wconf 87' lang='lat' dir='ltr'>adducentis.</span> <span class='ocrx_word' id='word_1_162' title='bbox 1384 2941 1461 3006; x_wconf 93' lang='lat' dir='ltr'>In</span> <span class='ocrx_word' id='word_1_163' title='bbox 1508 2941 2014 3025; x_wconf 86' lang='lat' dir='ltr'>seculisque,</span> <span class='ocrx_word' id='word_1_164' title='bbox 2075 2963 2154 3007; x_wconf 82' lang='lat' dir='ltr'>ex</span> <span class='ocrx_word' id='word_1_165' title='bbox 2199 2962 2332 3024; x_wconf 91' lang='lat' dir='ltr'>quo</span> <span class='ocrx_word' id='word_1_166' title='bbox 2381 2941 2753 3007; x_wconf 85' lang='lat' dir='ltr'>Gronovius</span> 
     </span>
     <span class='ocr_line' id='line_1_23' title="bbox 441 3048 2752 3132; baseline 0.001 -20"><span class='ocrx_word' id='word_1_167' title='bbox 441 3048 902 3131; x_wconf 89' lang='lat' dir='ltr'>AEtolisque</span> <span class='ocrx_word' id='word_1_168' title='bbox 961 3048 1299 3129; x_wconf 82' lang='lat' dir='ltr'>effecerat,</span> <span class='ocrx_word' id='word_1_169' title='bbox 1370 3051 1554 3113; x_wconf 92' lang='lat' dir='ltr'>cuius</span> <span class='ocrx_word' id='word_1_170' title='bbox 1615 3052 1831 3132; x_wconf 87' lang='lat' dir='ltr'>gentis</span> <span class='ocrx_word' id='word_1_171' title='bbox 1892 3050 2298 3114; x_wconf 88' lang='lat' dir='ltr'>alienissima</span> <span class='ocrx_word' id='word_1_172' title='bbox 2355 3049 2440 3113; x_wconf 89' lang='lat' dir='ltr'>ab</span> <span class='ocrx_word' id='word_1_173' title='bbox 2498 3048 2621 3113; x_wconf 90' lang='lat' dir='ltr'>hac</span> <span class='ocrx_word' id='word_1_174' title='bbox 2679 3071 2752 3114; x_wconf 90' lang='lat' dir='ltr'>re</span> 
     </span>
     <span class='ocr_line' id='line_1_24' title="bbox 443 3157 2753 3234; baseline 0 -13"><span class='ocrx_word' id='word_1_175' title='bbox 443 3157 687 3221; x_wconf 88' lang='lat' dir='ltr'>mentio</span> <span class='ocrx_word' id='word_1_176' title='bbox 756 3162 888 3234; x_wconf 88' lang='lat' dir='ltr'>est,</span> <span class='ocrx_word' id='word_1_177' title='bbox 956 3158 1525 3222; x_wconf 88' lang='lat' dir='ltr'>Weissenbornius</span> <span class='ocrx_word' id='word_1_178' title='bbox 1593 3163 1774 3222; x_wconf 89' lang='lat' dir='ltr'>recte</span> <span class='ocrx_word' id='word_1_179' title='bbox 1841 3157 2007 3222; x_wconf 75' lang='lat' dir='ltr'>vidit</span> <span class='ocrx_word' id='word_1_180' title='bbox 2074 3157 2235 3221; x_wconf 88' lang='lat' dir='ltr'>nihil</span> <span class='ocrx_word' id='word_1_181' title='bbox 2305 3157 2487 3222; x_wconf 90' lang='lat' dir='ltr'>aliud</span> <span class='ocrx_word' id='word_1_182' title='bbox 2545 3157 2753 3222; x_wconf 88' lang='lat' dir='ltr'>latere</span> 
     </span>
     <span class='ocr_line' id='line_1_25' title="bbox 440 3264 2752 3350; baseline 0 -22"><span class='ocrx_word' id='word_1_183' title='bbox 440 3266 566 3329; x_wconf 88' lang='lat' dir='ltr'>nisi</span> <span class='ocrx_word' id='word_1_184' title='bbox 636 3267 1121 3350; x_wconf 87' lang='lat' dir='ltr'>secutisque</span> <span class='ocrx_word' id='word_1_185' title='bbox 1191 3264 1395 3349; x_wconf 88' lang='lat' dir='ltr'>(quod</span> <span class='ocrx_word' id='word_1_186' title='bbox 1464 3268 1602 3350; x_wconf 89' lang='lat' dir='ltr'>ipse</span> <span class='ocrx_word' id='word_1_187' title='bbox 1670 3267 1739 3330; x_wconf 90' lang='lat' dir='ltr'>in</span> <span class='ocrx_word' id='word_1_188' title='bbox 1806 3266 2089 3349; x_wconf 84' lang='lat' dir='ltr'>exempli</span> <span class='ocrx_word' id='word_1_189' title='bbox 2154 3267 2282 3329; x_wconf 90' lang='lat' dir='ltr'>mei</span> <span class='ocrx_word' id='word_1_190' title='bbox 2339 3267 2634 3348; x_wconf 85' lang='lat' dir='ltr'>margine</span> <span class='ocrx_word' id='word_1_191' title='bbox 2694 3285 2752 3328; x_wconf 90' lang='lat' dir='ltr'>a.</span> 
     </span>
     <span class='ocr_line' id='line_1_26' title="bbox 447 3372 2752 3457; baseline 0 -21"><span class='ocrx_word' id='word_1_192' title='bbox 447 3377 609 3437; x_wconf 82' lang='lat'>1835</span> <span class='ocrx_word' id='word_1_193' title='bbox 655 3372 1044 3438; x_wconf 89' lang='lat' dir='ltr'>adnotatum</span> <span class='ocrx_word' id='word_1_194' title='bbox 1089 3374 1329 3454; x_wconf 81' lang='lat' dir='ltr'>video).</span> <span class='ocrx_word' id='word_1_195' title='bbox 1432 3374 1558 3439; x_wconf 89' lang='lat' dir='ltr'>Sed</span> <span class='ocrx_word' id='word_1_196' title='bbox 1619 3375 1837 3438; x_wconf 87' lang='lat' dir='ltr'>minus</span> <span class='ocrx_word' id='word_1_197' title='bbox 1893 3373 2178 3438; x_wconf 83' lang='lat' dir='ltr'>feliciter</span> <span class='ocrx_word' id='word_1_198' title='bbox 2222 3383 2372 3457; x_wconf 90' lang='lat' dir='ltr'>post</span> <span class='ocrx_word' id='word_1_199' title='bbox 2417 3375 2752 3452; x_wconf 87' lang='lat' dir='ltr'>Romam,</span> 
     </span>
     <span class='ocr_line' id='line_1_27' title="bbox 442 3480 2755 3566; baseline 0 -21"><span class='ocrx_word' id='word_1_200' title='bbox 442 3480 615 3562; x_wconf 92' lang='lat' dir='ltr'>quod</span> <span class='ocrx_word' id='word_1_201' title='bbox 694 3481 924 3546; x_wconf 83' lang='lat' dir='ltr'>vitiose</span> <span class='ocrx_word' id='word_1_202' title='bbox 1003 3481 1332 3561; x_wconf 88' lang='lat' dir='ltr'>abundat,</span> <span class='ocrx_word' id='word_1_203' title='bbox 1415 3483 1781 3566; x_wconf 85' lang='lat' dir='ltr'>praesertim</span> <span class='ocrx_word' id='word_1_204' title='bbox 1859 3482 2152 3565; x_wconf 82' lang='lat' dir='ltr'>proxime</span> <span class='ocrx_word' id='word_1_205' title='bbox 2231 3481 2755 3566; x_wconf 75' lang='lat' dir='ltr'>praecedentibus</span> 
     </span>
     <span class='ocr_line' id='line_1_28' title="bbox 440 3589 2754 3674; baseline 0.001 -22"><span class='ocrx_word' id='word_1_206' title='bbox 440 3589 601 3653; x_wconf 89' lang='lat' dir='ltr'>illis:</span> <span class='ocrx_word' id='word_1_207' title='bbox 651 3591 888 3673; x_wconf 84' lang='lat' dir='ltr'>sequi</span> <span class='ocrx_word' id='word_1_208' title='bbox 936 3612 1015 3655; x_wconf 88' lang='lat' dir='ltr'>se</span> <span class='ocrx_word' id='word_1_209' title='bbox 1050 3591 1392 3669; x_wconf 88' lang='lat' dir='ltr'>Romam,</span> <span class='ocrx_word' id='word_1_210' title='bbox 1441 3589 1700 3654; x_wconf 87' lang='lat' dir='ltr'>addidit</span> <span class='ocrx_word' id='word_1_211' title='bbox 1735 3611 2162 3671; x_wconf 90' lang='lat' dir='ltr'>rumorem;</span> <span class='ocrx_word' id='word_1_212' title='bbox 2209 3612 2359 3655; x_wconf 91' lang='lat' dir='ltr'>nam</span> <span class='ocrx_word' id='word_1_213' title='bbox 2397 3590 2754 3674; x_wconf 64' lang='lat' dir='ltr'>praebere</span> 
     </span>
     <span class='ocr_line' id='line_1_29' title="bbox 440 3697 2757 3782; baseline 0.001 -21"><span class='ocrx_word' id='word_1_214' title='bbox 440 3717 842 3762; x_wconf 90' lang='lat' dir='ltr'>rumorem</span> <span class='ocrx_word' id='word_1_215' title='bbox 888 3698 1380 3762; x_wconf 89' lang='lat' dir='ltr'>adducentis</span> <span class='ocrx_word' id='word_1_216' title='bbox 1428 3697 1589 3763; x_wconf 92' lang='lat' dir='ltr'>dure</span> <span class='ocrx_word' id='word_1_217' title='bbox 1639 3699 1883 3763; x_wconf 91' lang='lat' dir='ltr'>dicitur</span> <span class='ocrx_word' id='word_1_218' title='bbox 1928 3718 2142 3782; x_wconf 90' lang='lat' dir='ltr'>neque</span> <span class='ocrx_word' id='word_1_219' title='bbox 2191 3698 2273 3763; x_wconf 92' lang='lat' dir='ltr'>de</span> <span class='ocrx_word' id='word_1_220' title='bbox 2320 3719 2583 3764; x_wconf 90' lang='lat' dir='ltr'>rumore</span> <span class='ocrx_word' id='word_1_221' title='bbox 2617 3699 2757 3781; x_wconf 85' lang='lat' dir='ltr'>agi·</span> 
     </span>
     <span class='ocr_line' id='line_1_30' title="bbox 440 3804 2926 3889; baseline 0.003 -22"><span class='ocrx_word' id='word_1_222' title='bbox 440 3810 567 3882; x_wconf 87' lang='lat' dir='ltr'>tur,</span> <span class='ocrx_word' id='word_1_223' title='bbox 614 3805 731 3869; x_wconf 91' lang='lat' dir='ltr'>sed</span> <span class='ocrx_word' id='word_1_224' title='bbox 778 3805 1167 3871; x_wconf 89' lang='lat' dir='ltr'>de.obiecta</span> <span class='ocrx_word' id='word_1_225' title='bbox 1211 3805 1418 3870; x_wconf 90' lang='lat' dir='ltr'>oculis</span> <span class='ocrx_word' id='word_1_226' title='bbox 1465 3814 1531 3870; x_wconf 89' lang='lat' dir='ltr'>et</span> <span class='ocrx_word' id='word_1_227' title='bbox 1576 3807 1813 3871; x_wconf 88' lang='lat' dir='ltr'>animis</span> <span class='ocrx_word' id='word_1_228' title='bbox 1849 3807 2086 3888; x_wconf 88' lang='lat' dir='ltr'>specie,</span> <span class='ocrx_word' id='word_1_229' title='bbox 2134 3807 2319 3870; x_wconf 91' lang='lat' dir='ltr'>cuius</span> <span class='ocrx_word' id='word_1_230' title='bbox 2357 3804 2747 3888; x_wconf 84' lang='lat' dir='ltr'>significatio</span> <span class='ocrx_word' id='word_1_231' title='bbox 2786 3821 2926 3889; x_wconf 87' lang='grc'>(310)</span> 
     </span>
     <span class='ocr_line' id='line_1_31' title="bbox 441 3914 2758 3998; baseline 0 -22"><span class='ocrx_word' id='word_1_232' title='bbox 441 3914 508 3977; x_wconf 92' lang='lat' dir='ltr'>in</span> <span class='ocrx_word' id='word_1_233' title='bbox 542 3914 657 3979; x_wconf 93' lang='lat' dir='ltr'>illo</span> <span class='ocrx_word' id='word_1_234' title='bbox 696 3915 838 3997; x_wconf 89' lang='lat' dir='ltr'>ipso</span> <span class='ocrx_word' id='word_1_235' title='bbox 876 3915 1136 3979; x_wconf 87' lang='lat' dir='ltr'>nomine</span> <span class='ocrx_word' id='word_1_236' title='bbox 1172 3915 1356 3978; x_wconf 87' lang='lat' dir='ltr'>latet.</span> <span class='ocrx_word' id='word_1_237' title='bbox 1428 3914 1674 3998; x_wconf 87' lang='lat' dir='ltr'>Neque,</span> <span class='ocrx_word' id='word_1_238' title='bbox 1713 3914 2036 3998; x_wconf 87' lang='lat' dir='ltr'>quidquid</span> <span class='ocrx_word' id='word_1_239' title='bbox 2074 3919 2390 3992; x_wconf 88' lang='lat' dir='ltr'>tentatur,</span> <span class='ocrx_word' id='word_1_240' title='bbox 2425 3934 2758 3977; x_wconf 90' lang='lat' dir='ltr'>accusa-</span> 
     </span>
     <span class='ocr_line' id='line_1_32' title="bbox 442 4021 2757 4104; baseline 0 -18"><span class='ocrx_word' id='word_1_241' title='bbox 442 4031 671 4087; x_wconf 89' lang='lat' dir='ltr'>tores</span> <span class='ocrx_word' id='word_1_242' title='bbox 752 4021 1084 4088; x_wconf 86' lang='lat' dir='ltr'>excidio</span> <span class='ocrx_word' id='word_1_243' title='bbox 1154 4024 1521 4104; x_wconf 84' lang='lat' dir='ltr'>(tamquam</span> <span class='ocrx_word' id='word_1_244' title='bbox 1588 4021 1733 4102; x_wconf 88' lang='lat' dir='ltr'>reo)</span> <span class='ocrx_word' id='word_1_245' title='bbox 1814 4021 2115 4086; x_wconf 88' lang='lat' dir='ltr'>adduci</span> <span class='ocrx_word' id='word_1_246' title='bbox 2184 4028 2362 4086; x_wconf 91' lang='lat' dir='ltr'>recte</span> <span class='ocrx_word' id='word_1_247' title='bbox 2431 4021 2757 4101; x_wconf 89' lang='lat' dir='ltr'>dicuntur,</span> 
     </span>
     <span class='ocr_line' id='line_1_33' title="bbox 439 4127 2757 4211; baseline 0 -18"><span class='ocrx_word' id='word_1_248' title='bbox 439 4131 682 4194; x_wconf 92' lang='lat' dir='ltr'>nedum</span> <span class='ocrx_word' id='word_1_249' title='bbox 719 4130 1040 4196; x_wconf 83' lang='lat' dir='ltr'>excidio</span> <span class='ocrx_word' id='word_1_250' title='bbox 1091 4151 1179 4194; x_wconf 96' lang='lat' dir='ltr'>ac</span> <span class='ocrx_word' id='word_1_251' title='bbox 1224 4131 1444 4208; x_wconf 79' lang='lat' dir='ltr'>viriS,</span> <span class='ocrx_word' id='word_1_252' title='bbox 1492 4150 1705 4211; x_wconf 86' lang='lat' dir='ltr'>neque</span> <span class='ocrx_word' id='word_1_253' title='bbox 1738 4127 1835 4194; x_wconf 92' lang='lat' dir='ltr'>illi</span> <span class='ocrx_word' id='word_1_254' title='bbox 1869 4129 2170 4194; x_wconf 89' lang='lat' dir='ltr'>homines</span> <span class='ocrx_word' id='word_1_255' title='bbox 2206 4129 2530 4194; x_wconf 86' lang='lat' dir='ltr'>excidium</span> <span class='ocrx_word' id='word_1_256' title='bbox 2565 4150 2757 4194; x_wconf 91' lang='lat' dir='ltr'>accu-</span> 
     </span>
     <span class='ocr_line' id='line_1_34' title="bbox 441 4238 2760 4316; baseline 0 -14"><span class='ocrx_word' id='word_1_257' title='bbox 441 4238 651 4302; x_wconf 88' lang='lat' dir='ltr'>saturi</span> <span class='ocrx_word' id='word_1_258' title='bbox 699 4247 910 4316; x_wconf 89' lang='lat' dir='ltr'>erant,</span> <span class='ocrx_word' id='word_1_259' title='bbox 973 4238 1090 4303; x_wconf 90' lang='lat' dir='ltr'>sed</span> <span class='ocrx_word' id='word_1_260' title='bbox 1135 4238 1287 4302; x_wconf 82' lang='lat' dir='ltr'>victi</span> <span class='ocrx_word' id='word_1_261' title='bbox 1333 4238 1653 4302; x_wconf 73' lang='lat' dir='ltr'>victorum</span> <span class='ocrx_word' id='word_1_262' title='bbox 1702 4238 2037 4302; x_wconf 84' lang='lat' dir='ltr'>saevitiam.</span> <span class='ocrx_word' id='word_1_263' title='bbox 2151 4238 2296 4302; x_wconf 91' lang='lat' dir='ltr'>Hoc</span> <span class='ocrx_word' id='word_1_264' title='bbox 2340 4239 2568 4302; x_wconf 77' lang='lat' dir='ltr'>vitium</span> <span class='ocrx_word' id='word_1_265' title='bbox 2614 4258 2760 4302; x_wconf 88' lang='lat' dir='ltr'>sen·</span> 
     </span>
     <span class='ocr_line' id='line_1_35' title="bbox 441 4345 2761 4438; baseline -0.001 -28"><span class='ocrx_word' id='word_1_266' title='bbox 441 4347 663 4411; x_wconf 83' lang='lat' dir='ltr'>tentiae</span> <span class='ocrx_word' id='word_1_267' title='bbox 719 4346 1163 4412; x_wconf 82' lang='lat' dir='ltr'>removebitur</span> <span class='ocrx_word' id='word_1_268' title='bbox 1210 4345 1477 4410; x_wconf 88' lang='lat' dir='ltr'>sublata</span> <span class='ocrx_word' id='word_1_269' title='bbox 1522 4345 1853 4438; x_wconf 73' lang='lat' dir='ltr'>particula</span> <span class='ocrx_word' id='word_1_270' title='bbox 1899 4366 2017 4423; x_wconf 93' lang='lat' dir='ltr'>ac,</span> <span class='ocrx_word' id='word_1_271' title='bbox 2078 4367 2221 4427; x_wconf 77' lang='lat' dir='ltr'>quae</span> <span class='ocrx_word' id='word_1_272' title='bbox 2270 4367 2346 4409; x_wconf 86' lang='lat' dir='ltr'>ex</span> <span class='ocrx_word' id='word_1_273' title='bbox 2392 4367 2428 4407; x_wconf 83' lang='grc' dir='ltr'><strong>ο</strong></span> <span class='ocrx_word' id='word_1_274' title='bbox 2476 4346 2567 4427; x_wconf 81' lang='lat' dir='ltr'>(a)</span> <span class='ocrx_word' id='word_1_275' title='bbox 2617 4352 2685 4410; x_wconf 91' lang='lat' dir='ltr'>et</span> <span class='ocrx_word' id='word_1_276' title='bbox 2729 4365 2761 4407; x_wconf 79' lang='lat' dir='ltr'>c</span> 
     </span>
     <span class='ocr_line' id='line_1_36' title="bbox 443 4435 2760 4537; baseline -0.001 -19"><span class='ocrx_word' id='word_1_277' title='bbox 443 4456 792 4537; x_wconf 83' lang='lat' dir='ltr'>geminatis</span> <span class='ocrx_word' id='word_1_278' title='bbox 851 4463 1001 4521; x_wconf 89' lang='lat' dir='ltr'>orta</span> <span class='ocrx_word' id='word_1_279' title='bbox 1058 4460 1177 4519; x_wconf 91' lang='lat' dir='ltr'>est.</span> <span class='ocrx_word' id='word_1_280' title='bbox 1292 4453 1726 4519; x_wconf 87' lang='lat' dir='ltr'>Scribendum</span> <span class='ocrx_word' id='word_1_281' title='bbox 1795 4461 1897 4518; x_wconf 90' lang='lat' dir='ltr'>est</span> <span class='ocrx_word' id='word_1_282' title='bbox 1955 4454 2126 4517; x_wconf 91' lang='lat' dir='ltr'>enim</span> <span class='ocrx_word' id='word_1_283' title='bbox 2184 4455 2309 4518; x_wconf 90' lang='lat' dir='ltr'>ita:</span> <span class='ocrx_word' id='word_1_284' title='bbox 2349 4435 2540 4518; x_wconf 55' lang='lat' dir='ltr'>&#39;Hac</span> <span class='ocrx_word' id='word_1_285' title='bbox 2601 4454 2760 4516; x_wconf 92' lang='lat' dir='ltr'>cir-</span> 
     </span>
    </p>
   </div>
  </div>
 </body>
</html>
