3230 5282
603 618 728 674 Lib.
765 619 887 674 VII.
1705 607 1826 669 176

605 791 747 871 VH,
798 795 895 872 13,
941 790 1317 856 laudandus
1361 791 1522 856 mihi
1568 790 1930 876 aliquando
1974 790 2445 874 Alschefskius,
2490 791 2672 876 quod
2714 791 2919 876 paulo

605 906 760 964 ante
807 896 871 982 (ἓ
917 899 982 982 3)
1031 920 1113 964 ex
1155 899 1207 963 P
1253 905 1323 965 et
1364 899 1806 965 deterioribus
1863 900 2200 967 codicibus
2246 899 2925 983 (Drakenborchianis

607 1007 787 1090 octo)
832 1009 1155 1073 restituit:
1225 1007 1309 1074 Si
1364 1008 1596 1088 licet,
1668 1008 2063 1090 dictator,
2133 1008 2338 1074 allato
2385 1010 2588 1075 etiam
2630 1009 2925 1075 Terentii

607 1116 906 1199 exemplo
953 1115 1221 1197 (Heaut.
1267 1116 1343 1197 V,
1392 1120 1450 1197 2,
1498 1120 1612 1180 20:
1681 1115 1918 1196 Here,
1984 1115 2400 1199 licetne?),
2455 1118 2524 1181 in
2569 1138 2699 1203 quo
2745 1119 2924 1182 simi-

604 1222 758 1288 liter
803 1224 871 1288 in
916 1225 1106 1290 venia
1151 1223 1413 1289 dicendi
1458 1224 1747 1307 petenda
1800 1223 2032 1309 loqui
2090 1230 2207 1289 aut
2251 1224 2525 1290 dicere
2572 1226 2922 1291 omittitur.

606 1331 716 1398 Sic
770 1332 944 1397 enim
998 1333 1334 1416 aptissime
1390 1331 1664 1396 militari
1719 1332 2043 1398 brevitate
2086 1331 2342 1399 Tullius
2396 1333 2615 1398 dicere
2671 1333 2928 1399 orditur

607 1438 758 1521 (Mit
821 1440 1244 1521 Erlaubniss,
1311 1439 1681 1523 Feldherr).
1812 1439 2167 1506 Scilicet
2231 1442 2300 1505 in
2364 1440 2493 1505 hac
2558 1447 2792 1525 aperta
2856 1448 2929 1506 et

606 1548 889 1632 simplici
956 1569 1202 1628 causae,
1271 1568 1391 1613 cur
1444 1548 1702 1613 Tullius
1772 1548 2170 1614 dictatorem
2229 1548 2455 1629 adeat,
2521 1549 2925 1614 indicatione

606 1656 859 1721 nullum
901 1655 1106 1722 habet
1147 1656 1387 1721 locum.
1486 1656 1718 1741 Neque
1776 1659 1952 1722 enim
2006 1656 2143 1722 ullo
2199 1656 2397 1722 modo
2452 1676 2533 1721 ea
2585 1678 2710 1722 vox
2764 1663 2929 1740 apta

608 1771 710 1830 est
753 1766 830 1844 ei,
877 1765 991 1849 qui
1035 1764 1459 1829 admirationi
1504 1764 1780 1829 alterius
1826 1762 2103 1847 (tacitae)
2150 1765 2457 1846 occurrit,
2504 1764 2682 1847 quod
2715 1764 2927 1830 Weis-

608 1872 1000 1938 senbornius
1078 1872 1269 1956 fingit
1334 1871 1551 1957 (quasi
1620 1872 1833 1937 dicas:
1914 1894 2008 1937 ne
2075 1873 2424 1938 miratus
2492 1873 2634 1952 sis;
2714 1873 2924 1938 scito

608 1983 818 2045 enim
863 1981 1319 2046 exercitum
1363 2016 1452 2025 —
1494 2002 1607 2045 me
1656 1978 1987 2061 orasse).
2089 1980 2311 2045 Etiam
2355 1979 2473 2059 III,
2535 1983 2634 2059 71,
2695 1983 2750 2060 3,
2808 1979 2926 2044 ubi

608 2088 802 2172 plene
847 2089 1108 2168 dicitur,
1154 2089 1222 2152 M
1255 2094 1380 2153 m.1
1430 2094 1498 2153 et
1539 2088 1641 2152 Hl
1690 2088 2021 2153 scilicet
2066 2110 2185 2172 pro
2230 2089 2296 2153 si
2340 2088 2544 2152 licet
2584 2084 2927 2169 habent.¹)

782 2196 941 2281 Cap.
996 2201 1102 2276 18,
1160 2201 1202 2260 4
1248 2195 1389 2277 (ubi
1435 2201 2033 2262 commemorantur
2078 2192 2145 2259 C.
2194 2194 2538 2279 Sulpicius,
2597 2196 2684 2260 M.
2731 2194 2928 2260 Vale-

607 2305 745 2369 rius
794 2304 1093 2369 consules
1138 2303 1295 2368 fidei
1340 2324 1475 2369 suae
1523 2304 1821 2385 duxisse,
1887 2308 1966 2368 ut
2021 2304 2436 2387 accepissent
2479 2303 2611 2369 duo
2657 2303 2927 2386 patricii

609 2411 1053 2492 consulatum,
1129 2413 1227 2476 ita
1303 2410 1625 2477 ambobus
1691 2411 1988 2495 patriciis
2054 2410 2429 2493 mandare):
2514 2411 2720 2489 Quin
2779 2417 2929 2475 aut

607 2526 781 2586 toto
839 2520 1280 2585 cedendum
1335 2514 1543 2599 es'se,
1613 2520 1680 2583 si
1736 2518 2113 2603 plebeius
2168 2519 2322 2595 iam
2377 2520 2926 2601 magistratus

611 2627 1098 2694 consulatus
1177 2627 1361 2708 fiat,
1441 2630 1581 2693 aut
1657 2633 1917 2694 totum
1981 2626 2594 2712 possidendum,
2677 2648 2925 2711 quam

438 2760 583 2828 (149)
620 2737 1220 2819 possessionem
1306 2737 1713 2819 integram
1789 2758 1830 2801 a
1909 2736 2284 2820 patribus
2319 2822 2325 2828 ι
2373 2736 2929 2820 accepissent.

609 2844 850 2910 Miram
893 2866 1047 2910 vero
1095 2844 1550 2910 condicionem
1594 2849 1738 2909 toto
1786 2842 2063 2909 cedendi
2107 2844 2474 2924 consulatu,
2531 2844 2589 2908 si
2631 2842 2933 2927 plebeius

608 2952 758 3034 fiat,
823 2952 951 3018 hoc
1019 2958 1148 3033 est,
1214 2953 1270 3017 si
1325 2959 1477 3028 ,toto
1546 2952 1812 3035 patricii
1879 2951 2147 3033 cedant3
2223 2974 2375 3017 nam
2441 2951 2660 3016 aditus
2727 2953 2932 3016 etiam

608 3061 885 3145 plebeiis
941 3061 1161 3127 factus
1215 3061 1347 3127 illis
1405 3060 1625 3126 verbis
1686 3059 1782 3141 (si
1824 3058 2203 3143 plebeius
2247 3061 2404 3125 iam
2447 3058 2632 3141 fiat)
2680 3058 2929 3144 signifi-

609 3171 746 3234 cari
790 3172 1037 3255 nequit.
1104 3170 1181 3235 In
1227 3170 1453 3236 codice
1494 3169 1850 3251 archetypo
1890 3165 2164 3248 (MPH1,
2210 3168 2393 3250 cett.)
2426 3167 2585 3232 fuit:
2634 3167 2826 3234 cede
2852 3190 2930 3232 n-

609 3278 786 3342 dum
821 3277 1183 3359 esset(L1
1223 3277 1396 3360 est),
1444 3278 1514 3342 si
1558 3275 2065 3361 plebeius—.
2092 3274 2310 3341 Livius
2343 3277 2727 3360 scripserat:
2785 3280 2932 3340 aut

607 3367 782 3451 toto
831 3385 1272 3451 cedendum
1331 3406 1540 3464 esse,
1610 3391 1688 3445 ut
1745 3382 2121 3467 plebeius
2176 3384 2333 3448 iam
2387 3384 2927 3468 magistratus

610 3492 1088 3558 consulatus
1132 3491 1307 3573 fiat,
1354 3497 1497 3555 aut
1541 3497 1666 3556 cet.
1745 3491 1845 3556 Ex
1891 3512 2067 3556 esse
2112 3497 2200 3555 ut
2241 3488 2491 3557 factum
2536 3497 2638 3557 est
2682 3497 2928 3571 esset,

609 3599 845 3665 deinde
894 3600 1190 3665 additum
1237 3599 1394 3681 si.²)

781 3707 936 3791 Cap.
989 3713 1096 3787 19,
1162 3712 1227 3771 1:
1296 3707 1466 3771 Duo
1535 3705 1761 3772 bella
1828 3728 1915 3772 eo
1972 3728 2177 3772 anno
2237 3728 2631 3791 prospere
2687 3712 2931 3789 gesta

610 3837 779 3881 cum
824 3816 1467 3899 Tiburtibusque
1524 3815 1625 3879 ad
1683 3814 2188 3880 deditionem
2231 3822 2693 3899 pugnatum.
2795 3815 2930 3893 Qui

609 3926 704 3989 sic
749 3932 999 4005 narrat,
1057 3925 1448 4004 necessario,
1498 3943 1895 4007 quamquam
1939 3923 2160 4006 inepte
2207 3923 2552 4007 significat,
2599 3921 2933 4005 significat

665 4197 710 4262 ¹)
749 4195 878 4265 Cap.
923 4199 1002 4264 14,
1056 4201 1079 4250 1
1119 4197 1287 4265 attigi
1320 4215 1374 4265 p.
1413 4200 1482 4251 30
1517 4193 1940 4264 significavique
1973 4193 2385 4248 restituendum
2422 4212 2544 4249 esse
2579 4194 2925 4249 censebat.

663 4283 710 4346 2)
746 4281 1058 4335 Adnotatio
1093 4281 1420 4349 marginalis
1456 4280 1488 4349 ξ
1516 4284 1551 4333 4
1586 4283 1641 4334 in
1681 4281 1804 4334 cod.
1843 4281 1904 4333 M
1934 4279 2115 4333 textui
2152 4279 2365 4333 inserta
2398 4280 2722 4334 huiusmodi
2756 4278 2925 4333 initio

745 4367 876 4420 fuit:
949 4367 1343 4421 seditiones
1396 4365 1816 4431 comitiales,
1883 4365 2110 4435 plebe,
2173 4369 2250 4418 ut
2293 4365 2706 4420 institutum
2751 4368 2927 4431 erat,

746 4453 1059 4507 consules
1096 4457 1431 4521 poscente
1469 4451 1707 4504 creari.
