3230 5282
571 621 694 676 Lib.
731 621 957 676 XXVII.
1667 609 1787 670 392

402 812 542 881 (320)
579 797 848 876 fugati
928 801 1139 859 metu
1207 793 1393 858 inde
1463 792 1873 870 afuerint,
1954 789 2102 857 non
2174 815 2378 874 esse3
2463 816 2733 862 omnes
2802 800 2884 862 in

571 906 845 982 urbeS‚
915 904 992 966 in
1061 923 1299 984 agros
1360 922 1544 965 suos
1599 899 1985 964 reductos
2043 920 2275 965 arare
2335 909 2455 967 cet.
2574 904 2718 969 Non
2766 928 2883 989 op-

573 1017 730 1080 time
785 1032 906 1076 nec
966 1010 1049 1074 ad
1108 1009 1270 1073 Livii
1328 1007 1868 1074 consuetudinem
1925 1008 2232 1072 dicuntur
2276 1008 2424 1073 illa:
2490 1014 2885 1078 neminem

575 1121 966 1198 Siculum,
1026 1118 1159 1202 qui
1206 1152 1290 1162 —
1336 1116 1735 1194 afuerint,
1795 1137 1915 1198 pro
1972 1137 2078 1195 e0,
2136 1116 2314 1199 quod
2360 1125 2492 1183 est:
2563 1119 2887 1186 Siculo-

571 1252 737 1295 rum
784 1248 1074 1304 eorum,
1130 1225 1262 1307 qui
1306 1230 1429 1289 cet.
1533 1221 1660 1287 Sed
1706 1222 2046 1287 molestius
2096 1231 2213 1303 est,
2262 1227 2439 1306 quod
2486 1227 2892 1311 interposita.

572 1339 714 1404 illa:
782 1337 914 1418 qui
971 1333 1239 1416 fugati
1283 1367 1368 1377 —-
1414 1330 1778 1396 afuerint
1832 1337 1928 1409 et,
1998 1332 2381 1415 aequalitate
2438 1335 2879 1403 membrorum

571 1449 745 1511 inter
811 1465 880 1509 se
924 1442 1281 1507 relatorum
1327 1439 1622 1516 sublata,
1691 1437 2043 1502 artificium
2110 1440 2514 1507 rhetoricum
2582 1452 2892 1511 evertunt-

573 1560 640 1618 et
697 1554 904 1635 ipsam
963 1547 1515 1632 magnificentiam
1573 1544 2001 1629 professionis
2059 1546 2450 1631 infringunt,
2519 1572 2755 1633 genere
2814 1561 2889 1617 et

570 1681 842 1726 numero
925 1664 1116 1722 caute
1195 1654 1711 1735 circumscripto.
1835 1654 2096 1732 Quanto
2176 1656 2584 1739 elegantiora
2661 1663 2891 1727 omnia.

573 1775 793 1847 erunt,
859 1765 1166 1831 retractis
1222 1765 1289 1828 in
1351 1783 1537 1827 suam
1594 1761 1815 1826 sedem
1874 1762 2130 1827 duabus
2187 1763 2488 1844 vocibus,
2556 1787 2700 1851 quae
2746 1771 2887 1852 pri-

569 1898 746 1941 mum
792 1876 1084 1949 omissae,
1152 1871 1388 1936 deinde
1446 1891 1649 1953 pravo
1705 1870 1852 1933 loco
1906 1870 2171 1935 insertae
2231 1880 2412 1937 sunt:
2481 1876 2879 1941 neminem

573 1982 1334 2064 Carthaginiensem
1401 1979 1476 2042 in
1548 1976 1835 2041 Sicilia
1903 1998 2110 2057 esse3
2177 1981 2576 2046 neminem
2649 1981 2887 2048 Sicu--

570 2093 728 2156 lum
772 2112 925 2155 non
972 2109 1181 2167 esse3
1240 2088 1374 2170 qui
1429 2085 1699 2167 fugati
1756 2091 1971 2149 metu
2027 2086 2215 2151 inde
2262 2088 2657 2169 afuerint,
2718 2113 2883 2156 om·

569 2222 707 2265 nes
775 2201 853 2263 in
920 2197 1192 2275 urbes,
1270 2195 1347 2259 in
1430 2213 1668 2275 agros
1735 2214 1924 2258 suos
1990 2194 2381 2260 reductos
2450 2217 2684 2263 arare
2751 2207 2881 2264 cet.

571 2308 709 2372 Iam
766 2307 1138 2389 aptissime,
1205 2303 1545 2386 praemissa
1609 2300 1952 2384 splendida
2019 2302 2135 2366 illa
2189 2302 2614 2386 professione
2658 2306 2876 2387 (nem.

574 2415 725 2480 Sic.
783 2435 938 2478 non
1010 2410 1252 2492 esse),
1322 2431 1426 2474 res
1494 2410 1780 2492 pressius
1850 2410 2213 2492 exponitur.
2329 2410 2621 2478 Accedat
2675 2416 2887 2498 igitur

570 2524 696 2587 hoc
751 2521 836 2592 ad
892 2519 1009 2585 illa
1051 2518 1422 2583 huiusmodi
1468 2517 1931 2582 traiectionum
1977 2517 2293 2602 exempla,
2344 2541 2491 2602 quae
2537 2522 2623 2586 ad
2667 2522 2879 2604 XXII,

577 2635 674 2709 10,
724 2634 760 2694 3
809 2627 1323 2711 commemoravi.
1415 2624 1778 2691 Turbatum
1823 2623 2071 2707 aliquid
2116 2625 2223 2692 hic
2269 2628 2334 2692 in
2381 2628 2606 2695 codice
2651 2631 2887 2697 arche-

570 2746 728 2823 typo
775 2737 1022 2815 fuisse,
1076 2736 1515 2819 suspicionem
1562 2736 1764 2799 etiam
1808 2732 1973 2797 illud
2019 2733 2236 2799 facere
2282 2743 2529 2818 posset,
2588 2740 2765 2821 quod
2810 2742 2881 2805 in

570 2847 620 2911 P
668 2846 768 2913 bis
823 2847 1074 2928 scripta
1129 2851 1282 2908 sunt
1337 2850 1403 2908 et
1457 2842 1600 2906 illa:
1671 2842 2069 2906 neminem
2117 2842 2883 2928 Carthaginiensem

571 2955 693 3036 (in)
763 2954 1055 3020 Sicilia
1122 2973 1296 3016 esse
1364 2958 1430 3015 et
1495 2951 1665 3014 haec:
1736 2970 2009 3014 omnes
2076 2952 2157 3014 in
2224 2951 2465 3017 urbes
2532 2953 2741 3038 (prius
2800 2957 2878 3020 in

570 3062 828 3143 urbe),
896 3062 1024 3126 nisi
1083 3060 1150 3123 id
1211 3058 1428 3123 mendi
1484 3078 1689 3139 genus
1748 3057 1841 3121 ibi
1898 3057 2206 3140 frequens
2262 3067 2458 3126 esset.
2573 3061 2887 3145 Sequitur

570 3169 633 3253 (ᾖ
693 3169 790 3251 6);
869 3169 1067 3233 Exin
1122 3167 1468 3232 Muttine
1535 3172 1611 3230 et
1669 3167 1735 3230 si
1791 3187 2123 3248 quorum
2181 3167 2529 3233 aliorum
2585 3173 2889 3235 merita

569 3297 762 3359 erga
815 3299 990 3361 pop.
1039 3277 1467 3340 Romanum
1511 3280 1761 3351 erant,
1806 3273 1885 3337 in
1933 3282 2300 3339 senatum
2344 3276 2874 3359 introductis,

567 3386 915 3450 honores
971 3382 1344 3447 omnibus
1403 3380 1499 3445 ad
1557 3373 2123 3446 exsolvendam
2169 3382 2414 3447 fidem
2461 3405 2502 3447 a
2548 3386 2883 3451 consule

567 3491 854 3556 habiti.
923 3490 1272 3569 Emi-rant,
1305 3488 1552 3553 fidem
1590 3509 1632 3552 a
1670 3488 2007 3553 consule
2046 3490 2277 3553 eodem
2315 3490 2509 3557 modo
2549 3492 2696 3573 dici,
2743 3516 2879 3577 quo

567 3598 867 3664 bellum
913 3619 954 3661 a
991 3597 1340 3676 Volscis,
1387 3617 1647 3680 poena
1684 3617 1725 3660 a
1764 3596 2171 3674 Romani8‚
2218 3606 2471 3662 metus
2511 3597 2606 3663 ab
2644 3600 2880 3665 hoste

567 3714 635 3772 et
689 3706 932 3771 similia
986 3704 1310 3769 dicantur.
1421 3703 1815 3769 Incredibile
1874 3709 1999 3783 est,
2068 3725 2199 3769 non
2257 3706 2717 3785 animadverti,
2783 3709 2886 3776 ita.

568 3814 699 3878 dici
745 3813 825 3879 de
870 3813 1099 3891 rebus,
1159 3833 1303 3895 quae
1349 3812 1433 3876 ab
1481 3812 1708 3894 aliqua
1751 3818 1939 3894 parte
1984 3813 2250 3877 veniant
2295 3821 2411 3878 aut
2456 3815 2883 3898 impendeant

567 3921 885 4002 (metum
944 3920 1210 4003 quidem
1265 3920 1350 3985 ab
1409 3920 1632 4003 aliquo
1687 3921 1811 3997 ita,
1879 3925 1952 3983 ut
1995 3920 2147 3984 mali
2194 3920 2347 3985 inde
2392 3924 2648 3987 venturi
2695 3926 2881 3988 notio

568 4028 810 4108 subsit,
871 4050 950 4094 ex
995 4049 1123 4110 quo
1173 4028 1447 4092 dicimus
1493 4030 1695 4093 etiam
1741 4047 2024 4091 cavere
2071 4027 2169 4091 ab
2217 4028 2501 4112 aliquo
2550 4037 2620 4095 et
2663 4032 2877 4113 ipsum

564 4143 928 4201 metuere
964 4136 1058 4201 ab
1094 4136 1370 4218 a'liquo
1410 4137 1632 4201 Livius
1672 4135 1976 4200 absolute
2011 4137 2235 4218 posuit
2272 4136 2515 4215 XXIII,
2553 4142 2652 4215 36,
2683 4144 2735 4217 l,
2760 4138 2879 4202 alii

565 4244 925 4309 insidias
971 4244 1069 4308 ab
1116 4245 1392 4327 aliquo
1439 4251 1798 4309 metuere
1846 4248 1914 4308 et
1959 4242 2246 4325 similia),
2301 4264 2422 4308 nec
2466 4267 2659 4328 posse
2704 4246 2881 4311 hunc

568 4374 762 4417 usum
817 4352 1189 4435 promiscue
1247 4352 1333 4417 ad
1380 4352 1512 4417 alia
1556 4350 1852 4430 traduci,
1919 4356 1996 4414 ut
2039 4349 2246 4415 fides
2292 4372 2334 4416 a
2378 4353 2712 4418 consule
2757 4374 2881 4438 pro

567 4461 855 4526 consulis
912 4459 1041 4525 fide
1097 4459 1385 4538 dicatur,
1447 4481 1595 4524 cum
1640 4465 1831 4524 tanta
1874 4460 2239 4541 praesertim
2285 4460 2747 4542 ambiguitate,
2805 4469 2884 4526 ut
