3230 5282
1539 638 1658 698 341
2399 648 2522 703 Lib.
2551 605 2761 702 xxti).

618 820 774 905 Cap.
824 825 927 901 29,
989 826 1028 885 8
1076 820 1170 901 (in
1218 822 1517 886 oratione
1562 822 1892 905 EpicydiS,
1939 810 2463 905 qua'Leontinis
2511 820 2763 899 suadet,

446 951 529 995 ne
608 929 1040 1014 Syracusanis
1116 928 1456 1012 pareant):
1553 929 2226 994 Renuntiandum
2315 930 2569 1011 igitur
2646 929 2762 994 eis

447 1035 939 1122 (Syracusanis)
1007 1057 1223 1114 esse,
1299 1036 1747 1103 Leontinos
1815 1057 2135 1121 quoque
2204 1057 2511 1119 aequum
2580 1057 2761 1101 cen-

446 1166 623 1211 sere
679 1145 996 1210 liberos
1053 1164 1261 1224 esse,
1331 1144 1456 1210 vel
1513 1145 1721 1227 quod
1776 1147 1853 1210 in
1914 1146 2088 1210 solo
2143 1145 2370 1211 urbis
2427 1165 2586 1210 suae
2641 1152 2762 1228 ty-

445 1275 747 1319 rannus
819 1253 1246 1332 occiderit,
1302 1253 1427 1318 vel
1485 1254 1696 1335 quod
1755 1252 1872 1318 ibi
1919 1253 2261 1335 primum
2306 1252 2762 1317 conclama-

445 1368 611 1427 tum
669 1361 767 1425 ad
822 1359 1299 1425 libertatem
1353 1361 1853 1446 relictisque
1900 1361 2155 1444 regiis
2203 1358 2431 1425 ducit
2476 1360 2575 1424 ab
2624 1358 2763 1443 Sy-

445 1489 782 1534 racusas
852 1489 1353 1533 concursum.
1458 1468 1566 1534 Sic
1622 1468 1691 1533 P.
1741 1467 1915 1534 Olim
1971 1469 2323 1534 edebatur:
2394 1467 2763 1532 relictis-

448 1597 596 1659 que
643 1578 897 1659 regiis
944 1576 1290 1640 ducibus
1331 1574 1780 1660 Syracusas
1827 1578 1936 1642 sit
1981 1596 2494 1656 concursum3
2540 1596 2762 1639 verum

448 1686 516 1749 in
570 1684 815 1769 oppido
860 1683 1335 1749 Leontinorum
1396 1683 1565 1765 (ibi)
1611 1684 1972 1768 Syracusas
2029 1704 2420 1749 concursum
2465 1704 2596 1748 non
2642 1690 2760 1747 est.

448 1791 1022 1857 Weissenbornius
1090 1792 1389 1875 scripsit:
1473 1791 1610 1856 rel.
1658 1813 1813 1875 reg.
1863 1791 2210 1857 ducibus
2267 1791 2363 1856 ab
2423 1790 2762 1874 Syracu-

448 1901 675 1965 sanis
735 1919 1212 1964 concursum
1268 1900 1407 1979 sit3
1473 1920 1703 1965 verum
1758 1921 1920 1980 non,
1991 1920 2032 1965 a
2076 1899 2316 1984 quibus
2373 1919 2764 1963 concursum

448 2010 564 2088 sit,
624 2009 844 2091 agitur
900 2006 993 2088 (in
1053 2027 1184 2089 quo
1242 2009 1446 2072 etiam
1500 2008 1758 2072 tollitur
1815 2008 2026 2073 omnis
2073 2007 2541 2072 Leontinorum
2599 2007 2761 2085 laus,

446 2117 841 2182 nominatim
888 2114 974 2179 ad
1021 2114 1477 2198 Syracusanos
1522 2115 1882 2197 traducta),
1930 2115 2046 2181 sed
2091 2137 2240 2200 quc.
2326 2114 2557 2196 Itaque
2605 2116 2764 2179 scri-

448 2224 740 2290 bendum
786 2228 919 2287 est:
992 2223 1483 2305 relictisque
1542 2225 1794 2306 regiis
1853 2223 2200 2288 ducibus
2258 2222 2353 2288 ad
2416 2220 2763 2306 Syracu-

450 2354 693 2398 sanos
767 2350 1245 2396 concursum
1319 2331 1456 2410 sit,
1523 2330 1651 2395 hoc
1706 2338 1836 2411 est,
1905 2332 1990 2397 ad
2050 2332 2430 2397 coniuratos
2488 2328 2765 2414 Syracu-

450 2461 666 2518 sanOS,
714 2439 801 2503 ad
845 2458 1012 2519 quos
1056 2444 1208 2521 post
1250 2438 1635 2522 Hieronymi
1681 2438 1925 2504 oaedem
1969 2439 2315 2522 imperium
2359 2439 2757 2504 translatum
2794 2449 2935 2519 (2⁷9)

451 2568 612 2626 esse,
658 2547 880 2611 Livius
927 2566 980 2609 c.
1030 2549 1131 2624 21,
1181 2552 1221 2609 4
1269 2545 1681 2629 significavit.
1751 2547 1875 2612 Sit
1917 2552 2072 2611 ante
2117 2547 2394 2628 itaque
2442 2547 2764 2612 excidisse

445 2656 796 2737 videtur.¹)
2527 2741 2530 2744 Α

620 2762 778 2847 Cap.
849 2766 962 2842 30,
1030 2766 1098 2827 9:
1179 2764 1629 2829 exercitum
1699 2763 2005 2829 ducunt
2075 2764 2501 2848 Megaram.
2612 2764 2763 2831 Non

444 2877 610 2955 puto
654 2871 910 2935 Livium
955 2870 1063 2935 hic
1111 2878 1178 2934 et
1224 2875 1323 2949 31,
1373 2876 1408 2934 5
1456 2871 1860 2953 Megaram
1907 2872 2135 2936 urbem
2183 2872 2572 2956 appellasse,
2619 2871 2755 2954 §11

445 2988 512 3044 et
566 3000 635 3068 c.-
670 2982 781 3056 31,
841 2983 879 3042 9
940 2984 1008 3042 et
1066 2982 1179 3057 35,
1240 2981 1278 3041 2
1338 2986 1406 3043 et
1463 2978 1713 3057 XXXI,
1773 2983 1883 3057 22,
1945 2985 1981 3040 6
2029 2985 2097 3044 et
2143 2984 2254 3055 25,
2314 2984 2352 3043 2
2400 2980 2759 3061 Megara3

446 3106 503 3148 ιι
572 3085 949 3173 detrahitur
1020 3092 1219 3168 atque
1277 3084 1545 3151 additur
1612 3108 1653 3150 a
1708 3086 2030 3165 librariis3
2101 3087 2166 3150 in
2223 3087 2569 3169 Megaris
2628 3109 2759 3151 non

445 3202 706 3259 erratur
761 3214 976 3276 neque
1021 3192 1129 3258 hic
1171 3211 1386 3276 neque
1432 3193 1610 3275 apud
1659 3191 2038 3259 Ciceronem
2084 3193 2164 3257 de
2209 3193 2420 3257 Divin.
2472 3194 2552 3273 II,
2619 3199 2755 3258 135.

445 3301 849 3385 Megaram
907 3301 1128 3366 editur
1172 3301 1350 3384 apud
1397 3299 1527 3365 Cio.
1577 3300 1658 3366 de
1706 3302 1844 3365 Div.
1893 3302 1952 3380 I,
2013 3305 2111 3381 57,
2169 3301 2348 3385 apud
2399 3300 2641 3386 Sulpic.
2691 3303 2758 3366 in

432 3410 636 3491 epist.
684 3408 770 3473 ad
827 3409 1007 3473 Fam.
1055 3408 1164 3486 IV,
1226 3415 1281 3489 5,
1338 3414 1397 3488 4,
1454 3410 1632 3493 apud
1693 3411 1914 3492 script.
1963 3410 2049 3473 ad
2105 3409 2386 3482 Herenn,
2435 3409 2483 3487 I,
2540 3416 2598 3488 9,
2664 3409 2794 3490 14‚‘

504 3644 547 3712 ¹)
588 3642 773 3712 [Quod
818 3645 876 3698 in
921 3645 1114 3713 priore
1163 3645 1412 3699 editione
1449 3646 1775 3700 dubitanter
1809 3645 2269 3715 significaveram,
2307 3648 2458 3701 inter
2494 3648 2758 3700 liberos

580 3735 637 3784 et
692 3746 845 3784 esse
894 3730 1255 3785 inserendum
1309 3746 1429 3784 esse
1485 3749 1578 3797 se,
1641 3748 1791 3788 nunc
1846 3748 2068 3800 quoque
2119 3738 2311 3798 teneo;
2366 3750 2551 3801 neque
2608 3735 2757 3786 enim

580 3819 736 3869 recte
799 3815 1008 3869 dicitnr
1072 3807 1205 3869 nec'
1240 3832 1508 3883 oequum
1571 3833 1812 3871 censeo
1879 3817 2061 3872 liber
2125 3834 2278 3871 esse
2334 3835 2439 3873 nec
2493 3835 2758 3887 aequum

580 3916 827 3954 censeo
875 3899 1174 3953 liberum
1220 3916 1397 3967 esse,
1455 3903 1662 3955 omisso
1709 3919 1822 3955 me.
1915 3902 2023 3956 Sed
2073 3902 2264 3969 XXII,
2319 3905 2416 3970 60,
2470 3907 2504 3957 7
2549 3905 2756 3958 nollem

579 3990 802 4039 secutus
856 4001 1034 4039 essem
1082 3985 1544 4055 Wesenbergium
1599 3987 1658 4040 in
1704 3988 2041 4056 pronomine
2085 3987 2375 4054 addendo;
2430 4005 2559 4042 nam
2608 3988 2758 4058 apud

578 4070 855 4124 eiusmodi
890 4071 1144 4137 verbum,
1181 4071 1347 4139 quale
1383 4077 1471 4126 est
1505 4072 1836 4141 praeferri,
1874 4071 2027 4140 quod
2062 4089 2175 4127 non
2212 4072 2407 4128 addito
2444 4074 2755 4144 praedicato

576 4173 678 4224 per
713 4172 773 4208 se
808 4155 1186 4224 intellegitur,
1231 4173 1548 4226 pronomen
1585 4158 1773 4211 omitti
1807 4173 1978 4226 posse
2011 4157 2072 4212 hi
2108 4158 2220 4213 loci
2259 4158 2597 4213 ostendunt:
2653 4158 2755 4225 VI,

581 4243 663 4308 18,
705 4244 764 4293 11
804 4241 904 4306 (ut
936 4242 1280 4309 imperare
1315 4242 1465 4296 illis
1501 4258 1759 4311 aequum
1795 4241 2181 4311 cens‘eatis),
2228 4243 2324 4310 IX,
2370 4248 2449 4311 14,
2487 4246 2536 4310 5,
2573 4242 2754 4311 XXII,

576 4328 670 4392 32,
719 4327 766 4380 6.
856 4325 986 4381 Alia
1033 4333 1119 4380 est
1164 4328 1311 4383 ratio
1345 4329 1406 4383 in
1442 4328 1631 4396 XLII,
1688 4331 1782 4394 29,
1836 4331 1885 4396 3,
1940 4325 2037 4383 ubi
2073 4334 2228 4384 recte
2265 4328 2753 4382 Weissenbornius

574 4428 885 4480 pronomen
929 4411 1173 4480 addidit,
1228 4430 1339 4481 quo
1400 4414 1605 4468 omisso
1662 4415 1980 4469 necessario
2037 4420 2235 4469 contra
2280 4414 2616 4468 sententiam
2664 4414 2748 4467 in·

573 4495 844 4563 finitivus,
883 4498 979 4565 qui
1017 4503 1104 4551 est
1139 4496 1168 4549 f
1174 4514 1342 4566 erre,
1380 4498 1452 4552 ad
1487 4498 1774 4553 Romanos
1812 4497 2160 4567 referretur]
