3230 5282
637 584 760 639 Lib.
799 585 1018 638 XXXV.
1124 618 1128 622 .
1733 575 1855 634 510

638 761 926 836 gueret
981 776 1246 820 coram
1305 763 1461 835 ant,
1534 755 1602 821 si
1659 777 1718 837 q.
1767 778 1822 818 v.
1872 776 1960 835 a.,
2029 759 2259 838 argui
2318 767 2615 841 posset.
2728 759 2942 839 Atque

638 861 810 926 idem
867 863 1059 928 video
1116 863 1446 945 placuisse
1507 862 1844 941 Creverio,
1913 865 2042 929 nisi
2114 865 2289 946 quod
2361 865 2442 929 de
2510 887 2601 929 ne
2669 865 2939 929 restitu-

639 968 807 1032 endo
853 990 983 1033 non
1031 970 1360 1051 cogitavit.
1463 969 1664 1053 Origo
1723 971 1964 1053 prioris
2022 971 2240 1035 mendi
2295 978 2454 1036 nata
2515 979 2618 1037 est
2673 993 2753 1036 ex
2799 993 2942 1036 nea

636 1098 756 1158 pro
813 1098 909 1141 ne
968 1078 1392 1169 eabsoripto,
1463 1076 1698 1142 deinde
1755 1098 1792 1138 11
1852 1081 2121 1158 01111000,
2193 1078 2467 1143 alterius
2526 1101 2604 1143 ex
2662 1086 2738 1142 et
2791 1085 2942 1161 post

640 1184 956 1248 diceret
1000 1184 1337 1265 omiSSO.¹)

808 1290 964 1374 Cap.
1021 1295 1125 1370 12,
1182 1297 1219 1355 8
1277 1291 1418 1372 (ubi
1465 1292 1883 1358 Damocritus
1931 1293 2196 1358 AEtolus
2241 1293 2486 1357 Nabidi
2534 1293 2798 1372 suadet,
2864 1300 2939 1358 ut

634 1400 996 1464 maritimas
1032 1399 1544 1465 Lacedaemoniae
1591 1400 1888 1465 civitates
1933 1400 2108 1465 bello
2154 1400 2525 1484 recuperet)
2540 1401 2558 1464 Δε
2617 1400 2939 1464 Nullum

635 1508 1083 1571 exercitum
1142 1507 1576 1570 Romanum
1634 1509 1712 1571 in
1773 1507 2100 1572 Graecia·
2143 1529 2349 1588 esse,
2408 1529 2551 1572 nec
2610 1514 2940 1591 propter

636 1612 1009 1694 Gythium
1102 1620 1240 1677 aut
1319 1615 1772 1679 maritimos
1855 1615 2076 1680 alios
2160 1615 2533 1679 Laconas
2623 1615 2936 1696 dignam

634 1741 958 1785 oausam
1027 1722 1649 1785 existimaturos
1717 1722 2144 1800 RomanoS‚
2215 1744 2360 1787 cur
2423 1722 2790 1804 legiones
2855 1722 2936 1784 in

635 1827 1031 1892 Graeoiam
1110 1849 1399 1893 rursus
1482 1831 2080 1894 transmittant.
2204 1831 2635 1895 vitiosissime
2703 1828 2939 1891 dicitur

633 1942 975 2019 propter
1066 1935 1380 2017 aliquid
1459 1936 1775 2018 dignam
1857 1958 2189 2002 causam
2270 1939 2752 2002 existimare
2831 1935 2936 2014 (ne

461 2050 606 2120 (410)
645 2042 870 2107 addito
941 2043 1203 2125 quidem
1273 2043 1508 2123 esse),
1593 2065 1735 2108 cur
1803 2045 2117 2127 aliquid
2186 2023 2486 2123 facia83
2565 2045 2807 2108 usitate
2873 2049 2938 2105 et

632 2158 810 2215 recte
858 2150 1177 2235 aliquid
1225 2151 1568 2233 (aliquem)
1617 2150 1933 2235 dignam
1982 2173 2299 2216 oausam
2347 2153 2742 2228 existim0,
2801 2170 2938 2212 our

632 2258 955 2338 faciam3
1036 2265 1236 2340 atque
1305 2260 1388 2323 ad
1458 2258 1627 2323 hanc
1696 2258 1968 2324 formam
2041 2259 2264 2324 Livius
2333 2260 2719 2342 scripserat:
2801 2277 2938 2321 neo

632 2365 1022 2450 Gythium
1112 2374 1254 2431 aut
1332 2367 1786 2430 maritimos
1878 2367 2092 2431 alios
2173 2367 2539 2442 Laconas
2629 2365 2937 2446 dignam

635 2494 963 2538 causam
1032 2475 1656 2539 existimaturos
1726 2471 1847 2539 cet'.
1974 2474 2247 2539 Addidit
2312 2479 2645 2557 propter
2714 2471 2937 2535 eadem

632 2581 976 2660 sedulitaS,
1048 2602 1193 2664 quae
1238 2602 1366 2646 non
1415 2601 1631 2664 pauca
1675 2581 1864 2661 alibi,
1926 2604 2204 2666 quorum
2250 2604 2327 2647 ex
2375 2581 2496 2646 hac
2542 2579 2785 2645 decade
2831 2599 2937 2643 ex-

633 2690 851 2773 empla
898 2690 1133 2771 collegi
1179 2690 1265 2753 ad
1310 2689 1614 2767 XXXIV,
1677 2694 1788 2767 23,
1849 2694 1905 2752 2.
2020 2689 2155 2772 [Sic
2213 2692 2342 2754 iam
2394 2686 2620 2770 Gron.]
2732 2687 2931 2751 Paulo

635 2804 784 2879 post
841 2797 902 2879 (ξ
955 2797 1058 2879 13)
1117 2797 1361 2861 nollem
1410 2818 1450 2860 a
1495 2797 2030 2862 Weissenbornio
2090 2795 2183 2879 [in
2230 2798 2329 2861 ed.
2378 2794 2620 2880 priore]
2678 2813 2938 2859 revoca-

633 2911 774 2968 tum
821 2905 887 2968 in
935 2905 1233 2968 oratione
1282 2904 1553 2988 obliqua
1597 2903 1938 2968 fuerunt
1982 2928 2100 2987 pro
2150 2906 2493 2979 fuerint,
2554 2924 2749 2985 quum
2797 2903 2938 2984 ipse

634 3012 699 3075 M
747 3012 840 3091 (in
889 3033 1018 3094 quo
1066 3017 1169 3076 est
1213 3010 1606 3092 fuerant),
1675 3033 1869 3093 quam
1926 3012 2118 3077 facile
2165 3015 2230 3077 in
2277 3014 2402 3077 hac
2446 3033 2515 3075 re
2562 3011 2938 3075 aberratum

634 3120 753 3197 sit,
808 3117 1134 3184 ostendat.
1238 3118 1387 3182 Dixi
1445 3120 1574 3183 iam
1635 3125 1789 3183 ante
1837 3119 1924 3202 (p.
1980 3125 2093 3183 181
2145 3128 2309 3198 not.,
2373 3120 2457 3184 ad
2504 3118 2625 3197 IX,
2685 3122 2795 3195 25,
2856 3116 2939 3197 5),

636 3227 831 3291 aliam
887 3228 953 3289 in
1014 3225 1137 3289 hac
1194 3247 1265 3290 re
1322 3225 1690 3308 imperfecti
1738 3232 1803 3291 et
1849 3227 2475 3315 plusquamperfeoti
2521 3247 2600 3290 ex
2645 3225 2941 3289 oratione

634 3340 816 3398 recta
859 3334 1103 3398 retenti
1148 3332 1356 3413 legem
1403 3355 1567 3397 esse.
1639 3335 1821 3399 Idem
1867 3335 2177 3399 mendum
2222 3335 2471 3399 residet
2514 3335 2581 3397 in
2629 3354 2679 3397 0.
2725 3336 2821 3409 16,
2865 3337 2940 3394 10

637 3440 1090 3520 (venerunt3
1168 3446 1302 3505 tres
1371 3441 1894 3506 Drakenborchii
1962 3442 2149 3506 codd.
2221 3443 2631 3520 venerint3
2711 3446 2942 3504 contra

636 3548 832 3631 paulo
901 3556 1054 3612 ante
1122 3550 1492 3614 necessario
1569 3569 1713 3614 cum
1776 3549 2040 3615 Dukero
2114 3550 2528 3615 scribendum
2589 3557 2940 3613 mutave-

696 3819 743 3882 ι)
782 3817 910 3887 Cap.
949 3819 1007 3883 5,
1058 3821 1121 3871 14
1168 3819 1478 3873 tollendum
1517 3826 1604 3874 est
1642 3819 1897 3874 codicum
1934 3819 2277 3873 auctoritate
2315 3824 2473 3873 sunt
2510 3826 2639 3873 ante
2676 3818 2940 3870 amissa.

779 3902 933 3971 [Cap.
971 3905 1021 3970 6,
1062 3906 1095 3957 6
1131 3904 1340 3959 editur:
1390 3912 1732 3970 senatum,
1777 3906 1845 3958 ni
1882 3906 1937 3959 is
1973 3904 2058 3972 (L.
2098 3905 2397 3960 Cornelius
2432 3902 2648 3970 consul)
2686 3902 2767 3956 ad
2802 3919 2937 3955 ma-

775 3988 1133 4057 gistratus
1179 3989 1671 4058 subrogandos
1706 3990 1981 4044 Romam
2026 3992 2323 4057 veniret,
2377 3990 2611 4059 potius
2651 4004 2840 4056 qnam
2880 3987 2938 4054 Q.

774 4072 1151 4126 Minucinm
1198 4092 1230 4127 a
1274 4075 1456 4127 bello
1504 4076 1786 4141 integro
1833 4080 2187 4142 avocaret,
2243 4076 2723 4143 interregnum
2776 4074 2941 4127 iniri

780 4175 1152 4226 passurum.
1233 4159 1304 4212 In
1341 4159 1401 4212 M
1437 4176 1538 4227 pro
1584 4160 1655 4213 ni
1701 4161 1758 4214 is
1803 4160 1912 4215 fuit
1946 4160 2126 4215 velle
2161 4166 2236 4214 ut
2270 4161 2352 4226 is;
2401 4160 2533 4214 inde
2569 4158 2714 4213 effici
2752 4159 2939 4212 debet:

778 4252 1093 4298 senatum
1142 4244 1354 4310 velle,
1394 4245 1553 4298 ntis
1589 4272 1661 4282 —
1695 4248 1985 4311 veniret3
2042 4248 2105 4298 ul
2144 4247 2427 4312 veniret,
2475 4248 2707 4316 potius
2745 4260 2943 4312 quam

776 4334 881 4383 eet.
955 4329 1135 4383 Multo
1173 4330 1384 4382 rectius
1422 4330 1501 4384 010
1540 4330 1745 4398 gradus
1783 4332 2225 4399 distinguuntur,
2280 4338 2338 4384 et
2372 4333 2553 4386 multo
2588 4330 2807 4385 facilius
2847 4346 2940 4383 ex-

777 4414 965 4467 cidere
1001 4431 1133 4468 non
1170 4414 1443 4467 veniret
1477 4417 1667 4484 potuit
1704 4434 1866 4485 quam
1907 4416 2039 4471 addi
2077 4417 2267 4471 velle
2304 4421 2391 4469 ut.
2470 4414 2639 4482 1863]
