3230 5282
1474 594 1595 654 555
2276 609 2398 664 Lib.
2443 611 2688 665 XXXIX.

1201 839 1385 921 Lib.
1455 840 1910 949 XXXIX.1)

551 992 709 1076 Cap.
759 1000 819 1070 4,
868 997 934 1055 2:
997 993 1228 1073 isque
1288 989 1401 1069 (M.
1448 990 1718 1055 Fulvius
1765 990 2094 1067 Nobilior,
2155 995 2263 1074 qui
2324 1017 2401 1057 ex
2446 994 2693 1059 AEtolia

378 1099 696 1178 redierat)
744 1101 840 1164 ad
887 1099 1126 1164 aedem
1172 1097 1588 1180 Apollinis
1647 1100 1724 1161 in
1782 1107 2075 1162 senatu
2134 1121 2372 1180 quum
2432 1102 2524 1166 de
2569 1123 2691 1166 re-

379 1207 522 1271 bus
570 1209 647 1271 in
693 1207 997 1272 AEtolia
1043 1203 1747 1288 Cephalleniaque
1806 1205 1900 1269 ab
1968 1228 2047 1270 se
2105 1209 2363 1288 gestis
2423 1207 2690 1272 disse-

379 1316 718 1393 ruisset,
766 1315 1015 1397 petiit
1061 1332 1101 1376 a
1148 1313 1553 1394 patribus,
1603 1318 1689 1374 ut
1735 1333 2038 1396 aequum
2085 1321 2530 1392 censerent,
2582 1315 2677 1379 ob
2718 1322 2862 1391 (451)

381 1442 544 1485 rem
589 1423 1007 1505 publicam
1053 1421 1254 1485 bene
1312 1438 1401 1482 ac
1448 1419 1818 1483 feliciter
1863 1427 2175 1501 gestam
2234 1430 2310 1485 et
2368 1422 2488 1485 dis
2546 1423 2689 1484 im-

379 1530 880 1594 mortalibus
925 1529 1310 1593 honorem
1355 1526 1651 1590 haberi
1713 1527 1992 1591 iubere
2053 1534 2131 1592 et
2188 1528 2343 1592 sibi
2405 1529 2692 1593 trium-

381 1637 617 1720 phum
666 1638 1122 1701 decernere.
1212 1633 1469 1697 Petitur
1530 1633 1689 1697 alibi
1737 1655 1775 1697 a
1823 1641 2092 1713 senatu,
2153 1644 2223 1699 ut
2291 1635 2514 1700 iubeat
2573 1635 2692 1699 ali-

389 1744 546 1828 quid
607 1751 675 1808 et
732 1745 1069 1821 decernat,
1136 1762 1268 1806 non
1324 1748 1398 1804 ut
1456 1763 1718 1825 aequuni
1786 1750 2051 1806 censeat
2109 1743 2457 1807 decernere
2540 1742 2692 1823 (etsi

389 1852 764 1917 decernitur
809 1872 980 1934 saepe
1026 1850 1128 1913 his
1177 1848 1426 1926 verbiS,
1489 1870 1744 1929 aequum
1791 1852 2047 1914 senatui
2103 1850 2338 1922 videri,
2408 1850 2534 1914 hoc
2579 1856 2694 1913 aut

382 1960 546 2023 illud
590 1958 766 2038 fieri,
828 1979 1037 2040 neque
1084 1965 1303 2020 tamen
1349 1956 1415 2018 in
1462 1956 1581 2019 tali
1637 1979 1726 2034 re,
1774 1956 1853 2020 de
1900 1957 2147 2022 honore
2194 1957 2295 2021 dis
2340 1957 2693 2036 habendo).

391 2065 548 2131 Cod.
627 2068 690 2131 M
773 2088 902 2130 non
979 2064 1268 2128 iubere
1348 2071 1464 2127 aut
1544 2063 1988 2128 decernere
2076 2066 2390 2147 scriptum
2473 2064 2692 2140 habet,

384 2176 497 2239 sed
587 2175 966 2237 iuberent
1055 2172 1619 2246 decernerent,
1691 2171 1867 2253 quod
1948 2171 2514 2236 Weissenbornius
2594 2192 2690 2235 se·

381 2287 573 2344 cutus
620 2287 738 2344 est.
830 2279 959 2344 Sed
1005 2298 1310 2362 perversa
1355 2297 1473 2340 nec
1534 2277 1772 2341 Latina
1828 2278 1966 2341 haec
2026 2286 2125 2343 est
2182 2279 2425 2343 oratio:
2499 2284 2691 2360 peto

380 2407 423 2451 a
468 2395 790 2465 senatu,
850 2393 933 2450 ut
990 2407 1294 2469 aequum
1349 2393 1714 2462 censeat,
1776 2385 2159 2450 honorem
2215 2386 2501 2450 haberi
2572 2386 2692 2449 dis

380 2495 675 2573 iubeat,
724 2496 857 2559 sive
904 2500 990 2558 ιιι
1034 2493 1267 2558 audias
1292 2492 1624 2573 (aequum
1661 2514 1974 2571 cense0,
2022 2500 2109 2557 ut
2140 2495 2311 2576 ipse
2348 2493 2701 2574 iubeam),

394 2603 524 2666 sive
593 2609 669 2667 et
737 2601 849 2683 (ut
905 2622 1201 2683 aequum
1268 2601 1490 2665 nescio
1561 2601 1721 2682 quid
1777 2607 2118 2666 censeat
2181 2609 2256 2667 et
2312 2600 2693 2666 honorem

389 2709 510 2774 dis
556 2710 840 2774 haberi
885 2709 1218 2790 iubeat).
1309 2708 1634 2772 Addenda
1680 2716 1779 2772 est
1824 2711 1887 2773 in
1936 2710 2164 2791 optimi
2212 2709 2452 2773 codicis
2489 2710 2691 2791 scrip-

390 2825 538 2881 tura
585 2818 865 2881 duarum
912 2817 1283 2880 litterarum
1329 2816 1690 2899 particula:
1742 2818 1987 2899 petiit
2033 2838 2072 2879 a
2116 2816 2524 2899 patribus,
2572 2823 2688 2892 ut,

388 2925 452 2986 si
499 2944 801 3006 aequum
848 2930 1306 3000 censerent,
1352 2958 1438 2966 —
1485 2932 1562 2987 et
1605 2958 1691 2967 —-
1736 2922 2118 2986 iuberent
2166 2930 2241 2986 et
2284 2957 2372 2965 —
2417 2906 2691 2985 decer-

385 3039 688 3096 nerent.
781 3031 879 3096 Ea
923 3039 1023 3096 est
1067 3030 1400 3095 sollemnis
1446 3031 1513 3094 in
1559 3029 1680 3093 tali
1724 3050 1794 3092 re
1842 3029 2109 3111 petendi
2147 3022 2490 3092 modestia.
2581 3028 2690 3091 Al-

385 3146 532 3203 tera
599 3139 970 3203 coniunctio
1045 3138 1323 3203 alteram
1366 3137 1510 3201 loco
1557 3137 1774 3215 movit,
1834 3137 2005 3217 quod
2064 3157 2193 3200 non
2252 3136 2347 3198 ita
2413 3156 2564 3198 raro
2624 3136 2690 3198 in

385 3247 503 3311 tali
549 3268 872 3311 concursu
917 3246 1174 3310 accidit.
1266 3244 1513 3308 Eodem
1560 3245 1776 3327 capite
1824 3242 1856 3325 ξ
1908 3249 1978 3306 11
2042 3243 2136 3323 (in
2195 3244 2491 3306 oratione
2538 3241 2689 3305 Ful-

384 3356 469 3418 vii
527 3361 758 3418 contra
815 3354 900 3417 M.
961 3353 1206 3417 AEmilii
1253 3351 1554 3427 consulis,
1625 3352 1738 3432 qui
1804 3357 1961 3414 tunc
2029 3350 2279 3427 aberat,
2350 3350 2690 3431 superiore

384 3469 680 3544 tempore
749 3461 1323 3544 reprehensionem
1393 3480 1663 3523 suarum
1729 3457 1976 3538 rerum)
2046 3457 2234 3521 valde
2292 3477 2549 3534 vereor,
2607 3477 2690 3520 ne

385 3568 637 3651 aliquid
684 3568 893 3632 subsit
937 3568 1175 3632 occulti
1220 3566 1437 3630 mendi
1472 3568 1538 3630 in
1572 3565 1675 3629 his
1721 3565 1971 3629 verbis:
2018 3564 2179 3628 Iam
2227 3564 2317 3628 de
2365 3563 2689 3628 deorum

385 3675 967 3739 immortalium
1034 3675 1365 3758 templis
1433 3673 1827 3756 spoliatis
1872 3707 1957 3716 —-
2024 3671 2345 3753 qualem
2394 3670 2690 3735 calum-

384 3784 588 3845 niam
646 3783 739 3847 ad
809 3780 1252 3866 pontifices
1322 3781 1759 3846 attulerit?
1844 3779 2014 3844 Nam
2059 3787 2133 3843 ut
2179 3780 2495 3856 omittam,
2545 3798 2688 3861 quae

385 3892 682 3954 excusari
741 3897 960 3973 potest
1031 3889 1185 3970 (vid.
1234 3889 1432 3972 paulo
1494 3896 1647 3953 ante
1696 3887 1780 3951 ad
1829 3885 2185 3965 XXXVIII,
2235 3885 2362 3966 59),
2409 3886 2687 3949 interro-

383 3997 712 4077 gationem
751 3998 1161 4062 coniunctivo
1198 3996 1390 4060 modo
1427 3997 1728 4079 positam,
1778 4015 1923 4076 quae
1965 3992 2286 4058 infinitivo
2324 3991 2541 4056 efferri
2577 3992 2686 4055 de-

433 4265 483 4331 ¹)
520 4264 591 4320 In
626 4267 733 4319 hoc
771 4272 827 4319 et
862 4267 1121 4335 proximo
1158 4267 1318 4331 libr0‚
1358 4264 1652 4318 deficiente
1690 4264 1751 4331 B,
1790 4282 1931 4318 unus
1970 4264 2266 4333 locupletis
2320 4263 2484 4316 testis
2519 4261 2687 4315 fidem

518 4351 691 4405 habet
725 4352 801 4419 M,
843 4352 1001 4405 cuius
1039 4357 1227 4405 tamen
1266 4351 1650 4405 testimonium
1688 4351 1854 4403 nimis
1894 4366 2044 4416 saepe
2077 4348 2425 4402 subtrahitur
2462 4353 2557 4399 aut
2594 4347 2689 4399 ob-

519 4452 742 4489 scurum
782 4442 882 4489 est.
