3230 5282
665 647 787 701 Lib.
825 646 989 700 XLV.
1753 633 1873 694 712

666 820 853 901 quia
918 819 1091 903 ipse
1139 819 1355 883 scire
1422 818 1747 902 nequid,
1813 816 1938 883 hoc
1981 825 2115 882 est:
2175 818 2369 902 quia
2423 818 2598 902 ipse
2655 815 2968 879 hiscere

665 928 1004 1009 nequiit.
1093 925 1322 1010 Neque
1369 926 1541 991 enim
1584 926 1652 989 in
1698 947 1774 991 eo
1818 926 2016 991 verbo
2064 925 2239 1009 apud
2282 926 2551 994 Latinos
2600 925 2965 1010 quidquam

667 1042 768 1100 est
812 1035 1018 1100 iocosi
1064 1041 1181 1100 aut
1223 1035 1415 1100 nimis
1460 1033 1724 1114 humile,
1770 1034 1885 1099 sed
1910 1055 2200 1119 ⁸prorsus
2246 1034 2598 1118 respondet
2645 1035 2735 1113 ei,
2781 1032 2967 1117 quod

666 1145 1052 1209 Germanice
1099 1142 1311 1208 dicas:
1378 1142 1521 1207 weil
1590 1164 1662 1208 er
1715 1141 1865 1208 kein
1910 1142 2100 1208 Wort
2154 1142 2750 1225 hervorzubringen
2818 1163 2967 1206 ver·

666 1251 925 1318 mochte
1005 1251 1147 1333 (cfr.
1204 1250 1315 1332 IX,
1372 1256 1429 1328 4,
1479 1257 1535 1331 7,
1591 1250 1899 1329 XXXIX,
1953 1255 2048 1329 12,
2094 1256 2149 1331 5,
2195 1250 2386 1331 XLV,
2445 1254 2543 1330 26,
2595 1250 2687 1332 7).
2781 1249 2969 1314 Idem

666 1361 935 1426 verbum
1001 1380 1042 1425 a
1105 1359 1376 1425 librario
1458 1359 1915 1424 oblitteratum
1991 1359 2352 1425 videbimus
2430 1359 2618 1439 XLV,
2690 1363 2792 1438 37,
2863 1363 2967 1423 13.

666 1470 1003 1534 Postremo
1051 1467 1084 1551 ἓ
1135 1471 1230 1545 13,
1277 1468 1388 1533 ubi
1422 1467 1764 1532 scribitur:
1812 1465 2162 1533 Thraces
2194 1503 2280 1513 —
2326 1467 2600 1534 domos
2649 1467 2965 1552 dilapsi

667 1585 744 1643 et
789 1578 964 1642 aliae
1007 1576 1401 1642 militaris
1448 1577 1770 1658 generis
1815 1575 2090 1655 turbae,
2136 1597 2326 1641 usum
2364 1576 2674 1659 loquendi
2712 1583 2779 1641 et
2823 1597 2965 1641 rem

601 1705 608 1711 ·
666 1686 824 1767 (una
891 1686 1063 1751 enim
1128 1691 1272 1750 erat
1339 1683 1612 1749 confusa
1666 1683 1879 1764 turba,
1926 1684 2207 1769 dispersi
2261 1686 2588 1750 exercitus
2634 1684 2967 1767 reliquiae)

666 1793 1000 1878 postulare
1056 1800 1247 1877 puto,
1316 1799 1393 1857 ut
1436 1792 1790 1858 scribatur:
1860 1799 1935 1858 et
1980 1793 2143 1859 alia
2188 1793 2583 1859 militaris
2639 1795 2969 1877 generis

667 1902 926 1967 turba.
994 1901 1094 1965 Ex
1136 1900 1375 1966 turba
1421 1898 1858 1966 Cretenses
1895 1908 2112 1967 ortum
2149 1902 2383 1986 opinor
2428 1901 2704 1966 turbae.
2776 1901 2961 1966 Alibi

668 2011 984 2076 turbam
1027 2010 1387 2076 navalem
1431 2009 1877 2075 militarem
1921 2008 2142 2076 Livius
2190 2010 2442 2092 dicit.¹)

1560 2304 1745 2386 Lib.
1812 2304 2062 2387 XLV.

836 2453 992 2539 Cap.
1045 2458 1099 2533 1,
1148 2458 1214 2518 6:
1262 2453 1358 2519 Et
1404 2454 1653 2519 aliter
1698 2454 1982 2520 editur
2027 2455 2424 2520 circensis
2478 2455 2746 2520 turbae
2805 2476 2967 2520 non

668 2564 923 2628 minus
982 2562 1272 2627 similis
1334 2562 1501 2627 veri
1545 2561 1865 2628 laetitia.
1957 2562 2104 2629 Non
2151 2572 2329 2629 recte
2377 2565 2802 2648 coniungitur
2848 2562 2967 2628 ad-

601 2686 608 2693 ·
668 2672 960 2737 verbium
1008 2678 1073 2737 et
1129 2671 1551 2737 adiectivum:
1600 2671 1848 2736 aliter
1891 2707 1975 2718 —
2018 2693 2171 2737 non
2228 2673 2485 2737 minus
2543 2674 2709 2737 veri
2756 2674 2969 2738 simi·

662 2782 796 2861 lis,
841 2781 1119 2846 alterum
1186 2780 1265 2845 de
1309 2780 1705 2846 narrationis
1748 2778 1961 2845 forma
2006 2779 2282 2860 dictum,
2339 2781 2624 2846 alterum
2685 2781 2766 2845 de
2811 2782 2967 2866 ipsa

661 2912 750 2971 re,
797 2911 999 2975 quum
1044 2890 1272 2954 eodem
1319 2895 1674 2973 utrumque
1720 2895 1972 2972 spectet
2029 2888 2156 2972 (Et
2209 2890 2459 2955 alite-r
2503 2910 2651 2955 neo
2695 2890 2967 2954 minus

659 2999 831 3063 veri
868 2996 1301 3079 similiter).
1340 2997 1437 3062 Ne
1474 2996 1712 3061 edere
1752 2997 2017 3080 quidem
2040 2998 2428 3083 simpliciter
2460 3018 2578 3082 pro
2615 3018 2965 3062 narrare

493 3108 634 3177 (592)
670 3107 830 3192 poni
863 3106 1059 3187 solet;
1109 3103 1285 3170 aliud
1319 3110 1420 3169 est
1453 3105 1625 3169 enim
1668 3125 2075 3171 numerum
2110 3127 2515 3186 caesorum,
2551 3106 2673 3171 rei
2719 3112 2969 3187 gestae

663 3215 1024 3281 ordinem
1061 3213 1298 3279 edere
1330 3212 1700 3295 (angeben).
1757 3212 1831 3278 In
1856 3214 2083 3281 codice
2110 3220 2238 3279 est:
2266 3220 2344 3279 et
2376 3213 2630 3304 aliter
2665 3213 2957 3278 editus.

666 3322 1091 3389 Scribendum
1134 3321 1421 3386 videtur:
1468 3320 1565 3385 Et
1610 3321 1775 3387 alia
1829 3322 2213 3388 traditur.
2295 3322 2395 3386 Ex
2448 3322 2702 3387 aliatr
2746 3329 2958 3386 ortum

665 3431 927 3498 aliter.
976 3429 1172 3513 (Ante
1197 3429 1642 3513 Kreyssigium
1668 3430 2111 3497 scribebatur:
2143 3430 2241 3495 Et
2275 3430 2523 3496 aliter
2558 3429 2952 3495 traditur.

665 3539 974 3606 Senserat
1032 3539 1347 3624 Grynaeus
1412 3537 1833 3604 insolentiam
1868 3532 1963 3604 'in
2030 3539 2265 3604 edendi
2332 3538 2578 3620 verbo.)
2687 3536 2952 3620 [Vahle-

663 3630 853 3713 nius?
892 3653 968 3713 et
1011 3647 1293 3712 altera.
1361 3645 1607 3712 Vereor
1653 3646 1965 3727 nonnihil,
2009 3668 2092 3713 ne
2138 3648 2352 3712 minus
2393 3652 2572 3712 recte
2621 3653 2703 3712 et
2747 3646 2959 3711 alter

663 3762 949 3840 ponatur
994 3755 1075 3819 de
1118 3775 1189 3819 re
1236 3755 1520 3833 diversa,
1568 3775 1713 3836 quae
1756 3756 1959 3839 priori
2014 3776 2145 3820 non
2191 3754 2584 3837 adiungatur
2648 3762 2771 3819 aut
2815 3773 2951 3819 suc-

602 3890 610 3899 ·
664 3864 874 3942 cedat,
918 3862 1032 3928 sed
1078 3884 1219 3929 eam
1265 3861 1615 3945 excludat]

835 3971 990 4055 Cap.
1038 3976 1097 4051 2,
1144 3973 1211 4034 3:
1258 3970 1544 4053 Legati
1590 3970 1660 4052 (a
1705 3971 1775 4036 L.
1824 3971 2087 4037 AEmilio
2134 3972 2404 4038 consule
2450 3972 2742 4036 victoriae
2796 3989 2951 4033 nun·

662 4082 740 4146 tii
776 4081 988 4162 missi)
1031 4113 1117 4124 —
1159 4079 1240 4144 in
1284 4078 1539 4144 forum
1583 4079 1684 4145 ad
1714 4079 2080 4146 tribunal
2127 4084 2696 4164 perrexerunt.
2760 4077 2951 4143 Plura

667 4196 853 4255 erant
895 4190 962 4254 in
1005 4187 1150 4255 foro
1195 4187 1570 4254 tribunalia.
1664 4185 1912 4253 Codex:
1982 4190 2060 4252 in
2115 4186 2375 4254 forum
2418 4196 2501 4253 at
2541 4187 2731 4253 urbi
2776 4206 2947 4270 per-

666 4303 1075 4362 rexerunt.
1166 4296 1297 4361 Aut
1355 4296 1450 4361 ad
1495 4303 1922 4380 praetorem
1977 4296 2372 4362 urbanum
2440 4297 2563 4379 (ad
2610 4317 2715 4379 pr.
2762 4291 2945 4371 urb.)

717 4518 762 4584 ¹)
797 4516 882 4573 De
920 4536 966 4573 c.
1004 4518 1089 4585 46,
1129 4518 1162 4570 5
1199 4516 1415 4571 dictum
1452 4522 1536 4571 est
1571 4517 1646 4571 ad
1682 4534 1727 4572 c.
1764 4519 1813 4586 6,
1853 4519 1901 4572 2.
