3230 5282
1401 596 1519 658 621
2180 614 2189 624 “
2271 605 2394 660 Lib.
2430 603 2603 658 XLII.

313 782 668 847 tiosissime
736 787 874 844 tum
942 779 1236 845 abundat
1311 779 1791 858 hostilibus,
1871 779 1937 842 id
2005 780 2136 844 iam
2203 778 2607 861 praecipiens,

318 889 498 973 quod
546 889 777 954 deinde
823 888 1079 971 integra
1124 888 1498 954 declaratur
1545 889 1899 966 sententia3
1969 886 2201 952 debuit
2245 884 2403 950 dici:
2463 885 2606 949 iis-

317 999 487 1063 dem
544 997 865 1075 animiS,
933 1017 1127 1079 quos
1188 996 1341 1076 (hoc
1387 1005 1512 1076 est,
1561 996 1961 1077 hostilibus).
2052 994 2272 1059 Livius
2330 992 2607 1077 scripse·

313 1115 450 1172 rat:
518 1128 655 1191 per
720 1105 933 1170 idem
990 1110 1337 1188 tempus,
1397 1124 1539 1167 non
1598 1105 1841 1167 ulnus
1885 1102 2336 1168 hostilibus
2385 1108 2609 1167 actas

315 1211 639 1289 animiS,
686 1229 898 1288 qnam
942 1212 1573 1290 quosintestino
1621 1217 2062 1294 gesserant
2115 1209 2370 1288 bello.
2430 1230 2610 1292 cog·

316 1321 559 1384 novit.
632 1318 887 1384 Librari
924 1320 1172 1386 ioculos
1213 1321 1473 1405 decepit
1519 1321 1877 1387 similitudo
1924 1320 2291 1385 litterarum
2324 1319 2391 1381 in
2429 1324 2610 1381 tem·

317 1448 462 1511 pus
510 1434 576 1492 et
634 1430 919 1509 minus3
988 1435 1126 1493 tum
1172 1428 1314 1493 duae
1359 1450 1545 1495 voces
1592 1450 1633 1494 a
1699 1451 1797 1512 qu
1864 1429 2251 1512 incipientes
2306 1428 2477 1490 inter
2523 1445 2612 1504 se,

318 1541 393 1600 ut
436 1557 627 1619 saepe,
676 1543 1056 1601 nocuerunt.
1124 1535 1429 1602 Nondum
1473 1537 1598 1603 hoc
1645 1544 1843 1621 caput
1878 1535 2287 1601 absolvimus.
2336 1534 2614 1598 Restant

328 1644 499 1707 enim
568 1651 863 1708 extrema
930 1644 1126 1709 verba
1174 1644 1234 1727 (ξ
1287 1646 1390 1725 12)
1460 1648 1553 1710 sic
1599 1647 1667 1710 in
1715 1646 1937 1730 codice
1993 1643 2264 1726 scripta:
2335 1639 2611 1706 Corin·

317 1750 504 1816 thus
551 1760 637 1815 ut
679 1751 797 1816 ibi
837 1753 1442 1836 deponerentur
1485 1753 1813 1819 obsides
1848 1751 2347 1822 convenitur.
2417 1750 2613 1831 (Ede-

320 1857 519 1923 batur
566 1860 749 1924 olim:
811 1858 1318 1938 Corinthum,
1364 1870 1454 1925 ut
1495 1860 1609 1925 ibi
1656 1861 1823 1944 dep.
1872 1861 2058 1938 obs.,
2107 1859 2612 1924 convenitur.

323 1965 562 2032 Nullus
590 1965 884 2033 Corinthi
925 1977 1279 2034 conventus
1316 1975 1504 2034 actus
1541 1969 1687 2050 est.)
1754 1969 1953 2034 Recte
1993 1967 2406 2052 Kreyssigius
2441 1989 2615 2032 con-

325 2077 544 2139 venit
600 2076 797 2141 scribi
844 2078 1048 2156 iussit,
1097 2079 1201 2141 cui
1249 2079 1647 2142 recentiores
1707 2076 2157 2173 obsequuntur
2234 2075 2341 2157 (de
2398 2075 2616 2140 mendi

331 2204 567 2266 genere
614 2184 760 2263 vid„
809 2207 950 2268 quae
1020 2185 1234 2250 dicam
1293 2185 1376 2250 ad
1421 2184 1614 2262 XLV,
1664 2191 1718 2265 5,
1769 2185 1905 2266 12);
1974 2184 2088 2262 sed
2144 2183 2318 2267 quod
2375 2191 2458 2248 ut
2502 2183 2617 2247 ibi

323 2291 559 2371 editur,
605 2315 734 2358 non
772 2300 930 2376 puto
968 2293 1267 2358 absolute
1307 2294 1436 2357 dici
1469 2315 1693 2378 posse:
1744 2292 2189 2358 Corinthus
2223 2293 2615 2371 convenit,

327 2400 591 2465 adiecta
658 2403 987 2467 sententia
1055 2400 1235 2466 finali
1304 2401 1465 2482 (ut),
1525 2401 1669 2466 sed:
1740 2400 2211 2480 CorinthuS,
2269 2399 2402 2465 ubi
2448 2400 2614 2483 dep.

323 2508 528 2586 obs.,
599 2511 1009 2582 convenit,
1079 2508 1204 2575 hoc
1271 2518 1397 2574 est:
1470 2508 1617 2575 Cor.
1676 2510 1935 2575 obsides
2003 2508 2373 2593 deponendi
2436 2507 2618 2574 locus

324 2618 717 2699 convenit.¹)

494 2724 649 2810 Cap.
700 2732 755 2806 7,
804 2730 873 2790 9:
921 2727 1212 2791 Decem
1258 2726 1517 2791 millia
1561 2726 1964 2791 hominum
2020 2746 2223 2790 caesa
2277 2725 2617 2791 tradun-

318 2837 479 2909 tur,
528 2834 878 2918 amplius
926 2837 1444 2919 septingenti
1489 2835 1791 2919 passim
1839 2836 2091 2917 capti3
2142 2835 2373 2916 signa
2418 2834 2617 2898 mili·

318 2944 538 3005 taria
579 2944 849 3007 relata
896 2944 1305 3024 octoginta
1350 2944 1530 3006 tria.
1599 2941 1936 3023 Nusquam
1982 2943 2046 3005 in
2093 2940 2410 3006 similibus
2453 2942 2616 3006 locis

322 3049 648 3133 (plurimis
716 3060 937 3115 autem
999 3044 1460 3114 sic‘caesorum
1518 3058 1984 3131 captorumque
2031 3056 2098 3113 et
2142 3050 2472 3131 signornm
2516 3071 2618 3114 re-

329 3158 616 3223 latorum
671 3161 922 3223 numeri
990 3157 1346 3241 ponuntur)
1403 3157 1697 3235 additur,
1767 3157 2089 3240 quomodo
2154 3155 2377 3222 hostes
2443 3159 2619 3241 capti

319 3268 480 3345 sint3
547 3290 666 3332 nec
714 3288 867 3332 sane
918 3287 1080 3349 opus
1129 3274 1271 3331 erat
1318 3266 1557 3334 caveri.
1625 3286 1705 3329 ne
1764 3286 1984 3329 omnes
2039 3286 2167 3330 uno
2223 3265 2367 3330 loco
2428 3268 2605 3350 capti
2641 3283 2786 3352 (512)

378 3452 426 3522 ¹)
465 3454 598 3526 Cap.
623 3459 756 3524 6,1:
798 3452 1186 3512 Marcellus
1224 3460 1290 3512 in
1321 3457 1869 3527 Peloponnesum
1901 3457 2043 3523 (cod.
2082 3457 2618 3527 Peloponnensi·

455 3542 584 3607 um)
620 3544 928 3610 traiecit,
977 3561 1104 3612 quo
1152 3544 1432 3598 Achaeis
1480 3543 1798 3598 edixerat
1843 3549 2277 3597 conventum.
2352 3542 2619 3599 Fortasse

453 3624 559 3681 fuit
611 3628 680 3683 in
731 3628 1276 3698 Peloponnesum
1329 3629 1598 3699 AEgium
1659 3629 1982 3696 traiecit3
2043 3646 2173 3683 nam
2234 3647 2369 3698 quo
2424 3631 2617 3685 adver·

453 3711 610 3767 bium
663 3716 940 3783 requirere
1007 3715 1230 3769 videtur
1283 3716 1423 3769 certi
1474 3716 1584 3769 loci
1652 3714 2135 3784 significationem.
2200 3714 2393 3781 (1864.)
2486 3715 2617 3785 [No-

451 3814 580 3853 men
615 3800 769 3854 urbis
806 3800 1083 3854 excidisse
1121 3802 1234 3854 iam
1270 3800 1423 3856 Crev.
1476 3801 1793 3870 suspicatus
1848 3799 2007 3869 erat]
2082 3798 2114 3869 ξ
2174 3803 2258 3855 1οε
2308 3801 2403 3854 eis
2459 3801 2611 3869 (cen-

453 3884 694 3952 soribus)
730 3886 1096 3954 negotium
1134 3885 1368 3939 datum
1405 3892 1533 3951 est,
1571 3891 1642 3939 ut
1689 3893 2035 3956 ponerent
2080 3904 2157 3940 ea
2193 3887 2345 3953 (vasa.
2381 3904 2546 3940 aurea
2581 3904 2615 3940 a

453 3968 652 4039 legatis
688 3972 957 4025 Antiochi
991 3970 1228 4024 Romam
1267 3972 1476 4040 adlata)
1534 3974 1600 4026 in
1656 3973 1898 4041 quibus
1936 3973 2207 4041 templis
2242 3973 2612 4033 videretur,

455 4055 830 4125 legatoque
868 4064 1145 4110 centum
1183 4058 1480 4111 millium
1518 4058 1673 4111 aeris
1709 4075 1954 4111 munus
2000 4058 2281 4111 missum
2318 4064 2421 4111 cet.
2480 4056 2613 4112 Cod.

455 4141 950 4211 videreturque
1008 4142 1266 4211 legat03
1323 4142 1560 4196 fortasse
1614 4144 1809 4197 subest
1863 4144 2238 4211 unicuique
2291 4143 2518 4211 legato
2559 4150 2614 4196 et

454 4226 600 4281 infra
637 4245 667 4280 e
704 4228 825 4281 cod.
866 4228 1295 4282 restituendum:
1354 4227 1569 4282 donec
1605 4229 1678 4282 in
1712 4228 1926 4282 Italia
1980 4234 2231 4282 essent.
2305 4226 2413 4280 Cur
2464 4227 2614 4281 enim

452 4312 551 4364 uni
588 4317 808 4366 tantum
843 4313 1031 4382 legato
1067 4330 1302 4367 munera
1334 4314 1680 4367 mittuntur?
1737 4313 1839 4381 (De
1876 4313 2208 4383 pronomine
2244 4312 2609 4380 unusquis·

457 4414 588 4465 que
644 4399 791 4467 apud
843 4416 1138 4452 numerum
1173 4399 1361 4469 posito
1419 4399 1516 4452 cfr.
1555 4398 1666 4452 Cic.
1705 4397 1773 4451 de
1809 4398 1928 4452 Inv.
1970 4398 2036 4464 Π,
2077 4400 2195 4463 152;
2253 4414 2333 4450 or.
2376 4414 2490 4467 agr.
2530 4395 2612 4463 H,

457 4483 582 4550 1523
622 4501 701 4537 or.
741 4500 860 4551 agr.
900 4484 977 4551 ΙΙ,
1014 4485 1110 4551 85;
1148 4483 1316 4538 Corn.
1356 4483 1486 4554 Lys.
1532 4488 1576 4551 1,
1612 4482 1735 4537 Liv.
1776 4483 1932 4551 VIII,
1968 4486 2017 4551 8,
2053 4483 2124 4550 7.)
2163 4483 2356 4551 (1876.)

2130 4858 2265 4955 ,1

1834 4956 2129 5147 s*
2610 4942 2841 5091 x.

1786 5148 1833 5233 s
