3230 5282
565 607 686 662 Lib.
725 607 998 661 XXXVII.
1664 594 1784 655 538

735 777 890 860 Cap.
941 783 1040 856 59,
1089 784 1126 839 4
1164 776 1254 855 (in
1285 777 1725 862 descriptione
1764 777 2082 860 triumphi
2118 775 2189 839 L.
2234 770 2617 858 Scipionis):
2664 793 2761 835 nu
2779 791 2871 832 m·

568 907 729 950 mos
775 907 1068 950 aureos
1104 884 1575 968 Philippeos
1625 893 1941 949 centum
1976 883 2542 966 quadraginta
2586 878 2865 943 millia.

562 992 758 1069 Nihil,
805 993 980 1075 quod
1026 993 1222 1056 ullius
1269 994 1576 1057 momenti
1619 1001 1822 1071 esset,
1870 991 2242 1055 Perizonius
2279 989 2391 1069 (ad
2427 988 2678 1052 Sanctii
2712 987 2863 1050 Min.

561 1101 669 1177 IV,
718 1104 755 1163 8
802 1122 863 1183 p.
913 1098 1084 1180 711),
1153 1121 1343 1181 quem
1389 1100 1972 1165 Drakenborchius
2018 1106 2350 1163 auctorem
2400 1097 2593 1170 citat,
2641 1094 2865 1160 attulit

556 1207 641 1271 ad
686 1207 857 1271 hanc
905 1209 1225 1273 orationis
1271 1208 1550 1272 formam
1596 1209 1978 1287 (nummos
2025 1215 2338 1271 centum
2383 1203 2671 1285 millia)
2711 1224 2859 1268 con-

557 1323 664 1378 tra
731 1314 1132 1379 Gronovium
1191 1315 1685 1379 defendendam.
1778 1313 2008 1396 [Paulo
2067 1314 2200 1378 alia.
2259 1321 2362 1377 est
2415 1313 2619 1391 ratic,
2666 1334 2859 1394 quum

557 1423 623 1485 in
671 1443 980 1487 censuum
1038 1424 1325 1487 numeris
1382 1424 1809 1505 praemittitur
1868 1423 2196 1487 constanti
2245 1420 2553 1485 formula:
2625 1441 2857 1485 censa

554 1538 744 1593 sunt
812 1531 1101 1593 civium
1171 1532 1448 1613 capita
1513 1527 1647 1610 —.]
1742 1528 1870 1593 Sed
1939 1529 2117 1612 quod
2197 1529 2303 1592 hic
2369 1548 2851 1593 nummorum

550 1658 978 1701 aureorum
1036 1636 1651 1720 Philippeorum
1708 1639 1939 1718 reponi
1996 1635 2229 1714 voluit,
2289 1657 2419 1699 non
2466 1634 2678 1700 solum
2723 1638 2847 1701 vio·

546 1744 756 1808 lenter
800 1747 965 1824 agit,
1014 1744 1127 1808 sed
1173 1766 1302 1808 non
1349 1747 1557 1828 magis
1604 1766 1800 1826 quam
1848 1745 2049 1809 ceteri
2097 1744 2181 1807 ad
2218 1744 2397 1808 aliud
2434 1744 2654 1807 mendi
2686 1743 2849 1807 indi·

550 1853 719 1915 cium
766 1852 1070 1917 attendit.
1163 1852 1450 1916 Nimius·
1481 1860 1582 1917 est
1652 1854 1825 1917 enim
1873 1853 2362 1936 Philippeorum
2411 1872 2749 1926 numeruS,
2796 1852 2849 1915 si

549 1965 974 2042 comparatur
1010 1969 1126 2024 aut
1161 1982 1305 2024 cum
1344 1959 1414 2022 T.
1443 1959 1733 2035 Quinctii·
1767 1961 2115 2025 Flaminini
2156 1958 2490 2040 triumpho
2528 1958 2844 2036 (XXXIV,

546 2066 674 2146 52),
718 2068 786 2130 in
834 2089 964 2150 quo
1010 2067 1335 2150 Philippei
1389 2073 1591 2134 14514
1649 2070 1769 2133 lati
1828 2075 2011 2146 sunt,
2081 2076 2197 2132 aut
2254 2088 2401 2130 cum
2460 2065 2572 2129 Cn.
2620 2067 2845 2131 Manlii

543 2173 845 2238 Vulsonis
894 2173 1215 2254 (XXXIX,
1266 2176 1349 2254 7),
1395 2176 1462 2238 in
1500 2193 1629 2256 quo
1668 2172 1937 2240 fuerunt
1970 2174 2292 2257 Philippei
2337 2179 2572 2254 163203
2619 2195 2844 2254 quam-

542 2302 740 2361 quam
786 2283 955 2345 enim
993 2284 1188 2345 etiam
1226 2282 1742 2347 tetrachmorum
1780 2283 2150 2348 Atticorum
2187 2292 2253 2346 et
2289 2282 2732 2365 cistophorum
2777 2286 2841 2349 in

367 2390 507 2468 (436)
545 2387 673 2450 illis
719 2388 1066 2470 triumphis
1104 2390 1316 2453 minor
1350 2390 1474 2453 fuit
1508 2411 1837 2469 numerus,
1883 2397 2103 2454 tamen
2139 2411 2555 2473 nequaquam
2588 2391 2703 2455 illa
2737 2412 2839 2455 ra·

538 2495 716 2558 tione
764 2516 1031 2559 summae
1078 2497 1405 2561 differunt.
1477 2497 1745 2562 Millia
1790 2499 1980 2562 abest
2024 2499 2089 2560 in
2138 2497 2190 2560 B
2240 2485 2628 2581 duobusque
2674 2501 2838 2563 Dra·

534 2601 919 2667 kenborchii
945 2604 1300 2670 codicibus,
1371 2604 1605 2688 Itaque
1654 2613 1975 2671 centum
2013 2606 2561 2688 quadraginta
2599 2607 2831 2689 singuli

535 2720 688 2774 sunt
722 2710 1064 2793 Philippei,
1111 2713 1387 2780 millium
1428 2736 1739 2779 numerus
1778 2715 2037 2791 excidit,
2083 2718 2570 2799 scripseratque
2609 2715 2831 2779 Livius

529 2817 612 2880 ad
658 2818 829 2882 hanc
874 2819 1177 2884 formam:
1238 2843 1596 2886 nummos
1646 2844 1933 2887 aureos
1979 2822 2456 2906 Philippeos
2502 2866 2536 2902 *
2583 2823 2830 2886 millia

530 2934 850 2990 centum
931 2929 1498 3012 quadraginta.
1614 2929 1721 2993 Sic
1801 2931 1973 2993 enim
2051 2939 2118 2995 et
2194 2930 2674 3012 Philippeos
2762 2939 2827 2995 et

527 3032 1144 3117 Philippeorum
1195 3038 1346 3119 poni
1399 3045 1637 3120 potest.
1698 3037 1964 3120 [XXXV
1969 3036 2083 3113 ΙΙΙ,
2131 3043 2229 3113 38,
2283 3042 2379 3113 13,
2426 3038 2544 3102 ubi
2597 3038 2824 3102 scribi·

523 3148 663 3204 tur:
734 3142 1074 3223 Argenti
1121 3144 1351 3223 probi
1398 3145 1725 3210 talenta
1772 3148 2046 3211 Attica
2091 3145 2241 3211 XII,
2291 3147 2555 3211 millia
2613 3147 2821 3224 dato,

520 3248 740 3313 Livius
788 3260 904 3314 aut
950 3271 1170 3314 errore
1214 3253 1614 3318 talentum
1661 3255 2127 3318 Atticorum
2173 3255 2516 3337 scripsisse
2563 3256 2822 3319 videtur

522 3362 640 3419 aut
685 3355 944 3420 Attici
991 3358 1443 3440 talentum]
1514 3359 1827 3425 Extremo
1875 3363 2091 3443 capite
2140 3360 2200 3443 (ἓ
2250 3366 2315 3425 6;
2362 3362 2457 3428 Et
2502 3364 2817 3445 stipen-

520 3462 728 3526 dium
795 3465 1157 3528 militare
1229 3474 1306 3530 et
1374 3467 1861 3532 frumentum
1929 3468 2225 3551 duplex
2288 3477 2464 3551 post
2531 3471 2813 3534 trium-

514 3570 748 3652 phum
796 3570 1094 3649 dat-um3
1164 3574 1496 3655 proelio·
1540 3576 1619 3638 in
1676 3576 1869 3639 Asia
1925 3577 2141 3641 facto
2210 3575 2507 3657 duplex
2578 3575 2813 3640 dede-

513 3677 668 3756 rat)
717 3677 926 3741 altero
974 3688 1119 3742 utro
1167 3680 1310 3745 loco
1358 3682 1651 3764 duplex
1711 3684 2092 3748 mendosum
2149 3705 2293 3748 esse
2353 3684 2611 3749 videtur
2656 3687 2812 3749 scri-

511 3783 928 3866 bendumque
996 3788 1303 3868 triplex
1330 3813 1343 3867 3
1413 3791 1560 3872 ipsa
1630 3792 1800 3853 enim
1860 3792 2177 3855 orationis
2237 3792 2447 3856 forma
2504 3793 2810 3869 ostendit,

507 3912 635 3954 non
672 3890 845 3955 idem
884 3892 981 3955 bis
1021 3894 1248 3959 datum
1287 3918 1461 3975 esse3
1510 3897 1786 3962 dixisset
1820 3900 1991 3962 enim
2027 3898 2274 3963 Livius:
2325 3899 2531 3964 idem
2577 3922 2715 3982 pro
2735 3922 2811 3964 e—

505 3999 612 4062 lio
658 4003 698 4065 i.
757 4000 829 4062 A.
878 4000 918 4063 f.
969 4000 1302 4066 dederat
1349 4005 1744 4069 similiterve.
2622 4002 2627 4005 ’
