3230 5282
1490 621 1610 678 559
2293 630 2413 682 Lib.
2452 628 2701 682 XXXIX.

400 798 482 862 ad
531 799 772 882 Tempe
828 800 1213 865 Thessalica
1270 802 1334 864 in
1396 809 1722 866 conventu
1769 803 2242 866 controversias
2303 801 2591 883 Philippi
2638 810 2706 865 et

400 904 856 970 Thessalorum
919 908 1502 991 disceptantibus):
1573 910 1659 973 In
1728 910 2369 974 controversiam
2442 916 2702 972 autem

399 1014 843 1078 veniebant
898 1015 1535 1099 Philippopolis,
1607 1016 1921 1094 Tricca,
1980 1015 2370 1079 Phaloria
2430 1024 2506 1079 et
2550 1016 2703 1079 Eu-

401 1142 738 1203 rymenae
788 1129 865 1186 et
912 1132 1184 1187 cetera
1230 1125 1447 1187 circa
1494 1145 1626 1188 eas
1674 1124 2000 1207 oppida,
2047 1131 2311 1186 utrum
2358 1123 2703 1187 Thessa-

401 1227 658 1292 lorum
730 1230 964 1309 iuris,
1045 1251 1274 1311 quum
1354 1234 1426 1295 vi
1505 1231 1895 1314 ademptae
1974 1251 2532 1313 possessaeque
2610 1232 2705 1320 ab

402 1335 698 1400 AEtolis
744 1337 1016 1402 forent
1066 1339 1268 1418 (nam
1311 1338 1772 1422 Philippum
1808 1339 2099 1402 AEtolis
2137 1338 2538 1401 ademisse
2575 1360 2708 1403 eas

404 1444 893 1524 constabat),
943 1468 1037 1510 an
1083 1446 1436 1511 AEtolica
1482 1448 1951 1529 antiquitus
2000 1467 2089 1509 ea
2147 1445 2447 1527 oppida
2502 1445 2705 1508 fuis·

405 1556 601 1613 sent.
671 1550 816 1615 Non
853 1554 1287 1632 quaerebatur,
1316 1561 1578 1618 certone
1606 1554 1829 1636 aliquo
1866 1561 2159 1635 tempore
2197 1552 2402 1632 (tum,
2439 1553 2702 1635 quum)

403 1654 863 1721 Thessalorum
909 1662 1072 1724 iuris
1119 1683 1197 1725 ea
1243 1662 1488 1745 oppida
1533 1661 1827 1738 fuissent,
1878 1660 1993 1725 sed
2039 1682 2193 1724 num
2227 1661 2595 1743 antiquitus
2643 1667 2709 1724 et

405 1773 741 1846 perpetuo,
811 1788 930 1830 nec
997 1770 1093 1832 ita
1160 1769 1612 1850 quaerebatur,
1683 1776 1758 1833 ut
1815 1791 1935 1851 pro
1998 1788 2313 1831 concesso
2377 1775 2578 1844 esset,
2647 1770 2706 1830 vi

406 1870 717 1954 adempta
763 1880 826 1936 et
869 1896 1178 1957 possessa
1223 1877 1307 1941 ab
1352 1876 1591 1940 AEtolis
1641 1897 1815 1954 esse;
1882 1898 2033 1939 nam
2092 1875 2158 1938 id
2214 1875 2354 1939 fieri
2415 1897 2544 1939 non
2593 1898 2707 1958 po-

404 1979 663 2054 tuisset,
733 1981 857 2044 nisi
915 1982 1381 2049 Thessalorum
1427 1985 1587 2048 iuris
1635 1984 1942 2059 fuissent,
2011 2003 2161 2059 neo,
2220 1983 2274 2045 si
2332 1983 2399 2046 id
2459 1982 2707 2047 factum

407 2094 606 2161 esset,
688 2090 1052 2169 potuissent
1118 2091 1252 2156 ullo
1318 2091 1516 2156 modo
1588 2090 1949 2155 AEtolica
2014 2090 2479 2168 antiquitus
2547 2111 2706 2154 esse.

404 2193 764 2276 Perspicua
828 2196 964 2260 haec
1033 2199 1199 2263 fiunt
1265 2220 1343 2262 ex
1401 2200 1510 2276 iis,
1583 2211 1728 2281 'quse
1789 2197 2253 2261 subiiciuntur:
2325 2199 2442 2260 ita
2510 2199 2710 2260 enim

406 2300 752 2366 Acilium
807 2307 977 2384 regi
1047 2307 1558 2371 concessisse
1606 2306 1712 2386 (ea
1768 2304 2057 2386 oppida),
2129 2305 2196 2368 si
2242 2304 2700 2370 AEtolorum
2738 2304 2886 2372 (455)

407 2405 765 2474 fuissent
812 2418 886 2475 et
934 2413 997 2476 si
1046 2412 1505 2491 voluntate,
1565 2435 1715 2476 non
1764 2413 1833 2474 vi
1884 2419 2119 2492 atque
2167 2412 2403 2474 armis
2451 2414 2713 2476 coacti

411 2534 582 2579 cum
649 2517 947 2583 AEtolis
1017 2528 1313 2585 essent.
1415 2521 1509 2584 Ne
1578 2521 2009 2601 grammatica
2077 2518 2338 2601 quidem
2406 2520 2578 2582 ratio
2648 2522 2713 2583 in

413 2625 593 2690 edita
637 2628 964 2712 scriptura
1012 2636 1301 2709 constat3
1351 2629 1705 2711 oportebat
1750 2629 1917 2692 enim
1968 2627 2126 2691 dici:
2174 2632 2434 2690 utrum
2483 2626 2715 2691 Thes·

416 2734 776 2799 salorum
822 2737 1056 2815 iuris,
1105 2759 1339 2820 quum
1385 2738 1454 2800 vi
1503 2736 2070 2799 adimerentur
2112 2770 2226 2812 -—,
2275 2734 2713 2814 fuissent.¹)

413 2841 636 2906 Livius
685 2845 777 2907 sic
826 2846 1218 2927 scripserat:
1264 2852 1557 2917 utrum,
1606 2843 2183 2907 Thessalorum
2229 2841 2434 2904 iuris
2482 2862 2716 2921 quum

416 2958 703 3027 essent,
753 2952 823 3014 vi
885 2953 1273 3035 ademptae
1320 2971 1896 3035 possessaeque
1956 2949 2048 3012 ab
2108 2948 2400 3010 AEtolis
2450 2946 2719 3010 forent

420 3092 495 3101 —-
546 3080 640 3122 an
687 3058 1039 3123 AEtolica
1086 3061 1557 3143 antiquitus
1606 3079 1697 3122 ea
1754 3055 2055 3139 oppida
2111 3054 2481 3118 fuissent.
2573 3053 2745 3117 Non·

417 3164 755 3229 intellecta
800 3167 1145 3231 verborum
1180 3167 1596 3243 cohaerentia,
1646 3170 1925 3229 essent
1971 3164 2280 3227 omissum
2318 3169 2415 3224 est
2450 3169 2721 3244 propter

420 3272 712 3337 forent.
815 3273 888 3337 Id
955 3275 1293 3357 agebatur,
1363 3282 1580 3337 utrum
1650 3292 1883 3353 reapse
1950 3269 2410 3333 Thessalorum
2480 3269 2723 3351 oppida

421 3389 641 3445 essent
677 3390 742 3446 et
776 3382 1233 3447 tantummodo
1270 3384 1330 3446 vi
1367 3383 1448 3447 ab
1475 3380 1715 3445 AEtolis
1769 3368 2071 3461 possessa
2109 3399 2190 3440 an
2229 3397 2377 3440 vere
2417 3376 2719 3440 AEtolica.

595 3488 749 3571 Cap.
801 3495 898 3566 30,
969 3495 1035 3553 5:
1104 3491 1632 3572 regressique
1703 3488 1780 3550 in
1852 3492 2131 3549 castra
2198 3505 2338 3548 sua
2397 3484 2718 3566 (Hispani,

421 3599 530 3680 qui
578 3604 894 3680 praetores
942 3598 1105 3662 duos
1152 3599 1481 3662 Romanos
1529 3596 1782 3679 proelio
1831 3593 2150 3671 vicerant)
2200 3612 2503 3674 paucos
2550 3592 2722 3655 dies

424 3704 728 3786 quietis
776 3706 1110 3769 stativis
1145 3711 1638 3770 manserunt.
1711 3701 1947 3777 Quieta
1982 3701 2221 3764 stativa
2258 3698 2519 3775 habent,
2558 3720 2722 3781 quos

423 3814 491 3876 in
537 3813 617 3877 iis
662 3813 889 3876 hostes
924 3834 1054 3877 non
1086 3814 1419 3877 lacessunt
1461 3833 1582 3876 nec
1617 3818 1883 3887 vexant3
1928 3808 1997 3872 id
2031 3807 2139 3871 hic
2175 3806 2521 3889 significari
2559 3828 2715 3870 sane
2751 3803 2894 3872 (456)

487 4116 656 4179 ¹)Ex
727 4133 821 4175 eo,
896 4117 1044 4184 quod
1127 4121 1237 4171 est:
1310 4117 1795 4171 Thessalorum
1875 4114 2048 4166 iuris
2131 4113 2449 4173 fuerunt,
2524 4128 2725 4177 quum

565 4202 884 4271 adempta
922 4207 1108 4266 sunt,
1147 4208 1296 4255 recte
1331 4202 1396 4255 fit
1432 4203 1586 4271 (post
1624 4201 1918 4271 praesens):
1975 4216 2220 4268 queem,
2258 4215 2405 4249 num
2446 4198 2726 4251 Thessa·

566 4286 782 4340 lorum
839 4287 1020 4340 iuris
1075 4286 1377 4355 fuerint,
1434 4305 1625 4356 quum
1683 4286 2001 4354 adempta
2055 4285 2223 4349 sint3
2285 4288 2416 4349 post
2451 4282 2725 4350 praeteriti

564 4373 836 4440 temporis
890 4373 1147 4439 verbum,
1201 4373 1311 4426 nisi
1364 4373 1667 4426 admodum
1721 4372 2087 4439 neglegenter
2138 4368 2365 4430 scribas,
2420 4366 2726 4435 perfectum

565 4463 697 4524 post
731 4473 928 4525 quum
965 4457 1025 4511 in
1060 4456 1451 4525 imperfectum
1488 4458 1705 4511 transit.
2210 4452 2219 4462 ⁸
