3230 5282
599 585 725 640 Lib.
760 583 828 638 x„
1693 573 1820 652 {ass

603 756 1008 822 Samnitibus
1076 757 1306 822 stans?
1384 757 1557 838 Imo,
1636 758 1878 841 inquit,
1946 760 2159 825 victus
2222 766 2441 827 metus
2509 761 2781 825 deorum
2846 767 2914 825 et

598 865 919 930 memoria
974 864 1220 930 occulti
1265 865 1439 930 sacri
1484 865 1775 950 diraeque
1822 868 2327 948 exsecrationis,
2394 889 2542 952 quae
2586 867 2911 934 hactenus

603 971 929 1037 Samnites
985 994 1027 1037 a
1080 970 1239 1055 fuga
1302 974 1719 1038 retinuerant
1775 971 1837 1056 (ἓ
1886 978 1922 1037 3
1971 974 2142 1059 sqq.)
2210 996 2488 1060 quaeque
2552 977 2715 1059 ipsis
2779 975 2913 1041 illis

597 1080 844 1145 verbis:
946 1101 1091 1145 nec
1193 1101 1667 1165 quemquam
1767 1088 2067 1165 praeter
2152 1081 2446 1150 hostes
2540 1090 2914 1149 metuunt

429 1202 573 1271 (197)
610 1195 840 1273 aperte
919 1186 1387 1272 significantur.
1504 1188 1713 1273 Atqui
1790 1210 1869 1255 ea
1934 1191 2346 1273 superstitio,
2426 1211 2573 1274 quae
2641 1191 2915 1257 deorum

598 1303 783 1362 metu
849 1296 1172 1362 attonitos
1226 1295 1503 1361 tenebat
1557 1317 1681 1361 nec
1735 1317 1882 1362 cum
1937 1296 2118 1363 bona
2161 1319 2276 1382 spe
2320 1299 2572 1364 alacres
2616 1298 2705 1363 ad
2750 1321 2915 1383 pug-

598 1404 890 1470 nandum
933 1403 1220 1469 faciebat
1265 1402 1326 1487 (5
1373 1402 1460 1485 4),
1514 1402 1712 1486 longe
1758 1403 1843 1469 ab
1887 1405 2184 1488 ipsorum
2229 1405 2500 1471 deorum
2542 1407 2607 1470 vi
2652 1406 2916 1473 diversa

599 1519 719 1578 est.
830 1513 1009 1578 Deos
1077 1511 1393 1576 Romanis
1461 1516 1821 1594 praesentes
1889 1512 2124 1578 adesse
2196 1520 2265 1579 et
2328 1512 2547 1579 favere
2604 1512 2912 1598 Papirius

599 1622 1079 1704 interpretatus
1147 1626 1294 1684 erat
1360 1625 1429 1684 et
1492 1619 1736 1684 milites
1803 1619 2126 1686 docuerat
2191 1618 2273 1702 (c.
2331 1625 2445 1703 40,
2516 1625 2593 1685 13
2654 1628 2723 1687 et
2785 1621 2913 1704 14).

596 1726 739 1793 Hoc
782 1727 1034 1792 Livium
1080 1734 1375 1791 secutum
1419 1747 1566 1791 esse
1613 1728 1937 1811 suspicor,
1995 1733 2072 1792 ut
2118 1728 2290 1794 solet
2331 1730 2717 1813 religionem
2761 1750 2915 1794 cum

596 1836 909 1901 Romanae
963 1835 1188 1916 gloriae
1244 1833 1725 1918 amplificandae
1771 1835 1995 1902 studio
2044 1837 2468 1919 coniungere,
2536 1838 2914 1921 scripsisse-

597 1965 754 2028 que:
823 1942 1015 2007 Tum
1079 1942 1238 2007 iam
1294 1942 1627 2007 deorum
1683 1942 2253 2029 hominumque
2309 1946 2543 2010 victae
2597 1946 2675 2009 vi
2733 1944 2914 2010 fun-

597 2052 904 2117 duntur
956 2051 1331 2115 linteatae
1389 2048 1800 2115 cohortes.
1907 2050 2174 2132 (Victa
2215 2053 2295 2116 ui
2339 2050 2391 2115 P
2438 2059 2507 2118 et
2551 2052 2911 2119 deteriores

596 2161 853 2245 aliquot
894 2165 1279 2241 veteresque
1324 2155 1501 2238 edd.)

770 2265 926 2351 Cap.
974 2270 1088 2347 43,
1150 2269 1226 2330 13
1289 2270 1594 2349 superest
1648 2287 1851 2331 unum
1907 2267 2109 2332 etiam
2164 2288 2339 2332 nunc
2385 2267 2912 2334 additamentum

595 2375 996 2453 tollendum,
1066 2373 1246 2457 quod
1309 2374 1377 2437 in
1445 2373 1673 2438 codice
1742 2372 2101 2458 archetypo
2158 2374 2356 2441 huius
2414 2375 2682 2440 decadis
2739 2375 2909 2441 Livii

594 2482 810 2549 verbis
870 2503 1018 2547 cum
1075 2502 1324 2547 summo
1384 2482 1731 2546 sententiae
1788 2480 2181 2547 detrimento
2243 2504 2323 2548 ac
2367 2485 2591 2567 potius
2634 2484 2911 2549 interitu

594 2594 918 2657 insertum
963 2595 1081 2655 est.
1174 2587 1272 2654 De
1319 2587 1720 2655 Samnitibus
1788 2590 1980 2671 enim,
2041 2592 2184 2676 qui,
2254 2611 2456 2675 quum
2515 2590 2780 2675 proeliis
2825 2590 2912 2657 ad

596 2697 964 2765 Cominium
1039 2704 1108 2763 et
1170 2696 1593 2780 Aquiloniam
1657 2719 1788 2763 non
1857 2699 2343 2780 interfuissent,
2424 2699 2758 2764 Romanos
2825 2702 2911 2764 ti·

593 2813 845 2873 mentes
893 2805 1226 2885 errabant,
1271 2805 1366 2870 sic
1409 2805 1750 2871 scribitur:
1796 2805 2064 2871 Prima
2104 2806 2284 2871 luce
2326 2807 2643 2887 incerti,
2679 2828 2912 2890 quam

591 2918 672 2982 in
715 2922 1031 3000 partem
1075 2912 1610 2978 intenderent
1653 2914 1849 2992 iter,
1907 2918 2246 2997 repente
2290 2913 2372 2977 in
2416 2913 2683 2997 fugam
2728 2935 2910 2980 con-

591 3028 1082 3090 sternantur
1151 3020 1587 3104 conspecti
1646 3019 1742 3085 ab
1803 3019 2255 3103 equitibus,
2324 3022 2463 3103 qui
2518 3042 2906 3104 egressos

590 3139 830 3198 nocte
897 3131 992 3197 ab
1061 3130 1360 3214 oppido
1421 3127 1805 3211 (Aquilonia
1862 3128 2029 3206 alio,
2096 3127 2225 3193 vid.
2287 3148 2343 3193 c.
2389 3133 2505 3210 42,
2560 3128 2629 3211 4)
2687 3129 2909 3196 Sam-

589 3242 806 3305 nites
863 3237 1285 3324 persecuti
1337 3234 1722 3301 viderant
1777 3234 2399 3301 multitudinem
2452 3258 2608 3302 non
2661 3236 2906 3317 vallo,

589 3370 749 3414 non
804 3345 1319 3413 stationibus
1374 3343 1804 3409 firmatam.
1879 3339 2346 3428 Conspecta
2390 3350 2469 3409 et
2512 3364 2607 3409 ex
2649 3346 2906 3410 muris

589 3455 1048 3540 Aquiloniae
1101 3473 1193 3518 ea
1238 3450 1678 3517 multitudo
1725 3457 1929 3530 erat,
1984 3453 2305 3536 iamque
2352 3452 2601 3517 etiam
2643 3452 2907 3536 legio-

590 3563 838 3627 nariae
883 3560 1273 3628 cohortes
1321 3557 1904 3644 sequebantur.
1995 3556 2523 3625 Consternantur
2567 3560 2635 3624 in
2679 3558 2906 3643 fugam

589 3668 908 3749 homines,
976 3689 1109 3733 non
1172 3668 1351 3750 quod
1419 3666 1916 3750 conspiciantur
1982 3666 2065 3732 ab
2134 3666 2465 3751 equitibus
2513 3666 2720 3752 (quod
2776 3668 2906 3751 ipsi

590 3777 976 3862 plerumque
1033 3774 1394 3860 ignorant),
1462 3775 1609 3855 sed,
1677 3775 1732 3839 si
1786 3773 1978 3839 valde
2033 3774 2249 3839 timidi
2308 3781 2463 3841 sunt
2507 3775 2609 3856 (ut
2651 3774 2721 3839 hi
2765 3782 2908 3840 tum

591 3884 838 3967 erant),
904 3883 1082 3970 quod
1143 3884 1400 3966 equites
1455 3881 1750 3948 hostium
1808 3889 2317 3966 conspexerunt,
2385 3889 2533 3963 aut,
2603 3882 2660 3949 si
2702 3882 2905 3968 paulo

587 3993 835 4072 minus,
903 3991 987 4057 ab
1056 3991 1386 4075 equitibus
1454 3989 1945 4056 incursantibus
2012 3986 2263 4072 (itaque
2331 3991 2532 4055 etiam
2575 3989 2905 4056 Weissen-

588 4099 863 4165 bornius
931 4100 1150 4184 potius
1207 4098 1578 4183 exspectari
1640 4097 1829 4163 dicit:
1901 4098 2375 4181 conspectis
2434 4096 2902 4181 equitibus).

587 4206 968 4272 Ridiculum
1011 4205 1249 4272 deinde
1292 4226 1566 4290 prorsus
1612 4209 1745 4270 est:
1815 4205 2241 4288 conspecti
2298 4204 2395 4270 ab
2455 4204 2903 4289 equitibuS,

589 4315 731 4400 qui
797 4336 937 4381 eos
1003 4313 1410 4395 viderant3
1485 4314 1632 4397 ipsa
1709 4313 1883 4378 enim
1957 4310 2102 4376 haec
2179 4318 2281 4377 est
2345 4311 2700 4379 multitudo
2768 4335 2906 4380 non
