3230 5282
1419 564 1541 656 617
2325 607 2449 661 Lib.
2486 607 2628 662 xm.

334 778 991 859 circumibantur,
1040 786 1372 863 possent
1418 781 1514 863 (in
1552 744 1693 847 cod.
1731 778 2023 844 additur:
2070 787 2161 845 ut
2195 786 2423 845 extra
2466 781 2629 846 ual-

339 885 496 950 lum
542 894 626 952 ut
671 887 1031 972 pandere
1079 890 1330 954 aciem
1386 895 1462 954 et
1509 890 1888 972 exequari
1936 887 2321 954 cornibus
2367 888 2629 954 hosti-

328 994 475 1060 bus
523 995 1166 1062 circumibantur
1200 1006 1553 1081 possent,
1591 999 1837 1062 omisso
1865 997 1931 1060 in
1954 996 2252 1080 repetitis
2290 996 2630 1079 quibus),

333 1096 450 1168 ita
495 1111 836 1188 repente
881 1106 1355 1188 irruperunt
1423 1105 1541 1186 (sic
1588 1104 1923 1184 Walchius
1981 1111 2047 1169 et
2105 1104 2245 1185 alii3
2313 1103 2452 1170 cod.
2500 1116 2631 1170 ru‘-

326 1212 675 1295 perunt),
724 1220 806 1277 ut
851 1221 972 1278 cet.
1042 1212 1321 1278 Pravum
1366 1235 1504 1279 esse
1553 1214 1838 1290 secuti,
1889 1212 2077 1277 multi
2126 1212 2462 1291 dixerunt3
2511 1214 2625 1278 sed

325 1340 535 1401 neque
603 1320 865 1385 sicubi
921 1328 1151 1405 aptum
1220 1328 1348 1401 est,
1409 1322 1585 1405 quod
1632 1320 2029 1405 significaret
2078 1322 2403 1386 Romanos
2452 1323 2628 1386 vario

332 1437 563 1491 eventu
610 1439 748 1493 tum
794 1430 1093 1507 evasisse,
1140 1437 1279 1494 tum
1324 1451 1449 1494 non
1488 1431 1790 1508 evasisse,
1837 1450 2048 1511 neque
2085 1431 2344 1494 scutis
2391 1429 2628 1513 (neque

333 1537 506 1601 enim
553 1559 754 1602 unum
789 1558 994 1619 genus
1039 1536 1315 1619 urgendi
1359 1537 1825 1624 nominandum
1873 1542 2016 1602 erat
2061 1544 2127 1602 et
2173 1539 2375 1602 scutis
2422 1540 2629 1619 magis

337 1645 561 1710 hostes
587 1647 909 1711 irruentes
934 1645 1147 1711 obnisi
1173 1644 1512 1729 urgebant,
1540 1646 1653 1710 cfr.
1679 1645 1791 1709 lib.
1819 1644 2105 1724 XXXIV,
2133 1644 2276 1726 46);
2305 1646 2630 1711 sententia

335 1764 400 1817 et
448 1754 659 1818 oratio
707 1752 866 1818 nihil
910 1755 1189 1838 requirit
1234 1754 1393 1819 nisi:
1443 1763 1524 1819 ut
1571 1761 2045 1831 evaserunt;
2095 1762 2159 1817 et
2204 1753 2344 1818 fieri
2389 1759 2630 1838 potest,

328 1871 402 1927 ut
449 1871 732 1927 secute
781 1861 961 1945 (post
1005 1862 1238 1941 alios)
1286 1870 1500 1927 ortum
1548 1863 1634 1926 sit
1681 1884 1879 1944 prava
1923 1860 2297 1926 litterarum
2340 1863 2630 1944 gemina-

327 1972 522 2044 tione,
584 1970 1138 2053 quemadmodum
1193 1972 1488 2055 proximo
1545 1970 1714 2034 libro
1763 1991 1814 2033 c.
1865 1973 1965 2048 26,
2012 1974 2048 2033 2
2098 1991 2178 2034 ex
2223 1991 2407 2035 suos
2457 1991 2631 2050 eum

330 2077 918 2163 depopulatum
982 2078 1228 2144 factum
1294 2087 1424 2143 est:
1494 2099 1636 2143 suo
1706 2076 2052 2143 secundo
2124 2078 2629 2162 populatum,

323 2189 713 2271 interposito
760 2209 811 2249 c.
859 2184 1240 2269 [Biittnerus
1287 2183 1471 2268 ubi.]
1587 2184 1713 2251 Sed
1759 2208 1891 2252 non
1936 2186 2150 2251 minus
2208 2194 2456 2251 certum
2513 2195 2629 2268 est,

331 2317 603 2379 pravum
650 2317 793 2361 esse
840 2296 1249 2378 exaequari
1285 2294 1668 2360 cornibus
1705 2294 2108 2372 hostibus,
2156 2295 2450 2378 quibus
2488 2297 2628 2360 cir·

325 2404 875 2481 cumibantur,
945 2403 1059 2468 ubi
1116 2424 1359 2468 cornua
1418 2405 1635 2487 priore
1693 2402 1837 2468 loco
1907 2402 2223 2484 (ablativo
2271 2403 2453 2485 casu)
2499 2405 2629 2469 Ro-

323 2533 666 2576 manorum
712 2511 1151 2593 intellegenda
1197 2519 1368 2591 sunt,
1414 2511 1625 2576 altero
1670 2511 1975 2576 hostium.
2060 2511 2414 2576 Verissime
2465 2512 2629 2578 Gro-

324 2620 558 2685 novius
616 2620 1001 2685 cornibus
1057 2618 1406 2687 hostium
1464 2620 1664 2686 scribi
1713 2619 1935 2698 voluit,
1981 2621 2047 2685 iu
2121 2641 2315 2704 quam
2375 2622 2628 2686 coniec-

324 2735 541 2794 turam
610 2736 675 2794 et
740 2730 877 2813 ipse
948 2729 1103 2795 olim
1174 2729 1389 2795 incidi.
1480 2729 1816 2794 Facillime
1875 2731 2047 2794 inter
2115 2729 2495 2794 cornibus
2564 2736 2629 2795 et

323 2836 620 2921 quibus
665 2836 978 2902 librarius
1027 2834 1292 2903 tertium
1340 2839 1630 2903 dativum
1680 2837 1913 2902 effecit.
1983 2836 2210 2920 Neque
2260 2838 2618 2920 quidquam
2645 2861 2795 2930 (508)

320 2955 646 3029 praeterea
691 2945 1075 3011 mutandum
1123 2953 1224 3011 est
1269 2954 1383 3011 aut
1430 2946 1796 3011 Gronovius
1845 2946 2084 3008 mutari
2132 2944 2368 3023 voluit3
2438 2966 2621 3009 nam:

321 3074 364 3117 a
412 3054 714 3136 quibus
795 3061 991 3119 antea
1070 3062 1490 3132 tentaverat,x
1542 3053 1832 3117 nondum
1911 3054 2173 3117 invento
2241 3051 2622 3118 hostium.

323 3161 635 3243 Sequitur
679 3161 758 3225 de
804 3164 989 3226 victis
1036 3161 1384 3226 Celtiberis
1432 3160 1491 3244 (ξ
1532 3160 1595 3242 5)
1643 3163 1708 3225 in
1755 3161 2004 3226 codice:
2054 3160 2152 3225 ad
2191 3159 2319 3223 XV
2366 3160 2625 3225 millia

266 3279 558 3353 ‘capta
626 3271 860 3353 signa
926 3269 1291 3354 adempti
1360 3270 1506 3351 (sic)
1568 3270 1718 3334 duo
1790 3277 1868 3334 et
1912 3268 2134 3333 XXX.
2225 3268 2623 3343 Noncaesa

319 3386 462 3443 aut
508 3388 746 3463 capta
791 3377 1205 3443 scribendum
1251 3387 1411 3456 erat,
1472 3378 1620 3444 sed:
1690 3378 1784 3442 ad
1851 3376 1981 3441 XV
2047 3377 2309 3442 millia
2376 3379 2621 3458 casm*

318 3494 574 3571 capta.
667 3486 927 3551 Excidit
973 3489 1145 3553 enim
1191 3488 1590 3571 captivorum
1640 3485 1969 3567 (millium)
2018 3507 2349 3550 numerus.

492 3593 649 3680 Cap.
722 3600 821 3673 27,
894 3600 958 3659 3:
1029 3593 1422 3661 Consules
1492 3593 1575 3675 (a.
1632 3599 1749 3658 174
1818 3615 1875 3658 a.
1937 3592 2111 3672 Chr.)
2168 3629 2254 3639 —
2309 3596 2387 3659 in
2432 3617 2617 3679 pro-

314 3704 631 3768 vincias
700 3702 1060 3787 profecti
1130 3711 1334 3769 sunt.
1427 3702 1535 3766 Ex
1602 3704 1706 3766 iis
1763 3702 1848 3766 M.
1895 3701 2212 3766 AEmilio
2276 3711 2614 3768 senatus

313 3814 726 3895 negotium
782 3810 1040 3889 dedit,
1109 3819 1192 3875 ut
1248 3811 1821 3876 Patavinorum
1867 3809 2339 3875 inVenetia
2399 3811 2614 3875 sedi-
2664 3814 2667 3815 ⁷
2736 3810 2741 3825 ¹

312 3921 622 3985 tionem
669 3920 1253 4002 comprimeret.
1343 3918 1627 3983 Pravum
1684 3918 1807 3983 hoc
1854 3940 2013 3997 esse,
2061 3917 2362 4001 Sigonius
2409 3920 2613 3984 anim-

312 4027 627 4106 advertit3
689 4048 839 4092 nam
883 4025 969 4091 M.
1023 4026 1348 4091 AEmilium
1395 4029 1728 4111 superiore
1786 4048 1954 4092 anno
2002 4026 2332 4092 consulem
2389 4027 2609 4105 fuisse,

311 4135 439 4201 hoc
485 4157 653 4200 anno
701 4135 810 4219 Sp.
857 4134 1282 4214 Postumium,
1330 4133 1404 4211 Q.
1429 4135 1733 4199 Mucium.
1803 4134 2035 4219 Itaque
2071 4134 2607 4202 Drakenborchio

309 4244 378 4307 in
426 4253 706 4308 mentem
749 4245 955 4308 venit:
1002 4242 1205 4307 Exin
1247 4242 1333 4307 M.
1374 4241 1705 4321 AEmilio,
1756 4243 1933 4327 quod
1968 4250 2225 4308 secutus
2261 4250 2364 4308 est
2401 4244 2609 4309 Weis-

312 4352 717 4417 senbornius.
808 4350 936 4416 Sed
999 4358 1439 4436 praeterquam
1507 4351 1686 4434 quod
1753 4371 1985 4434 parum
2065 4359 2225 4434 apta
2292 4358 2396 4416 est
2459 4354 2607 4436 ipsa

307 4459 448 4524 haec
491 4482 616 4524 vox
663 4460 874 4539 exin,
919 4466 1097 4555 recte
1143 4458 1718 4524 Drakenborchius
1775 4458 2055 4539 viderat,
2100 4460 2469 4525 necessario
2518 4460 2602 4524 si·

495 4815 2335 5254 ᾼΑ
