3230 5282
1489 645 1613 705 419
2345 655 2467 710 Lib.
2504 657 2706 710 XXIX.

400 835 795 894 nostrorum.
881 827 1313 893 Scribendum
1356 829 1586 911 igitur:
1643 829 1722 892 in
1771 827 2283 911 aliquantum
2327 829 2482 893 iam
2527 828 2708 893 alti-

400 936 744 1017 tudinis,
780 937 1118 1001 intercidit
1153 937 1530 1020 praepositio
1570 936 1653 1000 ob
1690 935 2068 1019 praeoedens
2105 937 2567 1016 voluerunt:
2602 937 2709 1001 iti-

401 1044 679 1128 demque
717 1045 918 1124 XLII,
974 1050 1071 1124 15,
1113 1050 1147 1108 5
1185 1045 1621 1122 retinendum,
1675 1043 1856 1126 quod
1896 1049 1995 1108 est
2030 1044 2098 1107 in
2133 1043 2393 1108 codice:
2442 1045 2520 1108 in
2569 1045 2708 1109 ali-

401 1158 791 1234 quantum
829 1152 1304 1217 altitudinis
1343 1152 1690 1234 derupta
1726 1157 1918 1230 erat,
1968 1156 2035 1215 et
2070 1152 2249 1235 apud
2274 1151 2574 1216 Curtium
2597 1153 2706 1233 VI,

405 1263 500 1338 17,
554 1263 666 1322 21:
737 1260 900 1324 Iam
961 1262 1038 1324 in
1085 1259 1597 1342 aliquantum
1652 1258 2139 1323 altitudinis
2189 1281 2387 1343 opus
2435 1281 2708 1324 creve-

398 1374 544 1446 rat,
581 1368 757 1449 quod
781 1367 1113 1432 Acidalius
1158 1368 1464 1431 restituit.
1538 1365 1599 1449 [ἓ
1653 1370 1728 1430 18
1777 1367 2026 1431 editur:
2074 1367 2211 1432 sed
2258 1375 2336 1431 et
2380 1387 2586 1431 nunc
2631 1374 2710 1431 et

402 1495 610 1558 saepe
670 1475 886 1540 alias
946 1475 1092 1540 dea
1147 1496 1368 1539 suam
1427 1474 1692 1539 sedem
1735 1510 1823 1518 —
1867 1481 2144 1539 tutata
2189 1481 2330 1539 est.
2431 1474 2509 1539 ln
2553 1475 2705 1538 Low

398 1588 437 1645 4
484 1587 551 1646 et
598 1584 743 1648 edd.
792 1590 946 1647 ante
995 1583 1231 1647 Aldum
1278 1583 1625 1647 scribitur:
1694 1583 1967 1647 sedet
2011 1605 2221 1647 nunc
2267 1590 2343 1647 et
2387 1590 2585 1647 tunc
2631 1588 2710 1646 et

403 1710 611 1773 saepe
659 1696 818 1771 cet.;
868 1691 1070 1755 scribi
1118 1690 1344 1755 debet:
1395 1690 1533 1754 secl
1581 1698 1660 1755 et
1702 1697 1891 1755 tunc
1936 1698 2014 1757 et
2059 1712 2262 1774 saepe
2309 1697 2428 1754 cet.
2520 1690 2710 1755 Nunc

400 1797 524 1861 dea
578 1798 872 1863 nondum
926 1803 1147 1863 tutata
1203 1804 1348 1863 erat
1400 1797 1719 1880 templum
1767 1819 1885 1862 nec
1931 1819 2179 1882 poenas
2227 1805 2562 1881 exegerat3
2630 1819 2709 1862 ex

399 1906 757 1988 superioris
816 1906 1132 1988 temporis
1188 1908 1505 1971 memoria
1562 1904 1942 1984 confiditur,
2013 1927 2181 1971 nunc
2229 1928 2486 1989 quoque
2532 1913 2709 1970 tuta-

397 2019 614 2077 turam
661 2034 825 2077 esse.
900 2013 1112 2096 1863]
1207 2013 1281 2077 Iu
1327 2014 1647 2098 proximis
1693 2012 1940 2079 verbis:
1988 2022 2311 2078 nostras
2359 2015 2707 2078 iniurias

396 2141 537 2185 nec
604 2126 888 2204 potest
952 2142 1095 2185 nec
1151 2123 1420 2204 possit
1487 2121 1701 2185 alius
1762 2121 2053 2185 ulcisci
2110 2141 2339 2204 quam
2392 2111 2560 2198 vos,
2628 2142 2707 2186 ne

396 2227 555 2311 quid
624 2249 703 2292 ex
770 2250 974 2311 prava
1041 2230 1457 2294 enarratione
1526 2229 1874 2293 turbarum
1943 2234 2283 2308 nascatur,
2363 2229 2708 2294 dicendum

396 2341 523 2413 est,
604 2337 874 2418 possit
955 2337 1247 2420 optative
1315 2338 1470 2419 poni
1538 2336 1810 2420 (atque
1878 2337 2190 2400 utinam
2254 2359 2346 2401 ue
2414 2339 2706 2421 possit,

395 2444 710 2526 quoniam
779 2465 923 2508 eam
991 2450 1390 2527 potestatem
1456 2465 1648 2510 nemo
1716 2444 2066 2508 habiturus
2137 2452 2238 2509 est
2293 2446 2419 2509 nisi
2475 2446 2708 2510 vestris

396 2550 628 2633 opibus
696 2550 984 2631 fractis);
1066 2551 1290 2616 Graece
1365 2553 1721 2616 diceretur:
1803 2557 1921 2614 οὔτε
1990 2559 2211 2615 δύναται
2275 2561 2404 2633 μήτε
2474 2559 2705 2617 δύναιτο.

400 2658 557 2741 [cfr.
606 2659 796 2743 Verg.
846 2660 991 2725 AEn.
1039 2660 1116 2739 X,
1165 2659 1367 2742 85.]¹)

570 2765 728 2850 Cap.
779 2772 893 2845 21,
956 2773 1021 2831 5:
1091 2768 1648 2832 Locrensibus
1697 2789 1775 2833 se
1822 2770 2308 2851 permittere
2356 2769 2466 2850 (M.
2516 2768 2708 2833 Pom-

396 2875 631 2958 ponius
676 2883 919 2958 praetor
965 2875 1215 2955 edixit),
1274 2882 1375 2955 ut,
1426 2876 1635 2959 quod
1682 2876 1805 2939 sui
1853 2877 2202 2958 quisque
2251 2883 2705 2959 cognosset,

395 2983 863 3065 prenderet,
921 2985 984 3046 si
1033 2984 1223 3065 quid
1268 3004 1418 3047 non
1467 2989 2014 3066 compareret,
2073 2983 2276 3047 unde
2326 2990 2511 3049 ante
2561 3006 2707 3049 om-

395 3090 530 3154 nia
585 3090 850 3154 libera
906 3111 1252 3173 corpora
1297 3091 1624 3173 placere
1684 3092 1851 3154 sine
1899 3111 2117 3155 mora
2158 3090 2706 3156 Locrensibus

394 3198 758 3260 restitui.
829 3196 954 3277 Sic,
1003 3199 1127 3262 nisi
1172 3198 1352 3281 quod
1400 3198 1778 3281 suppletum
1814 3205 1916 3262 est
1950 3219 2329 3282 corpora,
2370 3198 2448 3278 1³3
2486 3198 2707 3263 editur

396 3326 430 3368 e
478 3306 854 3369 coniectura
900 3304 1244 3371 Gronovii:
1292 3341 1375 3349 —
1422 3307 1486 3370 si
1534 3306 1722 3388 quid
1768 3329 1921 3371 non
1970 3313 2499 3389 compareret,
2548 3306 2705 3369 vin-

450 3528 501 3593 ¹)
537 3528 714 3582 Paulo
751 3534 884 3584 ante
922 3529 975 3599 (ξ
1017 3531 1101 3598 14>
1139 3531 1357 3585 mirifici
1395 3530 1663 3600 loquendi
1700 3532 1948 3599 generis,
2005 3549 2115 3599 quo
2151 3531 2458 3586 Pleminius
2498 3533 2707 3586 dicitur

529 3614 789 3667 tribunos
842 3616 1084 3669 militum
1150 3617 1476 3671 omnibus
1544 3616 1940 3685 suppliciis
1996 3618 2409 3671 trucidatos
2465 3619 2701 3671 cruci·

530 3699 711 3752 ando
767 3701 1158 3767 occidisse,
1212 3701 1424 3755 frustra
1478 3701 1665 3755 socius
1713 3701 2022 3755 advocatur
2072 3700 2289 3756 Seneca
2335 3702 2556 3769 rhetor,
2610 3703 2705 3770 qui

527 3784 773 3838 hominis
841 3787 1145 3840 crudeliter
1197 3787 1373 3840 occisi
1426 3785 1549 3855 ipsa
1600 3788 1854 3840 membra
1907 3785 2152 3853 (sensim)
2207 3787 2491 3841 trucidata
2544 3788 2704 3841 dixit.

528 3868 720 3922 Nihilo
756 3875 949 3924 tamen
984 3872 1203 3937 melius,
1254 3872 1405 3939 quod
1442 3872 1760 3925 Gronovius
1795 3870 1978 3933 finxit,
2026 3871 2461 3925 trucidando
2510 3874 2700 3926 occi-

530 3953 722 4021 dere,
773 3957 935 4023 quasi
971 3956 1172 4025 aliquis
1211 3957 1545 4010 trucidando
1584 3976 1701 4010 non
1739 3956 1922 4010 occidi
1958 3957 2154 4026 possit.
2245 3955 2399 4011 Unus
2439 3957 2704 4026 Sigonius

527 4055 718 4093 verum
769 4040 939 4107 vidit,
996 4043 1090 4109 qui
1138 4042 1471 4110 simpliciter
1519 4041 1888 4097 cruciatos
1940 4042 2219 4095 occidit
2267 4042 2519 4110 scripsit3
2574 4060 2706 4096 nam

529 4141 697 4191 quum
750 4142 938 4179 errore
984 4127 1401 4180 trucidatos
1452 4127 1725 4195 scriptum
1776 4130 1924 4179 esset
1959 4131 2017 4179 et
2052 4127 2217 4180 simul
2254 4143 2385 4180 vera
2422 4127 2705 4195 scriptura

528 4210 827 4277 adnotata,
882 4213 1163 4279 posterior
1209 4230 1320 4266 vox
1367 4215 1649 4280 utcunque
1695 4212 1766 4264 ad
1809 4212 2082 4279 reliquam
2128 4212 2442 4265 orationem
2479 4230 2699 4266 accom-

524 4294 755 4348 modata
803 4303 903 4349 est.
995 4296 1190 4365 [Recte
1236 4297 1539 4352 Rhenanus
1590 4313 1620 4349 e
1659 4297 1830 4365 Spin:
1887 4296 2262 4366 suppliciis
2319 4297 2701 4352 cruciando

526 4378 834 4450 occidit]
907 4379 960 4450 [ἓ
1001 4386 1032 4434 2
1068 4382 1428 4436 scribendum
1473 4399 1593 4435 esse
1642 4381 1957 4434 videmus
1996 4383 2205 4449 enim,
2252 4400 2401 4436 cum
2441 4385 2704 4449 quanta

526 4465 937 4519 caerimonia
971 4496 1044 4504 —
1078 4468 1344 4523 colatis
1378 4495 1449 4504 —
1486 4467 1890 4535 accipiatis,
1936 4484 2053 4520 non
2089 4466 2416 4534 vidimus,
2465 4484 2580 4520 non
2617 4472 2705 4520 est

527 4549 681 4617 quod
718 4549 909 4606 multis
947 4554 1139 4607 verbis
1178 4568 1473 4622 exponam.
1551 4550 1723 4619 1863]
2140 4619 2240 4673 27*
