3230 5282
1339 622 1456 682 193
2231 635 2352 690 Lib,
2393 636 2537 691 vm.

277 807 655 888 publicum
714 806 1065 872 divinum
1125 829 1318 892 pure
1364 806 1642 886 saciet,
1711 809 1844 892 qui
1889 830 2064 873 sese
2111 809 2544 876 devoverit.

277 917 614 984 Vulcano
674 939 890 982 arma
949 918 1114 981 sive
1173 917 1300 981 cui
1345 917 1487 981 alii
1534 918 1682 982 deo
1729 939 2020 984 vovere
2065 920 2314 1000 volet,
2382 922 2545 986 sive

274 1026 516 1092 hostia
572 1030 739 1092 sive
799 1049 952 1110 quo
1009 1027 1168 1092 alio
1224 1026 1475 1104 volet,
1542 1028 1662 1091 ius
1720 1033 1857 1091 est.
1971 1026 2045 1091 In
2107 1027 2205 1091 his
2265 1031 2545 1112 primum

275 1139 497 1200 notatio
564 1137 683 1200 illa
749 1158 1073 1220 personae:
1153 1136 1285 1218 qui
1352 1156 1524 1199 8686
1593 1134 2040 1214 devoverit,
2109 1158 2410 1219 perverse
2480 1145 2547 1202 et

276 1265 395 1308 cum
437 1245 632 1309 foeda
675 1244 1040 1328 tautologia
1084 1245 1235 1326 (sin
1276 1280 1365 1288 —
1407 1265 1579 1308 8686
1627 1243 2011 1309 devovere
2056 1245 2545 1328 volet—qui

275 1373 417 1418 sese
461 1354 904 1434 devoverit)
952 1362 1241 1419 extremo
1288 1353 1432 1418 loco
1479 1352 1785 1431 adhaeret,
1833 1352 2132 1417 omnibus
2178 1354 2308 1417 iam
2357 1356 2547 1436 quasi

273 1460 338 1524 «le
389 1484 666 1546 persona
720 1464 878 1527 satis
934 1462 1207 1528 definita
1262 1462 1482 1540 dictis;
1550 1482 1671 1525 nec
1726 1460 2018 1543 profecto
2078 1461 2346 1527 dubium
2404 1484 2545 1527 esse

272 1578 517 1652 poterat,
579 1574 737 1654 quin
785 1572 1274 1653 intellegeretur
1319 1570 1562 1648 consul,
1622 1556 1924 1647 dictator,
1970 1576 2216 1653 praetor
2260 1570 2543 1635 hostium

271 1677 526 1760 legiones
574 1681 918 1744 devovenS.
1031 1681 1157 1745 Sed
1226 1680 1517 1744 vitiosius
1565 1678 1803 1743 deinde
1851 1679 1915 1741 in
1963 1678 2174 1742 altera
2219 1680 2548 1743 sententia

270 1789 362 1853 illa
413 1790 777 1855 adduntur:
845 1791 1013 1853 sive
1070 1789 1342 1853 hostia
1399 1790 1563 1852 sive
1622 1809 1774 1871 quo
1834 1788 1994 1851 alio
2050 1788 2295 1867 volet3
2367 1810 2548 1853 arma

269 1900 416 1963 enim
461 1923 578 1983 per
625 1922 726 1977 86,
794 1920 1003 1981 neque
1063 1899 1279 1962 hostia
1333 1919 1542 1982 neque
1600 1897 1728 1961 alio
1787 1897 1921 1960 ullo
1967 1897 2291 1975 adhibito,
2360 1919 2546 1961 vove-

269 2005 506 2087 bantur3
568 2008 807 2071 hostiae
862 2008 1107 2072 mentio
1165 2007 1408 2071 aliusve
1465 2008 1561 2071 rei
1620 2006 1827 2087 (velut
1871 2006 2064 2082 turiS,
2122 2006 2232 2088 al.)
2280 2006 2365 2069 ad
2409 2028 2545 2070 rem

267 2114 522 2180 divinam
581 2115 956 2181 faciendam
1003 2116 1316 2198 pertinet,
1384 2136 1510 2179 non
1561 2115 1663 2178 ‘ad
1734 2121 1952 2178 votum
2022 2114 2541 2197 concipiendum.

267 2224 498 2289 Accidit
555 2225 684 2289 hoc
728 2223 902 2301 loc0‚
972 2223 1302 2307 quodlib.
1352 2221 1564 2301 XXII,
1638 2227 1744 2300 10,
1816 2227 1852 2285 3
1900 2223 2125 2287 itidem
2174 2224 2237 2286 in
2286 2229 2544 2286 vetusto

268 2334 530 2397 carmine
616 2333 864 2397 accidit
955 2326 1250 2413 (datum
1345 2331 1630 2396 donum
1707 2331 1884 2395 duit
1961 2332 2333 2415 populus‘
2390 2332 2543 2395 Ro-

266 2461 513 2506 manus
550 2440 1021 2522 Quiritium)
1068 2438 1373 2523 quodque
1419 2440 1482 2502 in
1530 2438 1654 2508 hoc
1698 2441 1839 2522 ipso
1886 2440 2054 2503 libro
2102 2461 2154 2503 c.
2185 2445 2282 2519 31,
2331 2446 2365 2502 5
2405 2447 2471 2504 et
2507 2444 2544 2504 7

267 2547 318 2609 in
353 2548 460 2613 MP
495 2549 729 2615 Klock.
770 2553 837 2611 et
885 2570 962 2612 ex
1011 2556 1199 2631 parte
1247 2548 1469 2629 aliqua
1501 2549 1567 2611 in
1614 2547 1760 2612 edd.
1796 2554 1947 2611 vett.
1987 2548 2080 2630 (id
2127 2556 2245 2628 est,
2296 2550 2545 2631 opinor,

268 2657 319 2719 in
343 2659 475 2724 cod.
498 2658 712 2741 arch.)
737 2656 982 2722 factum
1016 2679 1153 2722 esse
1190 2657 1273 2721 ab
1313 2656 1611 2722 omnibus
1647 2657 2045 2722 intellectum
2084 2664 2204 2737 est,
2242 2664 2315 2740 ut
2347 2658 2547 2723 verba

269 2767 536 2848 quaedam
573 2770 856 2852 primum
904 2769 1146 2831 omissa
1192 2766 1425 2830 deinde
1461 2766 1676 2830 alieno
1711 2765 1856 2830 loco
1892 2773 2367 2849 reponerentur
2400 2765 2543 2848 (cfr.

268 2894 524 2954 prooem.
549 2899 613 2960 p.
645 2874 776 2957 29).
833 2875 1081 2939 Livium
1107 2876 1304 2969 ⁸enim
1341 2875 1680 2957 scripsisse
1715 2874 2131 2938 manifestum
2168 2896 2309 2938 6886
2344 2881 2532 2957 puto:
2573 2879 2712 2948 (164)

269 2980 331 3042 ni
380 2985 747 3063 moritur,
815 3005 1071 3066 neque
1128 3005 1351 3048 suum
1411 3005 1672 3067 neque
1729 2983 2143 3066 publicum
2190 2984 2542 3047 divinum

270 3108 432 3168 pure
497 3091 785 3170 saciet,
853 3092 1008 3153 slve
1075 3092 1328 3154 lustin
1395 3091 1548 3154 slve
1617 3113 1755 3170 qu·
1823 3091 1979 3153 ulio
2053 3092 2275 3155 volet.
2400 3091 2543 3168 Qui

268 3216 420 3262 sese
485 3200 944 3279 devoverit,
1013 3200 1367 3266 Vulcano
1450 3223 1666 3266 arma
1744 3203 1909 3266 sive
1989 3201 2115 3264 cui
2182 3200 2328 3264 alii
2396 3198 2541 3263 deo

267 3305 486 3386 volet,
553 3312 689 3373 ius
748 3316 887 3374 est.
1001 3309 1136 3374 Iam
1194 3317 1377 3375 recta
1436 3311 1656 3375 omnia
1702 3317 1872 3375 sunt.
1961 3309 2266 3387 Primum,
2314 3309 2541 3390 quise

267 3413 378 3493 ipse
420 3417 758 3483 devoverit
803 3419 958 3500 (non
1007 3420 1207 3483 alium
1253 3441 1371 3501 pro
1419 3420 1536 3498 86),
1583 3421 1637 3483 si
1683 3440 1811 3483 non
1859 3419 2193 3496 moriatur,
2239 3416 2321 3481 ab
2368 3418 2540 3481 omni

268 3541 472 3601 genere
517 3526 694 3589 sacri
737 3525 1020 3591 faciendi
1065 3528 1277 3591 arceri
1323 3527 1592 3607 dicitur;
1666 3526 1900 3591 deinde
1957 3527 2039 3590 ab
2070 3527 2351 3590 ‘homine
2397 3527 2537 3610 ipso

267 3629 336 3693 ad
385 3654 563 3698 arma
618 3635 967 3699 transitur:
1048 3635 1170 3713 Qui
1237 3656 1306 3698 86
1374 3636 1644 3719 (corpus
1712 3657 1901 3700 suum
1959 3635 2060 3699 dis
2116 3635 2369 3716 inseris)
2428 3635 2539 3699 de-

267 3742 511 3820 voverit,
579 3763 766 3807 arma
810 3744 915 3806 cui
959 3763 1189 3807 vovere
1234 3744 1416 3822 velit,
1483 3743 1763 3809 liberum
1819 3744 2231 3828 relinquitur.
2344 3743 2534 3807 Pror-

266 3865 357 3910 sus
400 3851 686 3915 eiusdem
731 3851 989 3933 generis
1035 3853 1487 3916 traiectionem
1523 3851 1806 3934 plurium
1839 3852 2183 3917 verborum
2220 3852 2536 3916 accidisse

267 3951 320 4014 in
377 3959 582 4023 tert-ize
655 3959 921 4023 decadis
990 3959 1326 4025 codicibus
1396 3961 1666 4044 (praeter
1722 3959 1936 4039 XXII,
2014 3966 2119 4038 10,
2193 3959 2258 4038 3)
2316 3965 2533 4024 osten-

266 4059 434 4127 detur
485 4067 570 4131 ad
627 4066 827 4144 XXX,
893 4072 988 4146 12,
1037 4073 1091 4147 3,
1150 4070 1214 4132 in
1261 4076 1512 4152 quartae
1557 4069 1641 4133 ad
1687 4068 1987 4147 XXXVI,
2057 4073 2167 4147 34,
2238 4073 2274 4132 9
2323 4075 2390 4131 et
2441 4073 2533 4146 10,

269 4166 378 4250 XL,
435 4178 529 4254 13,
593 4181 619 4239 l
675 4183 743 4240 et
788 4181 846 4254 2,
902 4177 969 4241 in
1015 4176 1290 4242 Vindob.
1339 4177 1423 4241 ad
1479 4176 1702 4257 XLIV,
1760 4182 1861 4256 44,
1907 4180 1964 4240 2.
2067 4175 2283 4259 [Quod
2328 4176 2533 4241 Weis-

268 4278 628 4347 senbornius
706 4290 998 4365 veretur,
1082 4307 1162 4350 ne
1240 4286 1332 4349 sic
1407 4284 1787 4369 pronomine
1866 4285 1998 4369 qui
2076 4306 2313 4349 novum
2381 4284 2532 4348 sub-

268 4382 477 4453 iectum
565 4399 629 4457 et
716 4392 1043 4458 diversum
1122 4393 1550 4478 significetur,
1651 4416 1781 4459 non
1861 4393 2187 4477 intellego.
2308 4392 2530 4457 Livius

2011 4521 2073 4575 13
