3230 5282
1408 631 1533 694 229
1684 682 1693 689 ,
2397 646 2523 703 Lib.
2559 646 2628 701 X.

321 813 643 894 ficeret,
720 815 981 879 timeri
1060 821 1389 897 peterat,
1471 816 1823 883 consilio
1900 826 2022 883 cet.
2134 817 2447 885 Extremo
2521 839 2630 885 ca-

323 923 447 1006 pite
492 921 555 1006 (§
602 922 712 1005 21)
761 923 987 989 Livius
1043 944 1175 989 non
1234 931 1316 990 et
1361 925 1554 1008 quia
1596 926 1983 1009 scripserat,
2047 926 2193 1007 sed,
2255 926 2437 1011 quod
2484 948 2630 993 sen-

322 1032 521 1097 tentia
564 1038 798 1116 aperte
842 1031 1161 1116 postulat,
1206 1038 1321 1095 set
1364 1032 1647 1117 quia.¹)

480 1136 640 1223 Cap.
701 1142 816 1219 21,
885 1143 923 1203 6
981 1137 1359 1224 (postquam
1417 1140 1645 1205 Livius
1703 1147 2006 1207 senatum
2061 1148 2253 1226 parte
2312 1163 2485 1208 curae
2542 1164 2623 1208 ex
2656 1156 2801 1225 (192)

319 1246 656 1330 ingruente
713 1247 1003 1330 undique
1069 1246 1231 1313 belli
1286 1254 1539 1314 terrore
1599 1254 1921 1334 susceptae
1978 1257 2405 1315 exoneratum
2466 1251 2633 1317 dixit

321 1353 548 1420 litteris
593 1353 669 1420 L.
716 1355 1049 1420 Volumnii
1096 1355 1403 1435 consulis,
1463 1355 1707 1440 quibus
1753 1377 1958 1423 caesos
2004 1355 2377 1442 Campaniae
2419 1378 2634 1443 popu·

318 1462 552 1529 latores
589 1464 925 1546 cognitum
959 1463 1104 1545 sit):
1151 1464 1441 1545 Itaque
1486 1469 1566 1529 et
1609 1463 2284 1550 supplicationes
2329 1465 2425 1531 ob
2470 1487 2634 1532 rem

319 1569 511 1637 bene
594 1578 905 1654 gestam
992 1570 1369 1637 consulis
1438 1572 1761 1637 nomine
1832 1573 2309 1653 decernunt;
2389 1574 2632 1640 iusti-

321 1680 506 1745 tium
553 1681 1042 1759 remittitur,
1101 1677 1311 1761 quod
1354 1678 1631 1744 fuerat
1676 1679 1850 1745 dies
1894 1679 2172 1760 XVIII,
2218 1680 2633 1765 supplica-

320 1788 595 1871 tioque
641 1786 982 1871 perlaeta
1024 1786 1199 1852 fuit.
1301 1786 1390 1852 Et
1432 1808 1537 1853 res
1582 1794 1652 1853 et
1697 1789 2017 1854 orationis
2060 1787 2274 1854 forma
2318 1789 2633 1871 declarat,

320 1915 356 1959 a
402 1896 590 1962 Livio
668 1897 988 1979 scriptum
1054 1916 1196 1960 esse
1263 1893 1366 1976 (ut
1428 1896 1498 1959 in
1561 1895 1717 1960 Lov.
1786 1899 1825 1958 4
1894 1895 2312 1961 emendatum
2377 1898 2624 1980 video):
2662 1913 2803 1983 (193)

317 2001 603 2088 Itaque
652 2009 732 2068 et
779 2002 1441 2088 supplicationes
1490 2037 1565 2047 —
1608 2001 2060 2068 decernunt
2103 2011 2174 2067 et
2217 2006 2634 2070 iustitium

317 2112 775 2177 remittitur
805 2135 924 2192 —3
961 2111 1638 2195 supplicatioque
1684 2116 1805 2175 cet.
1875 2110 2048 2193 (Duo
2097 2113 2290 2178 simul
2336 2113 2632 2196 decreta3

315 2216 430 2284 hoc
485 2226 860 2285 extremum
917 2219 999 2284 de
1054 2241 1125 2284 re
1184 2218 1366 2284 facta
1420 2217 1851 2302 adiungitur.)
1951 2219 2195 2286 Hausit
2237 2222 2633 2305 particulam

318 2327 685 2410 praecedens
730 2334 754 2388 t
802 2325 963 2408 (nt),
1010 2333 1086 2393 ut
1130 2325 1308 2405 XXI,
1367 2330 1482 2405 49,
1542 2329 1612 2406 7,
1670 2326 1902 2406 XXIV,
1958 2331 2017 2407 4,
2076 2332 2112 2392 5
2159 2329 2406 2394 factum
2450 2351 2633 2396 mon-

319 2436 655 2501 strabitur.
735 2434 942 2500 Paulo
988 2440 1142 2519 post
1188 2432 1252 2517 (ἓ
1303 2433 1407 2513 13)
1460 2433 1908 2499 scribendum:
1958 2435 2052 2501 ob
2098 2436 2260 2502 haec
2306 2443 2386 2501 et
2429 2436 2499 2519 (n
2516 2459 2634 2503 am

317 2543 771 2628 appetebat
847 2540 1192 2626 tempus)
1262 2542 1794 2633 comitiorum·
1856 2562 2101 2609 causa
2167 2545 2237 2607 L.
2307 2543 2633 2610 Volum-

320 2653 496 2718 nius
562 2673 717 2719 cos.
763 2653 1091 2717 Romam
1151 2655 1603 2716 revocatus.
1705 2651 1935 2736 Neque
1982 2653 2153 2716 enim
2201 2654 2416 2718 omitti
2459 2676 2637 2720 nam

320 2760 577 2827 videtur
630 2780 825 2846 posse
882 2760 952 2823 in
1008 2757 1383 2824 huiusmodi
1444 2757 1830 2842 parenthesi
1884 2765 2041 2844 post
2085 2760 2484 2844 particulam
2527 2783 2635 2826 co-

322 2869 680 2951 pulativam
726 2869 979 2932 inserta
1023 2865 1109 2931 ad
1156 2865 1440 2931 alterum
1485 2866 1850 2931 membrum
1896 2868 2419 2950 praeparandum.

371 3053 416 3120 ¹)
451 3051 614 3122 [Cap.
668 3055 759 3119 17,
814 3055 847 3106 5
902 3069 948 3106 a.
1007 3053 1136 3106 1861
1191 3052 1706 3121 interrogationem
1757 3053 2066 3122 imperandi
2130 3054 2244 3106 vim
2306 3053 2633 3109 habentem:

446 3138 683 3193 Vultis
729 3155 964 3276 νοεΧ-ὲ-
1008 3137 1290 3207 gerere?
1344 3137 1566 3204 notavi3
1630 3142 1850 3191 secutus
1906 3145 1993 3191 est
2036 3155 2185 3192 nunc
2246 3138 2631 3194 Weissenbor-

448 3226 600 3279 nius.
683 3222 791 3277 Cfr.
934 3222 1010 3290 V,
1054 3224 1116 3289 6,
1162 3224 1246 3290 22,
1303 3222 1446 3278 Adv.
1488 3223 1621 3277 erit.
1657 3222 1723 3277 Π
1757 3242 1810 3293 p.
1854 3225 1966 3278 198.
2057 3223 2187 3291 Cap.
2229 3224 2309 3290 18,
2345 3225 2379 3275 '7
2415 3224 2567 3292 quod
2603 3241 2634 3279 e

448 3309 625 3363 Mmd
674 3308 1117 3377 (discepatio)
1163 3308 1387 3363 restitui
1432 3308 1572 3362 iussi
1608 3308 2032 3378 disceptatio
2068 3325 2170 3378 pro
2208 3324 2346 3362 voce
2381 3308 2636 3364 inaudita

453 3401 513 3449 et
578 3399 780 3450 contra
843 3393 1163 3462 analogiam
1226 3392 1363 3447 ficta
1415 3393 1888 3463 discrepatio,
1951 3397 2298 3463 praeceptum
2351 3394 2463 3447 iam
2515 3400 2638 3449 erat

450 3479 610 3549 (post
654 3484 876 3534 veteres
924 3478 1195 3548 quasdam
1245 3478 1543 3547 editiones)
1581 3480 1644 3532 in
1680 3478 1937 3548 exemplo
1975 3479 2420 3533 Tauchnitziano
2462 3477 2634 3550 1848]

449 3565 588 3635 Cap.
630 3567 722 3630 19,
782 3566 846 3618 18
893 3569 1027 3618 ante
1062 3564 1272 3618 multos
1310 3581 1490 3619 annos
1527 3564 1729 3618 eodem
1763 3564 1935 3617 modo
1973 3564 2292 3633 emendavi,
2337 3582 2450 3633 quo
2487 3581 2637 3621 nunc

450 3668 485 3704 a
544 3650 1011 3704 Weissenbornio
1076 3649 1434 3704 emendatum
1500 3648 1667 3703 video
1732 3648 1824 3715 (et
1889 3650 2243 3704 exercitus
2305 3650 2637 3705 virtutem

449 3736 754 3804 oequavit
806 3735 1018 3789 ducis.
1119 3733 1187 3788 Bt
1244 3734 1438 3788 duces
1498 3735 1950 3804 imperatoria
1995 3752 2202 3804 opera
2249 3752 2632 3805 exsequun-

447 3826 559 3875 tur
607 3826 673 3874 et
716 3820 980 3875 milites
1025 3821 1166 3887 cet).
1237 3819 1388 3873 Fieri
1431 3824 1653 3890 potest,
1702 3824 1766 3873 ut
1808 3821 2085 3890 scriptum
2119 3820 2313 3874 fuerit:
2369 3821 2437 3873 Et
2475 3837 2634 3875 coss.

453 3907 913 3975 imperatoria
976 3911 1078 3961 cet.
1179 3903 1333 3974 [Cap.
1388 3908 1490 3973 20,
1547 3907 1582 3959 8
1636 3922 1740 3974 pro
1797 3906 2001 3974 alios,
2057 3905 2210 3976 quod
2261 3905 2462 3960 falsum
2515 3923 2636 3962 esse

449 3992 641 4060 plures
677 3991 968 4059 viderunt,
1014 3990 1369 4045 scribendum
1418 3990 1645 4045 videtur
1678 3990 1875 4044 ullos
1886 4010 1899 4058 3
1955 4008 2135 4060 neque
2171 3991 2319 4045 enim
2357 3996 2638 4046 certorum

450 4076 747 4131 hominum
784 4093 1123 4131 consensum
1159 4075 1422 4144 defuisse,
1460 4076 1562 4131 sed
1598 4093 1823 4130 omnem
1860 4076 2228 4146 significatur.
2291 4079 2438 4132 1875.
2509 4077 2635 4132 Ibd.

455 4159 488 4230 ξ
548 4164 613 4215 15
669 4161 806 4215 dure
861 4162 1150 4215 omittitur
1202 4167 1268 4215 et
1319 4163 1469 4217 inter
1522 4161 2026 4231 quadringenti
2080 4166 2138 4215 et
2182 4163 2428 4231 praeda.
2488 4165 2634 4217 1861.

461 4245 685 4300 Ibidem
722 4245 965 4314 denique
1002 4247 1184 4300 oratio
1222 4247 1302 4301 sic
1339 4245 1810 4317 interpungenda:
1859 4247 2206 4315 accitique
2244 4248 2475 4302 edicto
2515 4247 2633 4301 do·

450 4331 621 4385 mini
672 4359 744 4369 —
796 4330 1403 4401 recipiendasque,
1465 4332 1877 4402 praestituta
1940 4332 2052 4386 die
2106 4331 2279 4398 (intra
2346 4349 2514 4402 quam
2577 4333 2636 4386 id

454 4413 655 4483 fieret).
746 4415 1040 4484 Quarum
1098 4434 1324 4471 rerum
1376 4423 1482 4472 eet.
1573 4417 1846 4484 Alioquin
1890 4418 2057 4472 inane
2104 4422 2289 4471 totum
2335 4417 2476 4471 illud
2525 4422 2634 4471 est:

453 4503 862 4570 proestituta
897 4500 1022 4556 die.
1064 4499 1237 4571 1861.]
