3230 5282
1836 577 2008 696 18.

720 773 941 831 autem
985 764 1140 829 libri
1183 784 1236 828 c.
1277 767 1377 843 32,
1422 768 1461 827 4
1510 784 1714 845 quum
1752 763 1846 828 sic
1880 761 2101 827 Livius
2152 762 2551 846 scripsisset:
2598 762 2738 828 ubi
2783 769 2863 830 et
2901 786 3018 830 va-

720 882 948 940 stare
1034 872 1200 958 ipsi
1282 871 1759 937 Samnitium
1850 892 2131 954 agrum
2219 870 2868 954 prohiberentur
2945 879 3018 938 et

723 981 1004 1067 egredi
1047 980 1242 1046 inde
1287 982 1365 1045 in
1411 987 1710 1064 pacata
1755 980 2323 1062 sociorumque
2368 980 2651 1064 populi
2689 982 3017 1047 Romani

720 1090 936 1157 fines
994 1089 1424 1156 Samnitem
1482 1086 2138 1172 prohiberent¹)‚
2193 1087 2350 1167 fuit,
2409 1090 2529 1171 qui·
2579 1088 2774 1155 alteri
2828 1090 3017 1156 verbo

585 1213 689 1278 (17)
728 1197 1059 1284 (egredi)
1094 1220 1226 1263 non
1263 1197 1424 1262 satis
1457 1196 1861 1280 respondere
1895 1196 2079 1279 prius
2115 1193 2505 1278 (vastare)
2529 1204 2814 1280 putaret,
2849 1199 3017 1281 quod

721 1329 851 1373 non
884 1306 1314 1390 intellegeret,
1346 1304 1511 1369 nihil
1547 1305 1722 1370 inter
1754 1305 2121 1388 ingressum
2157 1305 2300 1387 agri
2334 1303 2592 1370 hostilis
2619 1312 2686 1371 et
2709 1309 3020 1373 vastatio·

720 1438 870 1481 nem
915 1416 1251 1495 interesse,
1310 1419 1427 1479 aut
1473 1413 1588 1496 qui
1634 1412 1758 1477 hoc
1803 1413 2017 1496 ipsum
2063 1411 2498 1478 animadverti
2543 1413 2759 1494 vellet,
2803 1416 2871 1479 in
2913 1438 3017 1480 va-

721 1523 943 1590 standi
965 1522 1164 1589 verbo
1188 1521 1507 1588 contineri
1530 1519 1725 1587 simul
1747 1521 1913 1584 intr
1928 1519 2111 1584 andi
2148 1521 2483 1586 notionem
2507 1524 2908 1588 contrariam
2929 1524 3021 1589 al·

719 1634 848 1698 teri
883 1630 1370 1733 egrediendi,
1413 1649 1623 1711 eaque
1658 1630 1790 1693 sive
1828 1628 2147 1693 correctio
2181 1627 2314 1694 sive
2338 1628 2681 1696 adnotatio
2706 1653 2907 1714 quum
2929 1634 3022 1697 sic

1807 1737 2131 1801 intrare

722 1854 898 1913 esset
940 1847 1337 1931 perscripta:
1407 1845 1546 1910 ubi
1604 1850 1686 1911 et
1732 1851 2089 1923 vastare,
2157 1844 2311 1909 inde
2357 1845 2424 1909 in
2471 1845 2672 1926 Med„
2738 1847 2919 1913 Leid.
2969 1853 3022 1928 1,

722 1956 870 2021 aliis
917 1961 1134 2020 ortum
1181 1962 1312 2019 est:
1382 1954 1518 2020 ubi
1565 1960 1646 2019 et
1687 1954 2005 2017 intrare
2052 1959 2403 2032 vastare,
2462 1952 2699 2019 deinde
2745 1956 2813 2019 in
2859 1955 3023 2036 aliis,

719 2064 1126 2147 transposita
1172 2062 1443 2146 copula:
1494 2061 1629 2126 ubi
1676 2062 1996 2124 intrare
2043 2066 2121 2124 et
2165 2069 2512 2126 vastare.
2583 2060 2738 2143 (Qui
2777 2062 3024 2129 factum

723 2173 828 2251 sit,
873 2178 948 2236 ut
981 2169 1129 2234 Par.
1156 2178 1225 2235 et
1259 2170 1372 2235 alii
1406 2170 1604 2253 pauci
1635 2168 1763 2233 hoc
1794 2166 1942 2232 loco
1980 2168 2217 2250 integri
2258 2168 2410 2248 sint,
2456 2172 2793 2254 aperietur
2826 2172 3025 2254 paulo

723 2277 920 2364 post.)
1004 2279 1171 2343 Item
1214 2279 1876 2361 interpretamentum
1912 2281 2073 2354 erat,
2118 2296 2248 2341 non
2284 2277 2630 2343 varietatis
2665 2277 3026 2361 adnotatiO,

723 2386 900 2469 quod
943 2386 1115 2451 libro
1158 2385 1255 2465 ΙΙ,
1316 2390 1415 2463 56,
1477 2388 1515 2447 2
1562 2385 1658 2449 sic
1705 2382 1910 2449 codex
1955 2382 2351 2469 archetypus
2400 2388 2716 2470 scriptum
2761 2388 3026 2453 habuit:

2240 2493 3025 2561 administraturum

724 2625 899 2670 eum
934 2601 1324 2669 vexandis
1358 2601 1666 2687 prioris
1704 2601 1890 2666 anni
1927 2599 2406 2667 consulibus
2444 2604 3026 2687 permissurum

725 2713 1233 2778 tribunatum
1279 2710 1754 2789 credebant,
1802 2731 1882 2775 ex
1929 2731 2060 2793 quo
2105 2710 2173 2773 in
2218 2710 2385 2775 Med.
2429 2720 2496 2776 et
2542 2712 2685 2778 cod.
2726 2713 3027 2779 Rhenani

721 2819 970 2887 factum
1016 2824 1143 2885 est:
1203 2819 1786 2902 permissurum
1833 2817 2601 2884 administraturum
2648 2821 3033 2886 tribuna-

722 2936 886 2994 tum
931 2926 1194 3009 (deinde
1243 2928 1313 2991 in
1355 2925 1844 3006 recentissimis,
1892 2925 2068 3008 quod
2112 2925 2271 2990 ferri
2317 2925 2558 3011 duplex
2593 2928 2863 2994 verbum
2896 2951 3029 2994 non

721 3043 1012 3121 poterat:
1059 3034 1812 3119 pertinacissimum
1859 3034 2624 3100 administraturum
2663 3036 3033 3102 tribuna-

722 3152 884 3210 tum
929 3151 1048 3210 aut
1090 3142 1835 3229 pertinacissimum
1882 3142 2427 3207 admissurum
2464 3143 3031 3227 tribunatum),

722 3255 790 3318 in
834 3253 982 3318 Par.
1032 3251 1127 3333 (et
1168 3251 1351 3316 Voss.
1405 3249 1465 3332 1)
1513 3250 1644 3315 alio
1692 3249 1949 3314 ordine:
2030 3249 2798 3317 administraturum
2845 3275 3031 3338 per-

722 3354 1160 3426 missu'rum
1195 3355 1935 3438 tribunatum(unde
1967 3358 2037 3421 in
2060 3379 2191 3422 uno
2214 3359 2468 3424 recenti
2491 3366 2740 3425 ortum:
2789 3361 3034 3426 admi-

722 3470 1270 3534 nistraturum
1319 3466 1808 3550 permissum
1846 3465 2384 3531 tribunatum.
2452 3466 2630 3532 Leid.
2675 3474 2729 3548 l,
2765 3469 2950 3534 Harl.
2999 3475 3026 3533 l

723 3575 1043 3657 multique
1079 3574 1441 3639 deteriores
1472 3572 1598 3638 hoc
1634 3574 2293 3658 interpretamentum
2327 3597 2458 3640 non
2481 3575 2776 3657 habent).
2835 3577 3036 3643 Pror-

724 3706 836 3749 sus
881 3688 1103 3748 autem
1148 3681 1439 3747 eiusdem
1475 3688 1577 3746 est
1614 3683 1894 3765 generiS,
1942 3681 2120 3764 quod
2157 3683 2226 3746 in
2262 3683 2433 3748 libro
2468 3682 2548 3764 X,
2584 3691 2640 3764 6,
2678 3689 2714 3748 3
2749 3684 2843 3749 sic
2879 3685 3034 3751 dico

2635 3790 2991 3858 deducta

724 3900 1041 3983 scriptum
1095 3897 1450 3980 aliquando
1495 3898 1725 3964 fuisse:
1795 3898 2107 3983 plebem
2166 3900 2518 3982 quietam
2574 3909 3040 3966 exonerata

723 4009 803 4073 in
849 4006 1222 4072 colonias
1264 4006 1720 4073 multitudo
1767 4007 2242 4090 praestabat,
2288 4008 2414 4072 nisi
2449 4008 2625 4090 quod
2668 4030 3036 4074 consensus

784 4287 829 4354 ¹)
866 4286 1169 4356 Regredi
1226 4292 1284 4341 et
1327 4287 1497 4356 paulo
1544 4293 1675 4341 ante
1722 4304 2080 4357 regressos
2131 4304 2320 4342 errore
2366 4294 2500 4343 nata
2545 4293 2690 4342 sunt.
2777 4288 2844 4342 In
2890 4288 3038 4358 ipsis

863 4371 1118 4428 confiniis
1182 4373 1392 4428 Samnii
1457 4377 1513 4425 et
1577 4372 1895 4442 Campaniae
1961 4372 2304 4426 Samnitibus
2365 4373 2607 4428 Romani
2668 4380 3038 4429 occurrentes

863 4457 1059 4528 egredi
1095 4458 1227 4513 illos
1263 4459 1378 4512 suis
1412 4457 1619 4512 finibus
1657 4457 2052 4526 prohibebant,
2088 4474 2203 4512 non
2237 4459 2476 4529 regredi.
