3230 5282
592 610 717 667 Lib.
753 610 819 664 X.
1690 600 1813 659 222

594 782 879 864 procul
936 803 1080 848 esse
1138 782 1541 865 significatur
1598 789 1666 848 et
1721 783 1955 847 horum
2011 785 2295 866 proximi
2344 784 2428 849 ab
2476 785 2911 851 ulterioribus

593 889 1081 968 discernuntur,
1171 890 1480 974 factaque
1563 890 1953 973 apponendo
2031 892 2392 973 partitione
2475 892 2748 975 (agros
2826 929 2916 938 —·

594 999 1005 1079 proximos
1062 1033 1144 1042 —
1190 998 1631 1075 ulteriora,
1699 998 1796 1061 ita
1851 1003 1925 1063 ut
1980 998 2179 1061 etiam
2236 999 2324 1062 ad
2379 1000 2594 1064 neutri
2651 1002 2915 1082 generis

592 1106 928 1169 notionem
982 1106 1404 1172 incertiorem
1449 1105 1881 1186 transeatur),
1951 1127 2072 1188 pro
2132 1107 2458 1170 communi
2514 1107 2716 1171 verbo
2778 1108 2914 1172 duo

592 1212 1056 1291 subiiciuntur‚
1126 1212 1212 1277 ad
1282 1234 1471 1278 suam
1540 1213 1848 1295 quodque
1905 1220 2165 1296 partem
2222 1221 2453 1297 aptum
2513 1214 2769 1294 (cerni
2826 1251 2916 1261 —

592 1321 859 1386 videri
926 1319 1153 1401 esse).
1270 1319 1398 1385 Sed
1464 1320 1787 1384 haeremus
1854 1320 2139 1402 primum
2197 1322 2264 1385 in
2325 1322 2579 1403 stagnis
2636 1343 2676 1385 a
2723 1329 2915 1405 tergo

593 1428 768 1506 sitis,
825 1449 1029 1511 quum
1083 1426 1503 1493 manifestum
1561 1429 1678 1505 sit,
1736 1428 1893 1492 litus
1952 1434 2146 1492 tenue
2192 1430 2625 1510 transgressis
2673 1436 2919 1512 stagna

592 1557 671 1600 ex
717 1535 989 1600 adverso
1038 1535 1298 1601 obiecta
1343 1556 1506 1600 esse.
1612 1535 1793 1600 Adeo
1852 1542 2074 1607 tamen
2131 1542 2311 1600 recte
2369 1544 2436 1601 et
2494 1539 2701 1601 omnis
2765 1559 2916 1602 ora-

591 1645 792 1709 tionis
849 1643 1065 1709 forma
1120 1649 1188 1707 et
1247 1643 1504 1726 singula
1548 1643 1750 1707 verba
1796 1643 2156 1721 cohaerent,
2226 1651 2302 1707 ut
2347 1645 2484 1708 sine
2530 1647 2915 1710 temeritate

590 1750 756 1815 nihil
822 1752 1065 1816 mutari
1133 1772 1329 1834 posse
1396 1751 1700 1815 videatur
1769 1750 2344 1834 confitendumque
2404 1773 2579 1829 esse,
2651 1752 2919 1817 Livium

590 1860 810 1927 nescio
870 1880 999 1940 quo
1059 1859 1259 1922 animi
1317 1879 1538 1922 errore
1587 1860 1683 1922 sic
1730 1859 2103 1941 scripsisse,
2164 1860 2354 1941 quasi
2403 1859 2482 1922 de
2528 1859 2915 1925 hominibus

592 1988 627 2031 e
684 1967 1022 2031 contraria
1091 1972 1283 2049 parte
1351 1966 1415 2046 (e
1473 1964 2004 2045 mediterraneis)
2079 1966 2495 2030 venientibus
2565 1973 2914 2049 ageretur3

591 2096 745 2139 nam
802 2074 895 2138 ab
953 2082 1188 2156 tergo
1247 2095 1289 2138 a
1342 2075 1777 2154 transgressis
1837 2074 2132 2156 separari
2190 2079 2258 2137 et
2315 2074 2547 2138 referri
2606 2073 2692 2138 ad
2741 2075 2909 2140 litus

594 2182 698 2262 (ut
756 2183 843 2246 sit
898 2188 1085 2263 post
1144 2181 1251 2260 id)
1308 2182 1414 2244 vix
1470 2202 1631 2245 usus
1689 2180 2003 2263 loquendi
2060 2182 2235 2245 sinit.
2341 2180 2470 2245 Sed
2528 2180 2652 2246 hoc
2696 2183 2769 2246 in
2815 2185 2916 2247 in-

592 2294 772 2353 certo
817 2287 1298 2371 relinquamus3
1360 2289 1445 2352 ad
1505 2290 1939 2372 posteriorem
1986 2294 2245 2372 partem
2290 2295 2783 2372 praevertamur,
2848 2291 2912 2354 in

592 2416 724 2477 qua
769 2396 1067 2460 ostium
1111 2394 1329 2473 verbo,
1380 2417 1508 2477 quo
1555 2396 1903 2475 referatur,
1951 2416 2176 2461 carere
2223 2397 2512 2476 videtur3
2568 2399 2794 2479 itaque
2848 2400 2917 2462 in

590 2502 814 2567 codice
870 2524 1000 2567 uno
1057 2509 1124 2566 et
1169 2501 1378 2567 altero
1425 2504 1881 2568 recentissimo
1929 2502 2137 2583 (velut
2181 2504 2417 2585 Sigon„
2473 2503 2610 2568 Pal.
2661 2504 2727 2585 2)
2776 2526 2906 2588 pro

595 2610 858 2674 videri
915 2631 1096 2675 esse
1158 2611 1475 2693 scriptum
1536 2617 1635 2676 est
1679 2611 1863 2676 inde
1910 2631 2082 2676 esse
2131 2610 2570 2692 (ulteriora
2615 2611 2915 2692 colles3

425 2721 565 2788 (187)
602 2719 787 2783 inde
835 2739 1009 2783 esse
1057 2719 1407 2799 ostium),
1470 2739 1615 2800 quae
1663 2721 1996 2802 scriptura
2042 2741 2082 2782 a
2127 2719 2413 2784 Grutero
2457 2727 2728 2803 recepta
2777 2742 2917 2785 ser-

596 2832 882 2909 vataque
951 2827 1018 2889 in
1090 2826 1493 2891 editionibus
1565 2833 1665 2891 est
1731 2827 1815 2891 ad
1882 2834 2114 2892 nostra
2181 2835 2517 2910 tempora3
2584 2826 2918 2892 refellitur

595 2938 819 2997 tamen
886 2941 1125 3017 praeter
1194 2933 1492 2998 codicum
1563 2936 2032 2999 auctoritatem
2099 2933 2206 3014 (ne
2276 2934 2436 3018 quid
2506 2934 2586 2998 de
2644 2934 2918 2998 sublata

595 3048 754 3124 apta
810 3040 1023 3124 figura
1078 3043 1496 3125 proximos
1551 3077 1638 3086 —
1695 3044 1953 3118 cerni,
2023 3042 2445 3107 ulteriora
2497 3076 2586 3085 —
2642 3042 2916 3106 videri

595 3169 772 3213 esse
820 3148 1062 3230 dicam)
1107 3151 1258 3232 ipsa
1301 3150 1660 3228 sententia3
1718 3169 1932 3231 neque
1980 3151 2153 3213 enim
2198 3154 2351 3232 post
2396 3169 2589 3229 agros
2636 3148 2914 3229 (intror-

595 3278 704 3320 sus
770 3258 839 3320 in
905 3257 1390 3321 mediterranea
1445 3256 1701 3338 versus)
1764 3257 2009 3321 ostium
2064 3255 2350 3322 fluminis
2408 3263 2569 3321 erat.
2682 3256 2916 3340 Nuper

592 3363 1171 3429 Weissenbornius
1238 3384 1433 3428 voces
1501 3364 1714 3428 haud
1780 3365 2064 3447 procul
2124 3386 2243 3429 suo
2300 3365 2447 3430 loco
2510 3368 2729 3429 motas
2792 3387 2915 3447 pu-

594 3471 791 3548 tavit,
868 3470 1079 3553 iisque
1149 3472 1575 3554 transpositis
1649 3472 1743 3535 sic
1813 3473 2107 3555 scripsit:
2191 3492 2428 3553 agros
2497 3474 2914 3555 proximos

595 3584 1097 3659 campestres
1167 3580 1429 3656 cerni,
1510 3577 1923 3643 ulteriora
1991 3579 2251 3644 colles
2318 3579 2612 3658 videri3
2694 3579 2915 3644 haud

592 3685 881 3768 procul
938 3707 1110 3750 esse
1159 3686 1458 3750 ostium
1502 3685 1898 3766 fluminis,
1960 3709 2108 3770 quo
2168 3688 2605 3769 circumagi
2663 3707 2913 3751 naves

592 3794 632 3856 i.
706 3799 794 3857 st.
855 3798 901 3856 t.
962 3793 1395 3872 vidissent,
1475 3793 1601 3858 hoc
1680 3794 1946 3877 quidem
2014 3800 2375 3859 extremum
2444 3793 2910 3876 (vidissent)

594 3920 672 3963 ex
738 3900 917 3964 inani
972 3900 1360 3966 Alschefskii
1421 3902 1829 3979 coniectura,
1898 3902 2098 3966 ducta
2156 3925 2234 3966 ex
2292 3902 2486 3966 unius
2547 3901 2797 3966 codicis
2858 3900 2912 3965 P

593 4007 827 4071 mendo
886 4007 1251 4072 vidisset.
1368 4007 1497 4072 Sed
1556 4015 1623 4072 et
1681 4008 1789 4072 hic
1848 4009 2240 4074 emendandi
2285 4010 2416 4074 loci
2466 4015 2744 4073 conatus
2797 4008 2911 4088 (ne

594 4113 752 4196 quid
811 4115 891 4179 de
946 4115 1461 4197 transpositione
1520 4114 1763 4196 dicam)
1822 4123 1888 4180 et
1942 4116 2347 4198 reliquorum
2403 4117 2745 4182 sententiae
2791 4115 2911 4182 illo

592 4220 902 4286 laborant
947 4224 1334 4304 gravissimo
1381 4224 1825 4302 incommodo,
1886 4225 2061 4307 quod
2118 4227 2213 4289 sic
2273 4224 2726 4308 exploratores
2773 4245 2912 4288 non

594 4329 788 4393 modo
835 4330 1078 4394 ostium
1122 4329 1301 4395 fluvii
1348 4351 1416 4394 se
1462 4331 1705 4395 vidisse
1750 4337 2023 4396 narrant
2068 4339 2184 4396 aut
2228 4333 2428 4396 etiam
2472 4333 2540 4395 in
2576 4353 2650 4396 eo
2686 4351 2913 4411 naves„
