3230 5282
567 615 690 668 Lib.
727 613 978 668 XXXVI.
1661 603 1783 664 524

571 795 685 850 aut
741 807 940 869 quum
998 775 1277 850 maxii'ne
1335 785 1476 850 fieri
1532 787 1763 869 incipit
1818 784 2039 851 fierive
2099 785 2294 849 debet
2351 783 2459 864 (de
2519 805 2654 867 qua
2696 805 2769 847 re
2815 791 2883 847 et

572 895 778 958 ceteri
810 893 1219 975 grammatici
1257 894 1647 976 praecipiunt
1684 901 1752 958 et
1786 914 1905 976 ego
1943 893 2233 957 breviter
2267 893 2552 976 praecepi
2585 891 2872 956 Gramm.

571 1001 712 1065 Lat.
761 999 793 1084 ξ
843 1004 964 1065 340
1011 1008 1145 1065 not.
1199 999 1295 1080 1),
1365 1001 1776 1082 maximeque
1835 1000 2393 1076 comminationis,
2460 999 2526 1062 in
2574 1019 2703 1080 qua
2747 1018 2880 1062 om-

572 1130 718 1174 nem
779 1109 1159 1173 dilationem
1217 1113 1284 1173 et
1344 1129 1594 1173 moram
1653 1107 1977 1172 sublatam
2024 1107 2355 1185 volumu3‚
2425 1107 2733 1190 proprius
2780 1112 2882 1170 est

571 1215 678 1280 hic
724 1216 1069 1299 praesentis
1118 1236 1266 1280 cum
1311 1217 1390 1279 ni
1439 1215 1656 1296 (nisi)
1703 1235 1889 1295 usus,
1949 1221 2264 1298 sequente
2312 1220 2429 1279 aut
2471 1213 2879 1296 praecedente

572 1322 836 1405 futuro;
882 1345 960 1387 ex
1005 1344 1133 1405 quo
1180 1344 1416 1405 genere
1465 1330 1532 1388 et
1576 1319 1741 1388 illud
1791 1329 1891 1388 est
1937 1323 2115 1406 apud
2162 1321 2539 1386 Ciceronem
2586 1307 2655 1385 in
2702 1320 2881 1385 Verr.

573 1431 683 1510 IV,
723 1435 823 1510 39,
862 1436 974 1495 85:
1034 1431 1377 1495 moriere
1413 1432 1697 1513 virgiS,
1745 1431 1902 1496 nisi
1938 1429 2134 1494 mihi
2177 1432 2491 1512 signum
2529 1429 2886 1492 traditur

577 1539 718 1620 (cfr.
765 1539 816 1617 Ι,
881 1543 979 1616 32,
1039 1538 1148 1618 82)
1206 1546 1275 1603 et
1320 1538 1602 1603 alterum
1649 1559 1728 1603 ex
1775 1540 2075 1603 oratione
2123 1537 2202 1601 de
2247 1557 2398 1619 rege
2446 1534 2882 1600 Alexandrino

577 1653 902 1712 servatum
962 1645 1334 1726 (Scholiast.
1386 1645 1588 1710 Cicer.
1651 1645 1750 1711 ed.
1801 1644 2000 1710 Orell.
2047 1644 2111 1709 II
2170 1668 2231 1728 p.
2293 1643 2473 1722 351):
2543 1664 2694 1709 non
2750 1663 2881 1726 pa·

577 1757 740 1819 tiar
809 1754 1015 1818 hanc
1075 1753 1452 1817 exaudiri
1511 1773 1781 1818 vocem
1838 1753 2080 1818 huius
2138 1751 2487 1836 imperii:
2557 1750 2719 1832 Ego
2776 1757 2880 1826 te,

579 1862 733 1926 nisi
780 1862 913 1923 das
960 1859 1307 1942 aliquid,
1365 1859 1699 1940 hostem,
1758 1863 1821 1925 si
1869 1858 2057 1942 quid
2103 1858 2434 1937 dederis,
2495 1878 2761 1940 regem
2809 1863 2884 1921 et

580 1970 886 2034 socium
945 1976 1021 2033 et
1081 1970 1422 2034 amicum
1482 1968 1905 2047 iudicabo,
1974 1974 2041 2033 et
2095 1966 2273 2049 apud
2318 1966 2568 2030 Livium
2624 1965 2747 2030 hoc
2804 1985 2879 2028 ex

587 2076 689 2154 VI,
744 2081 848 2154 15,
920 2081 986 2139 6:
1057 2076 1273 2157 quod
1331 2077 1487 2141 nisi
1545 2076 1789 2153 faciS,
1844 2110 1931 2120 ——
1975 2076 2051 2139 in
2096 2074 2367 2138 vincla
2410 2079 2488 2138 te
2536 2074 2720 2137 duci
2766 2073 2885 2136 iu-

585 2184 807 2248 bebo.
900 2183 1057 2265 [Cic.
1107 2183 1190 2247 ad
1229 2183 1361 2247 Att.
1399 2182 1543 2260 XII,
1590 2188 1693 2261 40,
1740 2188 1798 2262 4,
1846 2182 2046 2247 Acad.
2085 2181 2166 2258 ΙΙ,
2214 2186 2313 2260 29,
2352 2184 2453 2259 93,
2494 2179 2686 2244 Corn.
2724 2178 2882 2262 Nep.

585 2291 810 2373 Epam.
863 2297 930 2369 4,
987 2290 1199 2355 Plaut.
1249 2290 1428 2354 Pers.
1480 2290 1554 2368 V,
1612 2294 1670 2370 2,
1716 2296 1831 2369 46,
1888 2290 2033 2355 Ter.
2082 2288 2247 2354 Eun.
2298 2289 2401 2366 IV,
2449 2292 2508 2365 7,
2559 2290 2669 2362 33,
2731 2286 2882 2351 Hor.

587 2397 722 2462 Sat.
770 2398 866 2475 II,
926 2401 994 2475 3,
1057 2396 1225 2479 153.]
1328 2397 1475 2462 Non
1532 2404 1827 2463 mutatur
1880 2418 2013 2476 reS,
2073 2397 2433 2462 substituto
2493 2416 2612 2479 pro
2669 2395 2885 2459 futuro

584 2506 971 2587 imperativo
1039 2513 1430 2587 exspecta
1497 2512 1615 2570 aut
1682 2505 1907 2585 simili,
1985 2511 2061 2570 ut
2126 2503 2500 2580 XXXVIII,
2586 2509 2693 2581 14,
2779 2506 2883 2564 12:

586 2610 1051 2695 Quingenta
1095 2612 1420 2677 talenta
1464 2613 1625 2677 nisi
1672 2612 1948 2680 triduo
1995 2631 2387 2690 numeraS,
2436 2610 2889 2694 populatio-

584 2721 878 2783 nemin
925 2722 1148 2803 agris
1193 2756 1278 2766 —
1323 2728 1743 2803 exspecta.

756 2824 912 2909 Cap.
1007 2831 1119 2905 34,
1218 2830 1294 2891 10
1384 2826 1478 2906 (in
1569 2828 1866 2892 oratione
1957 2827 2027 2891 T.
2113 2827 2401 2904 Quinctii
2491 2826 2598 2891 M.‘
2681 2823 2889 2889 Acilio

583 2935 947 3011 suadentiS,
1016 2956 1097 2999 ne
1166 2937 1232 2999 in
1302 2934 1633 3017 Naupacti
1700 2935 2190 3017 oppugnatione
2261 2932 2574 3018 perstet):
2643 2932 2890 3013 Atqui

585 3064 734 3105 non
814 3048 1139 3107 tantum
1207 3043 1564 3105 interest
1631 3048 1945 3121 nostra,
2024 3041 2475 3106 AEtolorum
2542 3061 2734 3124 opes
2802 3059 2889 3102 ac

581 3150 795 3213 vires
865 3149 1140 3227 minui,
1209 3155 1601 3232 quantum
1670 3170 1821 3212 non
1893 3169 2139 3232 supra
2209 3148 2517 3212 modum
2576 3146 2889 3228 Philip-

581 3277 760 3337 pum
819 3274 1224 3333 crescere,
1295 3262 1375 3320 et
1430 3257 1801 3321 victoriae
1859 3263 2011 3321 tuae
2071 3256 2475 3337 praemium
2534 3262 2609 3318 te
2666 3252 2891 3317 mili·

580 3369 875 3442 tesque
944 3370 1126 3427 tuos
1194 3363 1539 3428 nondum
1608 3363 1807 3427 duas
1874 3363 2147 3440 urbeS,
2228 3361 2695 3445 Philippum
2762 3366 2891 3425 tot

580 3476 871 3549 gentes
941 3471 1267 3534 Graeciae
1335 3469 1655 3534 habere.
1778 3470 1935 3534 Haec
2002 3470 2160 3561 quid
2227 3470 2549 3534 haberent
2614 3470 2680 3531 in
2749 3487 2892 3531 sen-

579 3576 790 3640 tentia
847 3576 1018 3654 vitii,
1088 3578 1518 3658 quumImm.
1573 3575 1914 3642 Bekkerus
1960 3578 2429 3661 perspexisset,
2497 3583 2891 3660 post-remam

582 3689 835 3766 partem
898 3683 1050 3747 inde
1111 3704 1151 3748 a
1196 3684 1411 3749 verbis
1469 3690 1549 3748 et
1604 3685 1973 3749 victoriae
2032 3691 2183 3749 tuae
2245 3683 2586 3749 delendam
2647 3680 2890 3764 signifi-

580 3790 780 3869 cavit,
849 3791 1035 3854 cuius
1111 3790 1333 3855 iudicii
1391 3811 1657 3856 causam
1718 3791 2134 3874 Kreyssigius
2192 3800 2260 3856 et
2314 3789 2885 3855 Weissenbornius

407 3922 549 3992 (423)
588 3897 752 3961 adeo
800 3919 927 3961 non
973 3897 1472 3975 intellexerunt,
1540 3905 1614 3962 ut
1660 3899 1922 3964 omnino
1970 3919 2069 3977 se,
2138 3899 2293 3981 quid
2341 3896 2711 3963 Bekkerum
2758 3917 2890 3960 mo-

576 4004 807 4083 visset,
863 4005 1122 4069 nescire
1167 4003 1550 4069 faterentur.
1662 4005 1750 4071 Et
1795 4012 2016 4072 tamen
2062 4027 2168 4070 res
2213 4006 2568 4070 manifesta
2614 4012 2717 4069 est
2758 4024 2893 4067 mo·

575 4119 886 4191 vei-atque
945 4131 1049 4174 me
1106 4111 1395 4176 nondum
1457 4114 1717 4194 cognita
1764 4111 2049 4178 Bekkeri
2094 4114 2488 4196 suspicione.
2599 4112 2883 4175 Primum

575 4220 744 4283 enini
803 4218 1151 4301 perspicue
1200 4217 1487 4297 tollitur,
1554 4218 1686 4283 illis
1733 4221 2039 4297 adiectis,
2112 4220 2626 4303 comparationis
2672 4238 2887 4301 aequa-

574 4326 757 4403 litas,
815 4346 958 4407 quae
1005 4327 1225 4409 posita
1275 4333 1377 4391 est
1428 4329 1494 4391 in
1542 4327 1801 4392 duabus
1836 4327 2062 4406 -rebuS,
2118 4327 2490 4392 AEtolorum
2537 4348 2735 4409 opum
2780 4325 2889 4389 de-

572 4432 932 4497 minutione
979 4439 1046 4496 et
1090 4432 1379 4517 Philippi
1425 4435 1867 4499 incrementis.
1972 4435 2224 4499 Deinde
2284 4434 2421 4499 haec
2479 4454 2650 4498 nova
2708 4453 2885 4497 com-
