3230 5282
1392 603 1516 665 ’727
2272 620 2396 676 Lib.
2434 620 2606 676 XLV.

304 792 563 866 esset,
624 786 930 868 quoniam
991 787 1059 852 in
1138 788 1363 854 codice
1431 796 1560 855 est:
1632 790 2610 875 maiorapulsaisnomina

305 897 879 974 esset,1ortasse
926 895 1374 962 scribendum:
1442 898 1700 962 maior
1756 898 2099 982 repulsae
2162 902 2609 985 ignominia

310 1003 622 1084 esset.¹)
689 1004 1000 1070 Extremo
1036 1005 1254 1089 capite
1302 1003 1365 1088 (ἓ
1393 1005 1519 1087 13),
1568 1026 1711 1089 quae
1761 1005 1842 1072 de
1876 1007 2151 1074 Rhodiis
2185 1010 2445 1078 fortiter
2491 1010 2610 1076 Ca-

307 1115 474 1178 riam
516 1112 904 1198 Lyciamque
950 1112 1452 1179 defendentibus
1491 1124 1874 1196 narrantur,
1920 1137 2000 1182 ea
2045 1117 2612 1185 Weissenbornius

306 1229 377 1288 et
420 1222 503 1287 ad
549 1220 846 1288 codicem
892 1222 1163 1306 propius
1212 1228 1281 1287 et
1324 1220 1533 1288 multo
1581 1244 1702 1306 per
1745 1246 1817 1290 se
1863 1227 2139 1307 rectius,
2199 1248 2396 1310 quam
2441 1233 2611 1310 ante,

308 1334 404 1397 sic
448 1330 684 1396 edidit:
729 1351 1071 1414 propere
1119 1336 1200 1396 et
1246 1329 1630 1411 CaunioS‚
1679 1355 2146 1418 quamquam
2195 1332 2612 1420 Cibyrata-

308 1462 475 1506 rum
521 1440 1000 1505 asciverant
1043 1439 1386 1519 auxilia‚
1437 1449 1892 1525 coegerunt
1936 1443 2273 1527 imperio
2319 1465 2612 1528 parere

307 1557 391 1615 et
433 1548 942 1633 Mylasenses
987 1547 1764 1632 Alabandenosque,
1817 1551 1949 1634 qui
1992 1550 2615 1618 Euromensium

311 1657 819 1742 provinciam
864 1656 1325 1740 ademptum
1373 1658 1540 1741 ipsi
1587 1659 2020 1724 coniuncto
2082 1661 2451 1725 exercitu
2495 1681 2614 1725 ve-

309 1771 643 1843 nerunt,
714 1765 936 1830 circa
1018 1764 1483 1831 Orthosiam
1562 1767 1735 1831 acie
1814 1767 2212 1848 vicerunt3
2293 1768 2614 1834 edebatur

308 1877 511 1941 enim:
603 1875 738 1956 qui
825 1873 1435 1939 Euromensium
1523 1876 1954 1958 provincia
2041 1875 2429 1960 adempta
2516 1876 2613 1942 ad

312 1986 554 2069 ipsos.
645 1983 720 2047 In
768 1981 990 2047 codice
1038 1983 1132 2047 sic
1176 1981 1516 2048 scribitur:
1587 1983 2118 2066 mylassensis
2176 1983 2616 2050 alabande-

311 2095 553 2175 nique
622 2089 1379 2174 quialabandesium
1448 2093 2116 2157 euroaemensium
2182 2093 2616 2176 provincia

316 2201 777 2284 ademptum
824 2198 923 2263 ad
968 2200 1135 2283 ipsi
1193 2179 1682 2264 coniunctos
1740 2201 2111 2265 exercitu
2156 2206 2279 2266 cet.
2372 2200 2501 2267 Sed
2547 2203 2614 2266 in

313 2309 699 2395 praefatione
744 2307 841 2372 W.
879 2329 919 2372 a
965 2329 1032 2373 se
1079 2308 1450 2373 desciscens
1484 2306 2152 2392 Alabandenique
2188 2330 2222 2374 e
2259 2308 2479 2375 codice
2513 2331 2617 2374 re-

312 2418 692 2505 cipiendum
737 2417 937 2482 fuisse
986 2416 1248 2495 scribit,
1308 2437 1438 2499 quo
1498 2417 1899 2482 nominativo
1948 2419 2278 2484 sententia
2322 2417 2619 2484 funditus

313 2528 577 2595 tollitur
622 2534 690 2593 et
735 2526 1065 2591 evertitur.
1149 2524 1579 2591 Scribendum
1627 2531 1788 2603 erat,
1833 2527 2144 2591 restituta
2168 2534 2368 2592 secta
2411 2529 2619 2592 nomi·

316 2639 419 2704 nis
462 2636 701 2703 forma:
768 2634 1257 2721 Mylasensis
1323 2633 2141 2720 Alabandensisque‚
2203 2636 2355 2718 qui.
2446 2635 2618 2701 Nam

310 2752 639 2826 Ἀλαβανὸεἶς
684 2752 836 2810 sunt
890 2751 965 2810 ut·
1011 2753 1292 2815 Μυλασεῖς
1339 2749 1407 2809 et
1449 2749 1749 2826 Εὗρωμεῖς,
1807 2763 1926 2809 nec
1970 2743 2190 2809 Livius
2232 2745 2404 2809 inter
2447 2744 2615 2809 duas

314 2855 560 2921 formas
605 2875 684 2919 ex
750 2853 949 2919 rectis
997 2852 1241 2918 Graecis
1288 2852 1373 2917 ad
1440 2853 1735 2935 regulam
1790 2853 1857 2916 in
1915 2850 2222 2916 Latinum
2276 2852 2618 2918 traductas

315 2987 515 3030 unam
581 2983 851 3047 pravam
917 2961 1424 3045 interpositurus
1490 2965 1667 3039 erat3
1736 2979 1888 3024 nam
1950 2964 2359 3038 Ἀλαβανῦηνούς
2421 2980 2614 3025 nemo

316 3074 501 3139 dixit.
592 3071 968 3148 LibrariuS,
1031 3092 1229 3154 quum
1276 3068 1529 3133 duabus
1574 3068 1817 3132 litteris
1864 3068 2123 3133 omissis
2167 3067 2616 3133 Alabande-

314 3184 564 3265 nique
634 3180 1010 3264 scripsisset
1070 3184 1136 3243 et
1179 3175 1568 3242 vocabulum
1634 3176 1879 3241 rectius
1926 3175 2210 3241 scribere
2272 3175 2498 3254 vellet,
2546 3180 2619 3241 ut

319 3310 522 3374 saepe,
592 3290 659 3354 in
703 3308 940 3352 novum
995 3306 1282 3363 errorem
1343 3283 1603 3365 incidit,
1661 3290 1736 3349 ut
1776 3283 2414 3349 Alabandesium
2460 3286 2616 3349 scri-

318 3400 507 3466 beret
540 3403 816 3481 propter
851 3394 1491 3460 Euromensium.
1550 3392 1716 3457 Tum
1753 3413 1829 3457 ex
1876 3392 1971 3457 ad
2018 3392 2178 3476 ipsi
2223 3390 2616 3471 faciendum,

315 3506 500 3592 quod
568 3505 893 3571 sententia
956 3504 1252 3584 requirit,
1321 3509 1397 3567 et
1453 3502 1612 3586 ipsi
1660 3500 1765 3583 (ut
1822 3499 2049 3566 Caunii
2107 3506 2175 3566 et
2231 3499 2617 3585 Cibyratae);

319 3622 657 3701 postremo
702 3618 1097 3677 venerant
1141 3610 1577 3689 scribendum,
1623 3615 1701 3674 ut
1746 3609 2311 3692 asciverant.²)

322 3818 418 3826 --

371 3950 424 4015 ¹)
460 3949 646 4003 Etiam
680 3946 939 4015 XXXIX,
979 3949 1062 4014 32,
1097 3949 1131 4002 8
1167 3963 1294 4002 cum
1333 3945 1620 4000 Gronovio
1677 3944 2034 4000 scribendum
2089 3949 2253 4015 puto:
2310 3950 2374 3998 et
2407 3945 2473 3998 hi
2510 3961 2617 3998 re-

458 4034 680 4105 pulsis
726 4034 797 4088 in
843 4049 1030 4102 spem
1085 4032 1519 4101 impetrandi
1572 4030 1846 4086 tandem
1903 4030 2280 4100 aliquando
2335 4029 2619 4084 honoris

460 4120 678 4175 dilati.
752 4118 896 4173 Nam
931 4116 1288 4174 incommode
1323 4118 1401 4171 ibi
1437 4117 1638 4172 modus
1677 4121 1734 4173 et
1770 4134 1937 4172 causa
1964 4116 2253 4172 dilationis
2281 4113 2623 4185 significatur

460 4206 636 4260 altero
673 4205 972 4275 participio
1014 4202 1319 4273 (repulsi)
1356 4203 1709 4272 interposite.

363 4292 420 4359 ²)
461 4288 515 4361 [ἓ
553 4295 584 4346 5
621 4291 833 4347 codicis
870 4289 1107 4357 indici0,
1163 4289 1259 4358 qui
1296 4288 1472 4343 altero
1522 4288 1652 4342 loco
1690 4289 1950 4355 partim
1995 4284 2192 4352 habet,
2243 4285 2329 4339 bis
2374 4285 2620 4354 partim

458 4377 816 4433 scribendum
871 4381 971 4443 est,
1028 4374 1230 4429 deinde
1284 4374 1551 4428 utendum
1605 4373 1874 4428 Gronovii
1928 4372 2281 4439 coniectura,
2339 4388 2462 4441 quse
2513 4369 2623 4423 hoc

460 4465 584 4533 ipso
616 4462 826 4517 indicio
857 4459 1247 4516 confirmatur:
1288 4459 1415 4529 qui,
1454 4475 1593 4529 quae
1634 4461 2022 4529 agerentur,
2062 4456 2325 4511 scirent
2352 4484 2415 4493 —
2452 4453 2623 4510 sace·
