3230 5282
1361 648 1476 708 199
2050 639 2066 663 ⁸
2253 658 2376 711 Lib.
2418 658 2561 712 vm.

295 835 614 915 dissent,
697 838 848 900 iam
887 834 1339 899 .Publilius
1419 833 1636 897 inter
1711 832 2178 915 Palaepolim
2247 831 2562 914 Neapo-

291 944 565 1028 limque
633 945 812 1010 loco
868 949 1327 1029 opportuno
1385 948 1624 1025 capto
1684 940 2127 1006 diremerat
2181 939 2563 1004 hostibus

290 1054 748 1119 societatem
795 1053 1093 1118 auxilii
1139 1051 1409 1116 mutui.
1501 1050 1670 1128 Quid
1716 1054 1938 1133 potest
1982 1049 2346 1133 perversius
2392 1049 2563 1131 cogi·

288 1163 393 1226 tari
439 1182 636 1246 quam
694 1185 845 1241 non,
891 1183 1023 1244 quo
1070 1168 1362 1243 tempore
1409 1158 1809 1242 colloquium
1855 1158 2215 1238 legatorum
2265 1157 2561 1222 habitum

287 1272 383 1349 sit,
448 1272 613 1336 alibi
672 1270 919 1354 aliquid
976 1270 1106 1333 iam
1164 1276 1418 1351 gestum
1464 1268 1749 1345 narrari,
1818 1267 1931 1331 sed
1980 1289 2109 1350 quo
2157 1272 2450 1349 tempore
2495 1266 2561 1329 in

289 1379 383 1443 illo
458 1380 791 1463 colloquio
871 1378 955 1442 ad
1023 1376 1310 1460 superba
1376 1374 1760 1442 Samnitium
1830 1374 2027 1439 verba
2094 1375 2319 1440 statim
2386 1375 2565 1438 iacta

287 1489 767 1572 respondissent
822 1485 1070 1567 aliquid
1133 1486 1454 1549 Romani?
1527 1484 1836 1549 Senserat
1901 1483 2024 1548 hoc
2091 1504 2358 1566 pravum
2420 1503 2564 1545 esse

287 1605 448 1663 vetus
515 1596 776 1679 quidam
833 1595 1076 1672 editor,
1146 1594 1257 1677 qui
1319 1594 1601 1677 primus,
1670 1598 1742 1657 ut
1798 1613 2015 1657 rerum
2059 1613 2189 1656 non
2238 1590 2563 1655 cohoeren-

283 1708 426 1771 tium
496 1706 969 1789 ineptissimam
1035 1702 1522 1786 copulationem
1588 1700 1851 1765 tolleret
1907 1707 1973 1765 et
2028 1700 2222 1765 finem
2281 1699 2564 1781 aliquem

283 1815 578 1898 colloquii
625 1813 989 1878 narrationi
1038 1811 1418 1894 imponeret,
1476 1811 1567 1874 sic
1612 1810 1828 1874 locum
1873 1808 2295 1893 interpolavit
2340 1805 2561 1890 (quam

283 1923 841 2007 interpolationem
907 1918 1480 1985 Drakenborchius
1546 1920 1610 1982 in
1682 1916 1905 1981 multis
1973 1924 2260 1982 veterum
2330 1916 2563 1980 editio-

281 2053 420 2096 num
465 2055 614 2097 esse
661 2030 867 2112 dicit),
913 2052 1043 2094 non
1089 2050 1246 2092 sane
1292 2027 1630 2111 eleganter
1675 2048 1796 2091 nec
1843 2049 1987 2091 cum
2032 2047 2265 2108 magno
2311 2025 2560 2090 fructu:

284 2139 551 2223 Legati
616 2142 1149 2205 Romanorum
1206 2145 1350 2200 tun
1409 2159 1490 2202 se
1544 2173 1632 2181 —
1689 2137 1951 2200 ituros
2012 2156 2190 2200 esse
2250 2154 2561 2215 respou-

284 2250 557 2314 derun.
663 2249 827 2313 Iam
872 2247 1286 2311 Publilius
1345 2253 1466 2311 cet.
1571 2246 1669 2310 Ex
1715 2244 1945 2310 ceteris
1991 2243 2352 2309 editoribus
2397 2266 2563 2309 unus

287 2358 843 2424 Weissenbornius
912 2355 1096 2420 valde
1166 2354 1395 2419 duram
1465 2376 1603 2419 esse
1672 2354 2069 2418 narrationis
2126 2354 2560 2419 continuatio-

283 2491 414 2533 nem
457 2466 816 2533 adnotavit.
905 2465 1108 2530 Nemo
1155 2464 1357 2546 igitur
1401 2463 1877 2541 animadvertit,
1921 2462 2223 2527 lacunam
2269 2464 2372 2527 hic
2418 2486 2559 2529 esse

283 2598 398 2641 non
460 2594 822 2663 paucorum
889 2572 1264 2652 verborum,
1347 2571 1464 2636 sed
1543 2590 1687 2656 quae
1757 2570 2065 2657 colloquii
2131 2571 2304 2637 illius
2374 2571 2561 2655 finiti,

285 2686 424 2750 bclli
470 2684 879 2752 Samnitibus
926 2682 1184 2762 indicti,
1255 2679 1601 2765 Palaepolis
1649 2681 1929 2764 denique
1975 2681 2263 2747 obsideri
2312 2690 2559 2767 coeptae

284 2801 340 2858 et
394 2797 456 2860 in
518 2793 883 2879 periculum
940 2791 1239 2856 adductae
1282 2792 1725 2855 narrationem
1772 2790 2099 2870 hauserit3
2164 2813 2315 2856 nam
2361 2815 2412 2856 c.
2460 2797 2560 2872 22,

285 2909 318 2965 8
369 2904 679 2987 populum
738 2901 977 2966 bellum
1033 2899 1517 2982 Palaepolitanis
1579 2900 1848 2964 iussisse
1904 2898 2211 2981 legimuS,
2280 2899 2387 2964 hic
2431 2901 2557 2965 Pu·
2595 2916 2734 2987 (169)

289 3010 528 3075 blilium
572 3010 890 3075 habemus
936 3009 1065 3073 iam
1126 3009 1663 3071 imminentem
1721 3007 2080 3072 hostium
2126 3009 2373 3072 muris
2420 3031 2565 3073 cum

291 3141 415 3200 spe
470 3118 884 3202 capiendae
943 3117 1019 3180 in
1079 3115 1253 3180 dies
1309 3116 1553 3181 urbis.
1646 3117 1860 3200 Atque
1918 3115 2041 3181 hoc
2088 3138 2289 3199 quum
2336 3123 2566 3200 sponte

287 3227 740 3292 intellexissem
808 3226 903 3290 ita
970 3246 1144 3303 esse,
1213 3224 1421 3289 codex
1489 3226 1775 3290 omnium
1831 3225 2145 3308 optimus,
2215 3224 2566 3306 MediceuS,

288 3336 617 3399 manifesto
675 3340 744 3424 et
799 3333 975 3398 haud
1035 3333 1235 3397 dubio
1296 3332 1535 3397 indicio
1591 3355 1730 3397 rem
1788 3332 2224 3412 confirmavit3
2293 3354 2442 3397 nam
2500 3336 2564 3398 in

288 3465 373 3518 ec,
417 3443 673 3508 omissis
721 3441 935 3506 verbis
981 3441 1248 3507 ituros
1296 3463 1475 3507 csse
1520 3441 2173 3526 respondissent,
2233 3442 2325 3506 sic
2372 3442 2569 3508 verba

289 3551 415 3617 sine
464 3551 600 3616 ulla
644 3557 801 3616 nota
848 3544 1337 3615 continuantur:
1398 3573 1550 3634 quo
1614 3551 2153 3634 imperatores
2212 3552 2333 3615 sui
2380 3552 2476 3616 du
2500 3576 2567 3616 x-

291 3659 547 3723 issent
604 3661 755 3725 iam
811 3659 1256 3739 Publilius;
1323 3660 1389 3723 in
1444 3661 1736 3743 margine
1793 3681 2022 3724 manus
2078 3660 2406 3724 recentior
2451 3662 2569 3726 ad·

293 3769 555 3851 scripsit
617 3771 886 3834 ituros
959 3790 1037 3832 se
1095 3768 1745 3852 respondissent.
1849 3768 2015 3846 Quid
2074 3790 2226 3851 ergo
2285 3771 2427 3833 est?
2495 3771 2568 3834 In

290 3877 500 3941 codice
570 3877 918 3960 archetypo
984 3877 1211 3941 folium
1277 3877 1730 3955 interciderat,
1809 3877 1874 3940 iu
1953 3898 2079 3958 quo
2148 3883 2214 3941 et
2280 3884 2572 3943 extrema

293 4006 438 4067 pars
497 3985 747 4068 periodi
806 4007 848 4050 a
900 3985 1115 4051 verbis
1173 3985 1458 4066 Legati
1517 3985 2044 4051 Romanorum
2113 4007 2346 4066 quum
2413 3986 2570 4051 inci-

295 4093 525 4175 pientis
574 4100 636 4158 et
675 4094 950 4176 reliqua,
997 4112 1141 4177 quoe
1189 4094 1550 4158 desiderari
1598 4094 1750 4173 dixi,
1798 4093 2166 4178 perscripta
2211 4103 2428 4174 erant3
2485 4095 2570 4160 ad

297 4202 615 4265 orationis
667 4202 920 4266 hiatum
988 4211 1321 4283 utcunque
1378 4202 1841 4266 occultandum
1898 4204 2031 4267 tria
2085 4202 2199 4267 illa
2255 4204 2450 4268 verba
2503 4206 2570 4269 in

298 4307 540 4373 codicis
589 4308 859 4375 Medicei
916 4309 1011 4390 (et
1053 4307 1329 4375 fortasse
1396 4312 1525 4375 iam
1580 4312 1647 4375 in
1706 4311 1909 4394 ipsius
1966 4311 2330 4395 archetypi,
2398 4312 2570 4376 facto

298 4415 425 4479 folii
479 4415 738 4499 damno)
799 4418 1089 4499 margine
1134 4418 1450 4484 adnotata
1497 4425 1677 4499 sunt,
1733 4420 1802 4483 in
1858 4419 2082 4485 codice
2139 4425 2359 4485 autem
2404 4420 2454 4484 P
2500 4427 2567 4485 et

298 4526 523 4590 ceteris
593 4523 654 4589 in
705 4528 915 4613 ipsam
971 4527 1331 4593 orationem
1386 4536 1670 4616 recepta.
1781 4527 1856 4593 In
1910 4528 2087 4594 tristi
2141 4529 2401 4595 invento
2449 4526 2563 4612 (ad
