3230 5282
1499 625 1623 686 365
1861 679 1867 685 ,
2103 580 2116 589 ἣ
2378 638 2506 691 Lib.
2545 636 2714 691 xxv.
2783 596 2792 602 ⁴

402 814 725 897 scriptum
807 818 1013 878 esset:
1092 830 1599 894 nequaquam
1676 815 1992 874 tantum
2069 808 2427 873 fructum
2507 830 2715 889 esse,

403 921 617 1005 quod
677 940 970 1004 capere
1030 917 1478 1003 Syracusas
1534 917 1915 998 potnerit,
1987 923 2371 997 qnantum,
2429 916 2496 980 si
2552 937 2716 980 scr-

401 1047 576 1091 vare
642 1029 1077 1112 potuisset.
1205 1027 1426 1091 Livius
1503 1025 1748 1111 ubique
1814 1025 2200 1091 Marcellum
2266 1025 2521 1091 inducit
2588 1026 2717 1091 cle-

403 1141 661 1202 menter
703 1136 1115 1219 loquentem3
1162 1156 1232 1199 re
1279 1134 1543 1216 quidem
1587 1135 1736 1218 ipsa
1783 1135 1948 1199 satis
1995 1133 2354 1200 crudeliter
2396 1135 2465 1198 in
2511 1135 2716 1199 victos

404 1245 750 1310 consuluit.
807 1244 883 1309 In
930 1244 1247 1328 proximis
1294 1242 1510 1307 verbis
1557 1241 1619 1325 (ἓ
1646 1242 1712 1324 8)
1758 1264 1889 1308 non
1935 1248 2159 1326 potest
2201 1263 2357 1307 vera
2401 1264 2546 1308 esse
2577 1242 2718 1310 haec

406 1352 771 1436 copulatio:
853 1358 1214 1436 quaestor
1280 1350 1376 1416 ad
1442 1349 1738 1416 Nasum
1806 1357 1885 1415 et
1949 1350 2515 1436 accipiendam
2579 1373 2717 1435 pe-

404 1461 723 1525 cuniam
787 1461 1096 1542 regiam
1165 1458 1959 1542 custodiendamque
2028 1458 2360 1538 missuS,
2432 1480 2553 1524 nec
2622 1461 2716 1526 ad

405 1566 698 1633 Nasum
742 1569 960 1633 mitti
1008 1568 1088 1633 de
1135 1574 1324 1652 parte
1370 1567 1576 1646 urbiS,
1624 1588 1819 1650 quam
1865 1568 2013 1651 quis
2058 1567 2441 1650 ingreditur,
2484 1568 2717 1635 Latine

404 1676 667 1741 dicitur.
770 1675 1197 1742 Scribendum
1254 1675 1542 1740 videtur:
1601 1676 1969 1753 Quaestor
2011 1674 2306 1740 Nasum
2362 1676 2459 1741 ad
2504 1681 2716 1743 acci-

405 1784 782 1868 piendam
827 1784 1256 1868 pecuniam
1302 1790 1427 1848 cet.
1497 1783 1704 1848 Paulo
1748 1790 1901 1867 post
1934 1781 1995 1865 (ἓ
2026 1782 2130 1864 11)
2166 1783 2505 1849 scribitur:
2552 1786 2717 1853 Hoc

405 1894 741 1958 maxime
803 1892 1032 1957 modo
1092 1892 1515 1975 Syracusae
1573 1897 1860 1975 captae,
1931 1893 2009 1955 in
2081 1891 2377 1972 quibus
2433 1896 2716 1977 praedae

403 2006 716 2066 tantum
782 2000 971 2079 fuit,
1042 2008 1429 2084 quantum
1498 2000 1625 2063 vix
1693 2006 1938 2084 capta
1993 1997 2487 2083 Carthagine
2553 2008 2718 2069 tum

406 2106 742 2187 fuisset,
825 2129 996 2172 cum
1076 2129 1229 2192 qua
1307 2107 1630 2172 viribus
1699 2107 1947 2191 aequis
2016 2107 2510 2176 certabatur.
2631 2113 2719 2178 Et

406 2215 804 2300 perobscure
883 2217 1128 2281 dicitur
1202 2222 1366 2280 tum
1446 2215 1587 2296 (illo
1653 2217 1799 2300 ipso
1865 2215 2192 2300 tempore)
2262 2222 2329 2281 et
2394 2219 2720 2285 inutiliter

410 2324 749 2390 adhaerent
814 2324 961 2389 illa:
1042 2346 1212 2389 cum
1280 2344 1438 2407 qua
1503 2323 1822 2388 viribus
1891 2325 2138 2405 aequis
2204 2326 2717 2408 certabatur,

406 2441 702 2517 tempore
777 2433 911 2497 iam
977 2431 1365 2514 significato.
1488 2432 1743 2515 Aperta
1821 2433 1947 2497 erit
2023 2434 2353 2498 sententia
2430 2441 2718 2520 aptaque

408 2543 650 2621 oratio,
718 2540 982 2606 sublato
1042 2540 1528 2605 additamento:
1601 2547 1992 2623 quantum
2051 2542 2177 2605 vix
2234 2548 2478 2626 capta
2533 2543 2719 2611 Car-

407 2650 746 2734 thagine
827 2657 988 2715 tum
1067 2647 1404 2726 fuisset,
1487 2668 1658 2712 cum
1726 2647 2023 2732 (quum)
2088 2650 2404 2716 viribus
2471 2657 2719 2738 aequis

410 2758 922 2837 certabatur,
989 2756 1116 2821 hoc
1184 2762 1313 2821 est:
1396 2756 1452 2821 si
1517 2755 1631 2820 illo
1689 2763 2016 2840 tempore,
2084 2779 2285 2839 quum
2330 2762 2531 2825 etiam
2577 2767 2720 2828 tum

409 2867 656 2932 viribus
702 2867 903 2947 aequis
947 2864 1192 2929 bellum
1238 2863 1512 2946 gerebat
1554 2863 1909 2948 stabatque
1956 2865 2224 2950 opibus,
2283 2876 2483 2951 capta
2527 2877 2723 2950 esset,

409 2997 542 3042 non
587 2981 842 3058 postea,
902 2994 1105 3058 quum
1148 2971 1365 3037 fracta
1409 2973 1542 3036 iam
1588 2980 1656 3037 et
1700 2971 1928 3037 multis
1975 2972 2273 3038 cladibus
2318 2974 2720 3059 tributisque

411 3084 733 3148 exhausta
774 3084 842 3146 in
888 3082 1335 3146 Romanorum
1381 3086 1784 3163 potestatem
1828 3082 2027 3146 venit.

585 3188 743 3272 Cap.
794 3193 903 3269 32,
968 3193 1003 3252 3
1051 3187 1431 3272 (postquam
1482 3188 1562 3252 de
1606 3188 1678 3252 P.
1725 3195 1793 3252 et
1838 3185 1953 3253 Cn.
2002 3188 2380 3274 Scipionum
2425 3193 2714 3259 consiliis
2753 3198 2895 3265 (299)

411 3298 571 3365 belli
650 3299 715 3362 in
782 3296 1110 3380 Hispania
1176 3295 1447 3361 finiendi
1516 3295 1766 3360 dictum
1813 3296 1971 3378 est):
2066 3305 2143 3363 et
2209 3301 2414 3364 satis
2483 3300 2578 3365 ad
2645 3300 2724 3365 id

411 3408 704 3472 virium
777 3404 1223 3470 credebant
1291 3405 1747 3469 accessisse
1802 3406 2105 3487 viginti
2166 3408 2425 3472 millia
2470 3405 2724 3473 Celti-

412 3515 786 3580 berorum
833 3534 924 3578 ea
964 3512 1225 3577 hieme
1272 3512 1367 3577 ad
1413 3533 1637 3576 arma
1681 3514 1967 3578 excita.
2059 3515 2245 3580 Tum
2290 3521 2465 3581 tres
2511 3537 2727 3581 exer-

414 3625 634 3688 citus
692 3629 941 3687 erant.
1044 3619 1510 3686 Hasdrubal
1559 3621 1945 3702 Gisgonis
1990 3619 2230 3688 filius
2277 3631 2404 3688 cet.
2493 3623 2728 3709 Inepta
2809 3645 2810 3648 ’

416 3739 521 3796 est
576 3733 642 3796 in
699 3730 984 3795 transitu
1042 3729 1126 3793 ad
1174 3728 1454 3793 alteram
1500 3733 1758 3811 partem
1805 3729 2112 3813 (Poenos)
2158 3732 2476 3815 temporis
2522 3734 2727 3816 parti-

417 3839 567 3904 cula
611 3837 845 3921 (tum).
957 3837 1191 3920 Itaque
1247 3838 1315 3901 in
1372 3835 1755 3918 vulgaribus
1815 3836 2216 3902 editionibus
2274 3860 2394 3923 pro
2451 3841 2730 3904 excita

416 3954 578 4013 tum
635 3946 948 4012 scribitur
1003 3946 1402 4020 excitata,
1462 3944 1663 4009 verbo
1720 3965 1850 4009 non
1906 3951 2107 4010 recto.
2221 3945 2349 4012 Sed
2407 3954 2730 4032 praeterea

417 4055 1027 4120 manifestissimum
1073 4060 1203 4130 est,
1268 4053 1364 4116 sic
1406 4051 1534 4117 hoc
1581 4053 1743 4148 dici:
1812 4059 1980 4118 tres
2026 4055 2450 4121 exercitus
2497 4061 2729 4121 erant

418 4162 609 4245 (sive:
679 4171 839 4227 tum
899 4167 1069 4226 tres
1127 4183 1238 4226 ex.
1286 4159 1444 4241 er.),
1513 4166 1588 4225 ut
1643 4183 1776 4226 non
1833 4163 2047 4245 possit
2089 4162 2220 4227 nisi
2267 4162 2352 4228 ad
2397 4164 2730 4229 Romano-

417 4293 590 4349 rum,
661 4270 739 4335 de
785 4268 1024 4353 quibus
1067 4268 1386 4334 hactenus
1433 4268 1684 4334 dictum
1729 4275 1862 4348 est,
1929 4269 2462 4336 distributionem
2509 4273 2730 4355 copia-

416 4402 566 4444 rum
612 4378 1078 4443 declarandam
1122 4376 1555 4460 (perbreviter
1601 4375 1867 4460 quidem
1912 4384 1980 4443 et
2024 4378 2332 4463 abrupte)
2378 4380 2729 4463 pertinere.

418 4487 508 4553 Et
575 4495 797 4553 tamen
865 4485 1085 4552 subito
1154 4485 1558 4551 obiiciuntur
1612 4484 1997 4551 Hasdrubal
2050 4493 2330 4570 uterque
2388 4493 2456 4552 et
2511 4485 2728 4569 Mago,
