3230 5282
599 590 726 645 Lib.
764 589 965 643 XXIII.
1697 577 1819 638 320

603 768 743 826 tum
803 782 952 843 esse
1001 762 1065 824 in
1126 759 1552 845 Campaniam
1608 783 1851 826 versus.
1955 762 2249 845 Apparet
2306 761 2508 826 etiam
2565 782 2644 824 ex
2701 760 2917 825 activa

602 869 787 934 verbi
830 869 1058 953 forma,
1115 870 1485 934 nominatos
1530 868 1755 949 fuisse,
1817 870 1931 953 qui
1977 870 2422 948 nuntiassent3
2481 888 2697 950 neque
2744 868 2917 932 enim

602 978 1093 1042 nuntiarunt
1137 999 1255 1060 pro
1300 979 1758 1042 nuntiatum
1804 985 1944 1056 est,
1991 982 2066 1041 ut
2099 978 2290 1059 vulgo
2326 976 2622 1041 homines
2658 976 2916 1041 intelle-

602 1091 858 1167 gantur,
895 1084 1115 1149 Livius
1163 1084 1377 1150 dicere
1425 1086 1594 1151 solet
1641 1092 1755 1150 aut
1798 1085 1906 1149 hic
1955 1084 2250 1149 dicturus
2296 1090 2456 1149 erat.
2553 1084 2631 1148 Id
2674 1105 2915 1148 nomen

604 1193 744 1267 erui
812 1200 972 1275 puto
1042 1193 1204 1257 satis
1275 1200 1459 1258 certa
1525 1195 1907 1258 coniectura
1976 1213 2170 1276 posse
2238 1214 2317 1257 ex
2377 1193 2914 1275 nimisaccipi.

603 1300 836 1383 Itaque
897 1301 983 1365 ad
1038 1300 1206 1366 hanc
1252 1300 1532 1367 formam
1578 1302 1834 1365 Livium
1878 1301 2221 1385 scripsisse
2268 1302 2529 1383 opinor:
2590 1321 2828 1384 quum
2876 1321 2959 1370 a.

605 1408 898 1473 Casino
970 1408 1459 1473 dictatorem
1515 1410 1589 1472 R.
1648 1409 2185 1492 legionesque
2256 1409 2534 1473 venire
2595 1407 2916 1470 Numida

605 1516 746 1578 clii
806 1518 1357 1581 nuntiassent.
1460 1518 1698 1598 Vagati
1746 1516 2049 1581 Numidae
2107 1523 2294 1581 erant
2351 1515 2433 1580 ad
2493 1514 2917 1599 speculanda,

605 1644 748 1705 quae
797 1624 975 1715 apud
1022 1625 1358 1689 Romanos
1405 1624 1851 1707 agerentur.¹)

422 1741 571 1809 (263)
781 1729 939 1814 Cap.
1013 1736 1120 1810 18,
1202 1736 1237 1795 5
1319 1731 1429 1812 (de
1509 1733 2000 1815 oppugnatione
2083 1730 2415 1811 Casilini):
2494 1732 2914 1797 Postremo

602 1839 1035 1918 Hannibal,
1084 1841 1388 1905 castris
1435 1848 1628 1905 ante
1674 1840 1852 1922 ipsa
1896 1841 2219 1905 moenia
2264 1840 2693 1923 oppositis,
2739 1860 2916 1923 par-

603 1968 771 2011 vam
838 1948 1115 2012 urbem
1175 1983 1257 1992 —-—
1312 1969 1781 2031 oppugnare
1849 1954 2104 2031 parat.
2219 1947 2455 2012 Castra
2522 1969 2655 2012 non
2712 1967 2917 2031 oppo-

602 2060 868 2134 nuntur,
925 2056 1050 2120 nisi
1097 2076 1242 2137 quae
1288 2055 1467 2121 hosti
1513 2057 1820 2139 progredi
1866 2057 2132 2122 conanti
2178 2054 2610 2134 obiiciuntur3
2680 2055 2748 2119 in
2792 2054 2916 2119 tali

602 2183 705 2240 re,
776 2162 989 2245 qualis
1056 2163 1163 2227 hic
1231 2169 1571 2239 narratur,
1642 2164 1833 2242 alibi,
1903 2166 1968 2227 ni
2026 2163 2250 2243 fallor,
2321 2183 2577 2246 semper
2637 2168 2919 2227 castra

604 2276 788 2334 ante
856 2272 1036 2353 ipsa
1090 2272 1406 2335 moenia
1462 2272 1737 2354 posita
1794 2272 2123 2337 dicuntur.
2227 2272 2492 2349 Vereor,
2538 2291 2621 2335 ne
2669 2293 2763 2353 op
2811 2291 2917 2335 or-

603 2382 743 2441 tum
812 2377 898 2442 sit
971 2398 1049 2441 ex
1109 2378 1554 2461 geminatione
1614 2378 1852 2444 litterae
1907 2400 1943 2459 p
2002 2386 2066 2444 et
2126 2378 2520 2461 praecedenti
2578 2396 2630 2441 a.
2743 2376 2917 2459 [Po-

605 2484 797 2549 sitis
844 2484 996 2548 Lov.
1045 2483 1134 2567 4.]

777 2590 932 2675 Cap.
986 2596 1081 2674 19,
1134 2599 1240 2658 18:
1304 2615 1471 2659 cum
1517 2595 1769 2660 titulo
1816 2630 1898 2639 —
1945 2595 2368 2678 inscriptO,
2416 2593 2500 2658 M.
2541 2593 2916 2657 Anicium

604 2720 743 2782 pro
802 2700 1204 2766 militibus
1262 2738 1345 2748 -—
1388 2710 1655 2767 votum
1710 2704 2045 2768 vovisse.
2137 2701 2186 2765 P
2248 2701 2916 2767 uotumuoluisse.

601 2806 1025 2889 Significatur
1069 2818 1339 2875 votum
1384 2809 1729 2873 solvisse.
1833 2810 2226 2893 Inscriptum
2272 2817 2444 2875 erat:
2513 2809 2599 2874 M.
2650 2810 2918 2874 Anicius

599 2950 689 2962 —-
732 2923 952 2984 votum
998 2917 1193 2983 solvit
1239 2918 1475 2984 lubens
1520 2919 1777 2982 merito.
1869 2916 2114 2998 (1862.)

773 3022 967 3108 *Cap
1037 3029 1146 3105 20,
1220 3029 1287 3089 6:
1358 3025 1620 3106 (Patres
1697 3025 1975 3089 Romani
2043 3024 2401 3106 Petelinos)
2484 3024 2916 3091 consulere

602 3132 931 3197 sibimet
986 3133 1209 3216 ipsos
1257 3134 1335 3198 in
1390 3133 1802 3216 reliquum
1847 3133 2237 3215 praesenti
2284 3132 2620 3198 fortuna
2668 3133 2918 3197 iusse-

601 3245 804 3304 runt.
907 3240 1081 3318 Quid
1150 3241 1237 3305 sit
1295 3240 1729 3306 consulere
1791 3240 1951 3306 sibi
2008 3241 2399 3324 praesenti
2456 3240 2796 3307 fortuna
2853 3246 2919 3305 et

603 3345 776 3427 quod
822 3346 946 3411 hoc
992 3347 1263 3412 ablativi
1308 3369 1542 3431 genus,
1603 3347 1822 3413 doceri
1879 3348 2089 3412 velim.
2193 3348 2338 3413 Nisi
2393 3348 2459 3412 id
2507 3348 2581 3412 fit
2626 3348 2772 3428 (nec
2817 3346 2919 3411 fu-

601 3459 824 3517 turum
870 3455 1101 3538 opinor
1144 3456 1266 3534 ita,
1334 3462 1410 3519 ut
1455 3457 1762 3520 assentiri
1808 3455 2102 3539 possim),
2151 3456 2405 3520 Livium
2450 3455 2663 3520 dicam
2712 3455 2920 3538 scrip-

603 3561 768 3625 sisse
835 3580 965 3641 μιν
1035 3562 1421 3645 praesenti
1479 3561 1849 3634 fortuna,
1917 3563 2040 3628 hoc
2098 3570 2223 3642 est,
2293 3570 2367 3627 ut
2426 3584 2719 3646 praesens
2782 3562 2916 3627 for-

662 3751 707 3817 ¹)
744 3751 909 3820 *Cap
952 3754 1041 3820 16,
1093 3755 1154 3808 16
1197 3754 1463 3808 mendum
1513 3754 1723 3808 frustra
1768 3763 2093 3809 excusatum
2132 3772 2437 3824 coarguere
2473 3773 2739 3824 possum,
2795 3772 2916 3809 eor-

738 3837 921 3904 rigere
956 3839 1327 3906 probabiliter
1362 3857 1477 3894 non
1512 3857 1760 3909 possum.
1844 3838 2039 3909 Neque
2076 3840 2444 3895 vincentes
2483 3840 2746 3909 intellegi
2784 3856 2915 3908 pos·

744 3927 879 3975 sunt
913 3923 1042 3990 illi,
1091 3924 1204 3992 qui
1244 3925 1379 3977 tuni
1417 3925 1761 3991 vicerunt,
1812 3926 2017 3979 omissa
2053 3943 2190 3980 voce
2226 3925 2468 3980 maxime
2505 3924 2823 3979 necessaria
2862 3929 2921 3979 et

687 4013 696 4020 ‘
742 4007 931 4075 posito
988 4025 1162 4076 pravo
1221 4015 1498 4079 tempore,
1553 4027 1735 4079 neque
1782 4012 2010 4065 omnino
2056 4012 2412 4065 vincentes
2462 4011 2769 4080 appellari,
2827 4008 2922 4077 qui

742 4108 857 4154 non
900 4094 1155 4147 vicerant
1201 4093 1371 4163 (quod
1415 4100 1620 4163 postea
1670 4095 1892 4149 demum
1937 4095 2150 4150 factum
2192 4095 2327 4162 est),
2383 4095 2482 4149 sed
2520 4093 2922 4149 tantummodo

745 4176 882 4230 victi
916 4194 1031 4230 non
1070 4186 1253 4247 erant,
1311 4185 1369 4233 et
1415 4180 1650 4235 ridicule
1695 4181 1922 4235 omnino
1959 4180 2406 4235 vincentibus
2445 4179 2674 4234 difficile
2713 4179 2924 4233 dicitur

745 4279 864 4315 esse
918 4280 1049 4316 non
1103 4264 1303 4319 vinci.
1404 4265 1649 4319 Venerat
1702 4265 1760 4318 in
1815 4271 2085 4319 mentem:
2140 4264 2291 4319 Non
2347 4266 2540 4320 vinci
2597 4264 2784 4318 enim
2839 4264 2923 4316 ab

744 4347 1129 4402 Hannibale
1203 4348 1486 4404 vincere
1549 4350 1989 4410 discentibus
2054 4349 2436 4405 difficilius
2503 4350 2572 4403 fu
2602 4351 2658 4403 it
2727 4365 2926 4417 quam

747 4439 991 4500 postea
1026 4434 1331 4488 vincere.
