3230 5282
1472 577 1593 637 523
2270 590 2392 644 Lib.
2430 591 2680 646 xxxvl.

370 779 666 836 muroS,
727 777 884 840 qua
939 792 1021 803 ·-—
1078 755 1647 839 habitabatur,
1704 759 1810 824 Ti.
1871 759 2340 844 Sempronio
2397 762 2671 845 Longo
2711 779 2848 845 (421)

371 864 995 950 oppugnandam
1051 865 1282 934 dedit
1340 867 1782 948 regionem3
1852 888 1892 931 a
1938 869 2114 932 sinu
2159 867 2510 935 Maliaco
2556 879 2679 936 cet.

373 974 669 1057 Apparet
713 973 780 1036 in
825 971 1068 1037 illustri
1112 973 1410 1057 exemplo
1456 973 1691 1055 (eaque
1737 975 1883 1057 ipsa
1929 995 2130 1039 causa
2176 976 2334 1041 mihi
2380 976 2507 1043 fuit
2552 978 2680 1044 loci

373 1077 927 1146 commemorandi
1019 1081 1587 1164 suspicionemque
1676 1082 2002 1146 incertam
2080 1104 2208 1148 non
2289 1085 2679 1168 premendi),

371 1208 567 1270 quam
613 1185 961 1251 molestum
1010 1188 1123 1265 sit,
1186 1187 1363 1270 quod
1409 1209 1623 1271 neque
1667 1189 1734 1252 in
1782 1188 2054 1269 singulis
2100 1189 2261 1255 locis
2307 1191 2372 1256 M
2419 1192 2681 1276 plenam

370 1291 882 1378 continuamque
946 1295 1340 1378 scripturam
1384 1303 1566 1360 certa
1609 1295 1738 1359 fide
1786 1303 2119 1361 enotatam
2165 1297 2512 1377 habemus,
2581 1301 2679 1364 in·

371 1401 623 1481 dicatis,
682 1402 737 1466 si
783 1422 925 1483 quae
973 1401 1299 1485 ambigua,
1355 1423 1564 1482 erasa,
1622 1423 1825 1487 supra
1872 1405 2139 1488 scripta,
2199 1413 2497 1471 correcta
2541 1407 2678 1473 fue-

369 1516 555 1587 runt,
625 1530 836 1592 neque
896 1510 1101 1574 totius
1149 1509 1393 1574 codicis
1438 1511 1951 1595 mendorumque
1998 1511 2222 1577 formae
2267 1515 2680 1597 perspicuam

369 1618 719 1700 imaginem
764 1617 981 1682 animo
1030 1617 1580 1699 comprehendere
1626 1620 2062 1701 possumuS.¹)

541 1723 694 1808 Cap.
746 1727 846 1803 25,
898 1729 953 1788 7.
1026 1722 1265 1789 Consul
1313 1724 1647 1790 Romanus
1694 1725 2068 1809 Philippum
2114 1747 2331 1808 regem
2383 1728 2678 1794 Lamiam

369 1838 857 1915 oppugnantem
927 1838 993 1897 et
1062 1832 1141 1896 de
1209 1831 1544 1897 deditione
1614 1854 1761 1897 cum
1820 1833 2171 1916 oppidanis
2231 1841 2533 1916 agentem
2594 1837 2676 1902 ab

370 1940 860 2023 oppugnatione
939 1939 1253 2004 desistere
1322 1940 1545 2005 iussit:
1631 1942 1934 2024 aequius
2014 1961 2198 2005 esse
2279 1942 2677 2009 Romanos

368 2047 713 2126 milites,
773 2048 906 2131 qui
960 2047 1133 2111 acie
1181 2046 1713 2113 dimicassent
1760 2069 1925 2113 cum
1970 2048 2294 2125 AEtolis‚
2352 2052 2680 2131 praemia

369 2155 735 2218 victoriae
790 2154 1107 2219 habere.
1219 2155 1366 2219 Non
1423 2144 1688 2220 tantum'
1740 2178 1886 2221 cum
1947 2156 2214 2235 AEtolis‚
2284 2156 2429 2236 sed,
2499 2158 2678 2239 quod

371 2271 570 2345 caput
627 2261 1070 2326 dimicationis
1128 2269 1194 2326 et
1246 2262 1535 2326 victoriae
1594 2271 1766 2342 erat,
1836 2285 1982 2328 cum
2027 2262 2370 2328 Antiocho.
2481 2264 2557 2328 In
2612 2265 2678 2329 M

295 2453 301 2457 ,
371 2378 514 2434 erat
571 2391 800 2453 quam
856 2370 1202 2448 AEtolos,
1270 2391 1608 2453 perverse;
1680 2371 1964 2436 debebat
2031 2372 2203 2436 enim
2262 2371 2389 2435 dici
2449 2392 2678 2454 quam

367 2477 871 2542 Macedonas.
993 2476 1120 2540 Sed
1165 2498 1266 2540 ex
1322 2498 1523 2560 pravo
1582 2478 1697 2542 illo
1758 2478 2216 2561 supplemento
2274 2478 2358 2542 ad
2416 2479 2678 2563 explen-

373 2583 523 2649 dam
580 2585 1138 2669 comparationem
1185 2583 1411 2649 addito
1459 2592 1675 2671 ortum
1723 2584 2008 2664 videtur,
2078 2584 2252 2668 quod
2308 2588 2510 2651 ceteri
2569 2607 2677 2652 co-

369 2692 547 2758 dices
592 2692 874 2770 habent,
945 2693 1298 2776 Liviusque
1356 2698 1619 2757 tantum
1676 2695 2053 2776 scripsisse:
2123 2694 2425 2776 sequius
2483 2715 2674 2772 esse,

368 2802 761 2866 Romanos
842 2800 1180 2877 milites,
1262 2801 1396 2881 qui
1470 2802 1644 2866 acie
1714 2802 2271 2877 dimicassent,
2354 2804 2677 2884 praemia

366 2910 739 2973 victoriae
783 2907 1098 2971 habere.
1201 2906 1620 2973 Commodius
1680 2908 1948 2990 praeda
1993 2914 2060 2971 et
2107 2908 2322 2971 acies
2369 2911 2666 2974 universe
2705 2926 2848 2995 (422)

368 3017 542 3081 inter
598 3036 667 3080 se
725 3014 1130 3093 referuntur,
1198 3037 1329 3079 non
1375 3014 1633 3092 addito,
1705 3014 2096 3097 quibuscum
2154 3023 2511 3097 pugnatum
2571 3018 2674 3080 sit.

372 3122 530 3204 (cfr.
578 3143 724 3204 quae
770 3123 856 3187 ad
901 3122 1224 3202 XXXVII,
1272 3127 1372 3198 30,
1421 3126 1458 3184 2
1507 3120 1858 3201 dicentur.)

544 3228 718 3314 Cap,
752 3234 863 3308 28,
935 3235 971 3293 6
1030 3230 1123 3310 (in
1180 3230 1286 3294 M.’
1332 3229 1526 3292 Acilii
1586 3229 1885 3293 oratione
1944 3228 2029 3293 ad
2073 3228 2443 3293 AEtolorum
2502 3230 2676 3314 lega·

370 3339 535 3419 tos):
604 3337 925 3420 Itaque,
985 3339 1062 3401 ni
1120 3357 1471 3420 propere
1526 3336 1669 3414 fit,
1730 3335 1941 3419 quod
2000 3337 2332 3419 imper0‚
2388 3338 2679 3403 vinciri

370 3468 508 3511 vos
565 3447 719 3509 iam
774 3445 1034 3510 iubeo.
1149 3445 1338 3534 Quod
1393 3444 1574 3509 verbi
1632 3451 1891 3526 tempus
1950 3465 2151 3507 uuum
2207 3445 2274 3507 in
2334 3444 2455 3508 tali
2502 3466 2678 3511 com-

371 3553 729 3616 minatione
786 3574 932 3617 cum
989 3552 1318 3636 particula
1373 3554 1526 3617 iam
1582 3552 1888 3633 coniungi
1933 3558 2112 3615 recte
2157 3558 2406 3634 potest,
2475 3551 2678 3618 habet

371 3659 454 3724 B:
513 3661 670 3723 iam
715 3659 1036 3725 iubebo.
1129 3660 1252 3740 (De
1298 3660 1365 3724 M
1409 3658 1719 3738 tacetur.)
1822 3658 1960 3722 Nec
2023 3658 2172 3724 ideo
2230 3680 2358 3723 non
2407 3682 2678 3743 prorsus

342 3767 662 3849 ·legitime
719 3768 784 3831 in
834 3769 1218 3833 condicione
1265 3790 1553 3852 praesens
1599 3767 1869 3849 ponitur
1914 3765 1992 3830 de
2040 3787 2144 3845 eo,
2207 3768 2386 3848 quod
2430 3769 2561 3831 iam
2606 3768 2680 3832 fit

434 4005 483 4070 ¹)
521 4003 575 4057 C.
622 4006 714 4070 24,
767 4007 800 4057 2
845 4004 1108 4072 quoniam
1166 4020 1357 4057 eorum
1415 4003 1699 4068 codicum,
1756 4002 1850 4068 qui
1908 4007 2398 4070 exspectantes
2451 4003 2678 4069 habent,

512 4090 771 4157 princeps
828 4088 913 4155 (B)
971 4095 1164 4156 aperto
1228 4086 1434 4141 mendo
1497 4088 1708 4141 iussit
1762 4087 1996 4152 omittit,
2067 4087 2382 4156 sequendus
2435 4087 2520 4154 M,
2584 4090 2680 4156 qui

469 4162 713 4227 'habet2
770 4172 860 4225 Ti.
902 4170 1391 4241 Sempronium
1440 4179 1678 4227 tenere
1723 4173 2037 4226 intentos
2082 4173 2340 4226 milites
2382 4173 2680 4241 signum·

513 4276 639 4326 que
685 4265 1054 4326 expectare
1091 4258 1306 4311 iussit
1342 4258 1575 4326 (ipsum,
1625 4263 1712 4322 ut,
1759 4273 1930 4324 quum
1968 4258 2298 4325 accepisset,
2347 4273 2679 4325 procurrere

515 4342 721 4395 milites
775 4342 1027 4405 iuberet).
1116 4341 1378 4396 Intentus
1433 4348 1491 4395 et
1542 4347 1772 4410 paratus
1825 4348 2046 4395 tenetur
2097 4341 2283 4406 miles,
2347 4348 2678 4410 exspectans

515 4427 698 4481 teneri
733 4427 827 4479 vix
861 4432 1016 4479 recte
1053 4426 1273 4480 dicitur.
