3230 5282
593 617 715 672 Lib.
752 616 925 672 XLII.
1688 606 1810 669 652

594 790 1154 857 Alexandrum
1198 792 1650 870 vocabant,
1706 792 2146 859 naturalis
2207 799 2411 858 erat.
2503 789 2757 858 Codex:
2801 787 2895 855 fi-

594 898 757 965 lios
803 898 1022 981 duos,
1069 901 1301 965 cuius
1346 899 1472 965 vel
1510 920 1849 983 quorum
1888 923 2084 986 pars
2129 900 2584 985 Philippus
2628 904 2770 978 cet„
2816 918 2896 963 ex

596 1028 727 1092 quo
757 1008 929 1086 „alia
961 1008 1215 1074 Livium
1252 1009 1595 1093 scripsisse
1628 1015 1830 1093 atque
1867 1009 2061 1093 vulgo
2099 1010 2460 1094 legantur“‚
2485 1012 2667 1074 recte
2689 1006 2898 1072 Weis-

597 1115 987 1184 senbornius
1017 1116 1362 1196 iudicavit3
1411 1118 1775 1201 scripserat
1810 1125 2045 1197 autem,
2091 1118 2341 1202 opinor,
2386 1119 2507 1183 sic:
2550 1152 2637 1163 —
2664 1115 2898 1182 filios

597 1224 836 1305 duos,
884 1226 1124 1291 cuius
1169 1225 1379 1308 paris
1423 1224 1876 1310 Philippus
1936 1233 2243 1293 natura
2286 1225 2592 1306 frater,
2637 1224 2899 1308 adop-

594 1335 828 1400 tione
887 1332 1162 1414 filius,
1218 1336 1482 1400 minor
1527 1341 1650 1401 cet.
1739 1335 1897 1400 Par
1942 1334 2226 1400 filiorum
2272 1342 2530 1419 patrem
2575 1333 2900 1418 cingebat.

596 1440 918 1527 Corrupto
964 1444 1201 1528 paris
1245 1444 1539 1522 nomine,
1577 1461 1779 1527 quum
1825 1444 2061 1509 cuius
2100 1444 2187 1509 ad
2230 1442 2474 1509 filios
2511 1443 2719 1508 duos
2754 1442 2902 1506 viti-

595 1571 708 1618 ose
752 1551 986 1617 referri
1029 1550 1395 1627 videretur,
1453 1551 1686 1618 addita
1740 1553 2117 1618 coniectura
2162 1559 2294 1618 est:
2340 1552 2472 1617 vel
2539 1571 2901 1636 quorum.

595 1659 974 1744 Philippum
1017 1660 1329 1725 maiorem
1373 1658 1594 1739 fuisse,
1640 1667 1874 1726 notata·
1915 1662 1985 1726 in
2032 1659 2244 1727 altero
2292 1667 2455 1726 aetas
2483 1660 2645 1726 satis
2679 1666 2899 1725 osten-

597 1767 814 1848 debat,
863 1775 939 1832 ut
984 1769 1199 1834 omitti
1244 1769 1506 1852 mssaior
1549 1775 1731 1834 recte
1776 1776 2017 1854 posset.

771 1875 929 1961 Cap.
979 1880 1078 1956 53,
1129 1882 1198 1941 1:
1266 1877 1519 1955 Quum
1579 1898 1725 1961 per
1770 1897 2078 1944 omnem
2126 1877 2599 1943 orationem
2646 1874 2901 1958 (Persei

597 1985 776 2070 apud
820 1983 1206 2068 exercitum)
1267 1987 1480 2051 satis
1523 1986 1968 2072 frequenti
2013 1985 2382 2050 adsensu
2430 1985 2903 2051 succlama-

596 2100 760 2160 tum
807 2100 1042 2173 esset,
1089 2100 1259 2159 tum
1300 2114 1488 2161 vero
1534 2115 1629 2161 ea
1662 2094 2169 2160 vociferatio
2207 2092 2440 2158 simul
2474 2092 2905 2176 indignan-

596 2205 793 2268 tium
857 2203 1579 2286 minitantiumque
1644 2238 1732 2248 —
1797 2209 2079 2268 exorta
2135 2208 2287 2281 est,
2334 2208 2419 2267 ut
2465 2207 2591 2267 cet.
2679 2199 2906 2281 Miror,

597 2312 710 2393 qui
757 2331 980 2376 omnes
1027 2309 1361 2391 fefellerit,
1409 2318 1562 2396 post
1606 2319 1768 2377 tum
1821 2331 2007 2376 vero
2056 2309 2419 2376 desiderari
2465 2310 2606 2375 eius
2648 2315 2906 2394 tempo·

596 2420 686 2482 ris
734 2419 959 2502 puncti
1005 2418 1577 2501 significationem,
1642 2442 1776 2505 quo
1837 2440 2091 2486 summa
2145 2418 2532 2485 vociferatio
2594 2424 2744 2485 orta
2813 2418 2902 2484 sit
3007 2405 3016 2414 ⁴

598 2525 1023 2608 (contrariam
1077 2526 1240 2592 illis:
1310 2549 1449 2612 per
1515 2549 1815 2594 omnem
1881 2526 2382 2609 orationem);
2448 2546 2668 2610 neque
2723 2528 2903 2591 enim

596 2641 756 2701 tum
801 2657 984 2702 vero
1032 2643 1135 2703 est
1176 2644 1339 2702 tum
1384 2660 1564 2705 vero
1609 2645 1802 2716 tum,
1850 2638 2025 2721 quod
2069 2637 2282 2722 ipsum
2325 2634 2603 2701 ridicule
2651 2633 2905 2702 dicere-

596 2752 722 2810 tur.
811 2745 1076 2811 Excidit
1119 2746 1346 2829 igitur:
1415 2746 1512 2812 ad
1567 2746 1729 2811 haec
1788 2753 2150 2812 extrema
2208 2752 2326 2810 aut
2370 2744 2581 2810 simile
2625 2743 2900 2829 aliquid.

766 2853 920 2939 Cap.
970 2860 1069 2935 54,
1116 2859 1153 2920 3
1201 2853 1310 2936 (de
1357 2855 1848 2940 oppugnatione
1895 2853 2121 2940 oppidi
2164 2852 2548 2938 Mylarum):
2617 2852 2907 2919 Multi-

593 2962 787 3028 tudo
831 2961 1352 3029 Macedonum
1396 2963 1498 3028 ad
1543 2962 2046 3028 subeundum
2081 2963 2160 3026 in
2206 2962 2454 3027 vicem
2498 2961 2905 3045 proelium

592 3070 810 3137 haud
856 3071 1334 3136 difficulter
1379 3070 1894 3137 succedebat.
1965 3069 2139 3147 Quid
2185 3070 2274 3135 sit
2318 3069 2758 3136 succedere
2806 3069 2906 3135 ad

594 3180 1092 3245 subeundum
1139 3178 1496 3264 proelium,
1542 3179 1796 3259 nesoio;
1859 3177 2295 3244 succedere
2355 3177 2673 3262 proelio
2721 3178 2905 3257 novi3

594 3287 947 3353 difficultas
993 3287 1257 3370 quidem
1302 3286 1693 3354 succedendi
1738 3287 2113 3353 necessario
2160 3286 2448 3371 pertinet
2481 3285 2567 3351 ad
2610 3284 2739 3351 loci
2783 3286 2907 3351 ini-

595 3398 946 3481 quitatem,
995 3416 1125 3461 non
1169 3397 1256 3462 ad
1301 3397 1707 3480 paucitatem
1762 3393 2352 3461 multitudinemve.
2441 3392 2665 3460 Codex
2705 3393 2909 3460 habet

594 3503 962 3570 sedebat.
1055 3503 1483 3571 Scribendum
1529 3525 1673 3570 esse
1719 3511 1836 3570 aut
1892 3503 2404 3589 suppetebat
2470 3509 2588 3568 aut
2655 3501 2905 3569 suffi-

594 3612 892 3692 ciebat,
940 3613 1357 3697 perspicuum
1402 3620 1502 3679 est
1547 3614 1747 3678 etiam
1793 3634 1871 3677 ex
1916 3611 2237 3677 similibus
2275 3610 2456 3689 locis,
2503 3611 2619 3677 ubi
2654 3632 2905 3695 oppug-

422 3731 564 3799 (540)
601 3722 901 3795 nantium
979 3720 1596 3807 defendentiumque
1674 3721 1886 3805 impar
1949 3741 2258 3785 numerus
2336 3726 2906 3786 commemoratur.

592 3828 904 3910 Sequitur
949 3829 1012 3912 (ἓ
1057 3829 1155 3911 4):
1224 3830 1644 3914 oppidani,
1716 3829 2040 3912 depulsi
2101 3828 2392 3906 muris,
2449 3827 2546 3893 ad
2590 3836 2909 3913 portam

583 3942 773 4002 tuen
793 3937 967 4003 dam
1026 3958 1114 4003 co
1134 3945 1549 4004 ncurrunt.
1639 3938 1917 4003 Frustra
1971 3935 2270 4020 profecto
2326 3943 2588 4020 portam
2642 3941 2907 4000 tueren-

583 4050 727 4125 tur,
800 4047 855 4110 si
899 4047 1128 4112 hostes
1170 4046 1304 4111 iam
1360 4047 1561 4112 muris
1606 4047 1805 4131 potiti
1851 4052 2107 4121 essent,
2176 4065 2294 4109 nec
2353 4051 2587 4128 postea
2645 4041 2905 4108 demum

583 4154 644 4237 (ξ
683 4154 747 4236 5)
793 4176 935 4239 per
979 4161 1392 4240 patentem
1437 4162 1750 4240 portam
1793 4154 2023 4221 hostes
2063 4152 2317 4237 accepti
2351 4158 2590 4232 essent,
2639 4152 2695 4217 si
2729 4172 2902 4216 nunc

581 4263 713 4328 iam
750 4265 955 4329 muris
1003 4263 1367 4349 oppidanos
1415 4263 1840 4348 depulissent.
1900 4262 1976 4327 In
2025 4260 2248 4327 codice
2293 4260 2634 4326 scribitur:
2685 4259 2905 4344 oppi·

583 4371 777 4436 dani
823 4370 1336 4456 depulmoris
1399 4372 1496 4437 ad
1553 4376 1876 4455 portam
1936 4377 2059 4436 cet.
2152 4370 2374 4435 Livius
2429 4370 2663 4451 igitur,
2726 4365 2906 4451 quod

593 4501 700 4544 res
746 4480 1070 4564 postulat,
1127 4479 1476 4564 depulsum
1520 4479 1726 4545 muris
1781 4479 2103 4562 impetum
2160 4478 2486 4557 narravit3
2553 4475 2903 4541 verborum
