3230 5282
1454 631 1575 691 347
1847 614 1851 619 ’
2314 641 2438 695 Lib.
2481 641 2679 695 xx1v.

356 813 527 878 Nam
586 813 618 895 ξ
666 818 736 892 2,
795 812 910 877 ubi
963 813 1336 895 superiores
1385 813 1701 878 edebant:
1772 813 1868 878 ad
1913 812 2450 878 Hannibalem
2497 812 2620 877 dis
2641 847 2666 858 -
2709 824 2850 887 (283)

358 922 751 986 cessisset
809 922 1381 1003 traxissetque
1428 920 1527 985 ad
1573 921 1755 985 dese
1774 922 2152 999 ctionem,
2219 941 2432 1003 nuper
2478 920 2682 1003 scrip-

362 1038 500 1093 tum
546 1035 646 1093 est
693 1029 1118 1107 descisset,
1166 1030 1578 1093 traxisset
1615 1028 1693 1109 (P
1720 1029 2181 1109 discesset),
2229 1028 2429 1094 verbo
2474 1034 2677 1092 recto,

363 1136 538 1220 quod
579 1138 713 1201 iam
757 1136 1054 1201 Muretus
1101 1144 1168 1201 et
1216 1136 1578 1202 Gronovius
1625 1138 1886 1203 restitui
1932 1136 2298 1214 voluerant,
2361 1136 2678 1218 asyndeto

362 1265 563 1328 pravo
632 1244 699 1308 in
765 1243 999 1308 sedata
1066 1244 1163 1308 rei
1223 1246 1606 1328 primariam
1665 1247 1994 1310 actionem
2052 1243 2463 1325 (transitum)
2525 1265 2680 1308 con-

360 1358 602 1418 secutae
647 1351 946 1436 pluribus
993 1352 1211 1416 verbis
1257 1353 1714 1433 adiunctione3
1770 1351 2195 1417 scribendum
2242 1359 2387 1416 erat
2403 1401 2417 1427 ‚
2476 1352 2676 1434 gemi-

362 1462 536 1525 natis
594 1459 851 1524 duabus
909 1460 1184 1524 litteris:
1255 1459 1672 1526 descisset
1718 1468 1795 1526 et
1839 1462 2262 1526 traxisset.
2369 1459 2498 1525 Sed
2541 1480 2678 1523 ma-

366 1568 509 1632 iora
586 1575 653 1632 et
733 1565 1110 1632 difficiliora
1187 1567 1443 1649 agenda
1520 1574 1693 1633 sunt.
1805 1556 1986 1633 Nam
2051 1569 2333 1652 primum
2401 1566 2675 1633 aliorum

368 1683 606 1758 praeter
673 1675 748 1752 Q.
796 1674 1075 1739 Fabium
1130 1674 1482 1740 Maximum
1510 1746 1515 1753 ,
1549 1683 1807 1759 patrem
1877 1676 1957 1740 de
2024 1676 2227 1740 Dasio
2297 1674 2543 1740 Altinio
2610 1676 2676 1737 in

362 1784 637 1848 consilio
692 1783 1020 1847 sententia
1062 1785 1158 1847 ita
1201 1784 1268 1847 in
1315 1784 1538 1848 codice
1585 1783 1636 1846 P
1682 1784 2117 1867 perscribitur
2161 1783 2424 1864 (ceteris
2471 1782 2674 1857 boni8‚

364 1897 438 1955 ut
482 1912 769 1974 semper,
815 1892 1109 1974 proxime
1177 1890 1725 1971 adhaerentibus):
1795 1892 1987 1956 aliis
2044 1913 2185 1974 pro
2242 1898 2422 1955 tran
2440 1888 2565 1954 ssu
2581 1910 2673 1972 ga

252 2084 257 2089 ὁ
363 1998 938 2063 ueruerandus
1007 1999 1587 2083 necandusque
1645 1999 1956 2074 uideris
2016 1998 2110 2081 (id
2169 2006 2296 2077 est,
2365 1997 2673 2078 videri),

362 2107 758 2189 ancipitis
826 2108 1072 2170 animi
1140 2108 1574 2172 communis
1643 2107 1939 2183 hostie,
2021 2107 2154 2189 qui
2222 2112 2407 2190 post
2475 2105 2670 2169 Can-

362 2235 692 2278 nensem
738 2213 1071 2293 cladem,
1131 2222 1519 2298 tanquam
1565 2236 1734 2280 cum
1778 2215 2114 2279 fortuna
2157 2214 2400 2278 sidem
2444 2220 2670 2277 stare

367 2327 816 2404 oporteret,
873 2321 970 2385 ad
1025 2322 1564 2387 Hannibalem
1622 2323 2027 2387 discesset
2072 2321 2168 2401 (id
2214 2328 2340 2397 est,
2398 2335 2472 2385 ut
2520 2321 2670 2399 dixi,

365 2429 782 2494 descisset
828 2430 933 2509 et)
981 2432 1375 2495 traxisset
1418 2431 1514 2495 ad
1563 2431 2107 2496 defectionem
2151 2430 2442 2512 Arpos3
2503 2436 2671 2493 tum

365 2558 597 2618 quam
653 2558 780 2601 res
827 2537 1175 2602 Romana
1231 2545 1518 2603 contra
1563 2560 1784 2623 spem
1832 2545 2180 2619 votaque
2230 2539 2404 2602 eius
2451 2536 2672 2601 velut

360 2652 894 2727 resurgerent
950 2647 1335 2729 turpibus
1381 2647 1766 2712 videatur
1810 2667 2089 2712 novam
2135 2646 2452 2710 referre
2501 2627 2671 2728 pro-

365 2753 751 2818 ditionem
820 2754 1214 2836 proditiis
1283 2754 1484 2837 polli
1554 2754 1699 2817 VII
1765 2753 2015 2819 uirali
2073 2753 2438 2818 iudicioe
2508 2760 2671 2817 stet

2073 2882 2119 2924 u
2344 2882 2429 2925 us

364 2990 675 3051 semper
733 2969 1084 3034 aliumde
1146 2970 1487 3047 sentiat,
1547 2969 1859 3034 infidus
1915 2968 2162 3032 sociis
2220 2988 2426 3031 uana
2473 2967 2586 3047 (us
2634 2988 2672 3030 a

2079 3098 2121 3138 u

365 3206 536 3249 man.
582 3186 643 3266 1)
691 3184 990 3249 hostiis
1037 3185 1131 3250 ad
1177 3185 1696 3249 Faleriorum
1744 3184 2119 3268 phyrrtie
2166 3183 2671 3265 proditorem

366 3295 702 3357 tertium
759 3292 1213 3375 transfugis
1272 3294 1834 3357 documentum
1895 3312 2090 3356 esse.
2192 3290 2291 3353 Ex
2349 3289 2450 3353 his
2509 3289 2671 3354 Gro-

364 3401 592 3465 novius
640 3399 1038 3482 (Observatt-.
1086 3401 1198 3465 lib.
1247 3401 1334 3464 IV
1383 3423 1436 3465 c.
1490 3405 1557 3464 11
1614 3423 1675 3483 p.
1730 3404 1845 3464 169
1892 3397 2063 3481 sqq.)
2111 3418 2192 3462 ea
2237 3395 2469 3470 effecit,
2528 3417 2673 3478 quae

366 3508 599 3572 deinde
657 3509 724 3571 in
785 3507 1180 3573 editionibus
1238 3516 1646 3586 manserunt,
1716 3509 2095 3572 coniectura
2152 3506 2394 3588 partim
2450 3506 2672 3586 sagaci

364 3616 694 3698 felicique,
740 3617 983 3698 partim
1027 3615 1271 3680 infelici
1321 3617 1720 3696 (adscribam
1762 3622 2023 3680 tantum
2067 3614 2501 3698 posteriorem
2545 3612 2675 3676 loci

364 3731 641 3807 partem,
701 3725 1008 3806 quoniam
1056 3725 1134 3788 de
1183 3745 1260 3788 ea
1309 3724 1450 3789 sola
1497 3725 1911 3812 ambigitur):
1957 3758 2043 3766 —
2086 3724 2367 3805 Arpos;
2415 3741 2674 3801 quum-

366 3853 512 3913 que
579 3853 710 3895 res
770 3833 1126 3896 Romana
1192 3840 1475 3896 contra
1545 3854 1760 3914 spem
1815 3837 2161 3911 votaque
2223 3830 2395 3893 eius
2453 3827 2673 3893 velut

370 3948 875 4022 resurgeret,
942 3941 1269 4022 turpius
1338 3939 1719 4003 videatur
1787 3959 2062 4002 novam
2119 3937 2429 4000 referre
2487 3957 2673 4019 pro-

368 4046 763 4111 ditionem
816 4046 1174 4129 proditis
1234 4048 1448 4126 olim3
1523 4048 1660 4129 qui
1729 4045 2065 4110 aliunde
2123 4051 2286 4109 stet
2342 4065 2672 4128 semper,

367 4153 695 4218 aliunde
763 4157 1099 4233 sentiat,
1166 4155 1475 4219 infidus
1532 4155 1835 4233 sociuS‚
1902 4175 2151 4218 vanus
2207 4153 2506 4230 hostis3
2577 4152 2673 4217 ad

364 4261 876 4327 Faleriorum
922 4262 1372 4346 Pyrrhique
1441 4263 1941 4346 proditorem
2007 4263 2348 4325 tertium
2404 4267 2674 4325 trans-

364 4368 577 4452 fugis
626 4372 1188 4435 documentum
1235 4379 1479 4435 esset.
1580 4371 1981 4434 Felicissime
2028 4353 2290 4433 inventa
2335 4368 2481 4431 illa:
2533 4367 2672 4431 ali-

364 4477 570 4542 unde
653 4486 813 4543 stet
894 4500 1244 4562 semper,
1326 4479 1656 4545 aliunde
1738 4479 2074 4554 sentiat,
2157 4497 2302 4559 quae
2381 4477 2674 4559 corrupit
