3230 5282
1451 591 1571 651 555
2252 607 2375 662 Lib.
2418 609 2665 664 XXXIX.

1177 835 1361 917 Lib.
1431 837 1886 946 XXXIX.1)

528 988 685 1071 Cap.
736 995 795 1067 4,
843 993 910 1052 2:
973 988 1204 1069 isque
1264 985 1377 1065 (M.
1424 986 1694 1052 Fulvius
1741 987 2070 1065 Nobilior,
2130 993 2240 1072 qui
2300 1013 2377 1054 ex
2422 992 2670 1058 AEtolia

354 1095 672 1174 redierat)
720 1097 816 1160 ad
863 1095 1102 1160 aedem
1147 1092 1565 1176 Apollinis
1623 1097 1699 1159 in
1758 1105 2051 1160 senatu
2109 1118 2348 1178 quum
2408 1100 2501 1164 de
2545 1121 2667 1164 re-

356 1202 499 1266 bus
546 1204 623 1267 in
669 1203 972 1268 AEtolia
1019 1199 1723 1283 Cephalleniaque
1782 1203 1876 1267 ab
1944 1225 2022 1266 se
2081 1207 2339 1286 gestis
2399 1206 2665 1270 disse-

355 1312 694 1388 ruisset,
742 1312 990 1393 petiit
1036 1328 1076 1372 a
1121 1309 1448 1391 patribu
1477 1330 1530 1386 S,
1577 1315 1665 1372 ut
1711 1330 2012 1392 aequum
2061 1319 2506 1390 censerent,
2557 1314 2652 1378 ob
2694 1320 2838 1389 (451)

356 1437 520 1481 rem
565 1418 982 1500 publicam
1028 1416 1229 1480 bene
1287 1434 1377 1478 ac
1423 1415 1794 1480 feliciter
1838 1425 2149 1499 gestam
2210 1427 2286 1484 et
2342 1420 2464 1482 dis
2521 1421 2664 1482 irn-

353 1524 855 1590 mortalibus
900 1525 1285 1588 honorem
1330 1522 1627 1586 haberi
1688 1524 1968 1588 iubere
2028 1533 2105 1590 et
2163 1526 2318 1590 sibi
2380 1527 2667 1591 trium-

356 1632 592 1715 phum
640 1633 1096 1697 decernere.
1187 1629 1445 1693 Petitur
1505 1630 1664 1694 alibi
1712 1652 1752 1694 a
1798 1638 2067 1711 senatu,
2128 1640 2199 1697 ut
2266 1633 2489 1698 iubeat
2548 1633 2667 1697 ali-

363 1740 522 1823 quid
582 1747 649 1804 et
707 1740 1044 1817 decernat,
1111 1759 1242 1803 non
1299 1744 1373 1801 ut
1431 1759 1692 1821 aequum
1762 1747 2026 1803 censeat
2084 1740 2432 1804 decernere
2515 1740 2667 1821 (etsi

363 1847 738 1911 decernitur
783 1869 954 1930 saepe
1001 1846 1103 1909 his
1151 1844 1401 1922 verbis,
1464 1867 1720 1926 aequum
1766 1848 2021 1911 senatui
2078 1848 2312 1924 videri,
2384 1848 2509 1912 hoc
2554 1855 2669 1912 aut

356 1955 520 2018 illud
564 1953 740 2033 fieri,
802 1975 1011 2035 neque
1058 1961 1277 2017 tamen
1324 1953 1388 2014 in
1435 1953 1556 2016 tali
1611 1975 1700 2031 re,
1748 1953 1828 2017 de
1875 1954 2122 2019 honore
2169 1955 2269 2019 dis
2315 1955 2667 2036 habendo).

364 2060 522 2126 Cod.
601 2063 666 2126 M
745 2083 876 2126 non
953 2060 1243 2124 iubere
1323 2068 1439 2123 aut
1519 2060 1962 2124 decernere
2051 2064 2365 2145 scriptum
2447 2062 2666 2140 habet,

357 2171 470 2234 sed
559 2169 940 2233 iuberent
1030 2168 1593 2242 decernerent,
1666 2168 1842 2250 quod
1922 2169 2488 2234 Weissenbornius
2568 2190 2666 2233 se-

353 2282 546 2340 cutus
593 2282 712 2340 est.
804 2275 930 2340 Sed
979 2295 1284 2358 perversa
1329 2294 1447 2337 nec
1508 2274 1746 2338 Latina
1803 2275 1940 2339 haec
2000 2283 2098 2340 est
2156 2277 2400 2341 oratio:
2472 2283 2664 2358 peto

352 2403 395 2447 a
441 2390 763 2460 senatu,
824 2389 907 2447 ut
964 2403 1270 2465 aequum
1325 2390 1688 2459 censeat,
1749 2383 2131 2447 honorem
2188 2383 2477 2447 haberi
2546 2383 2667 2447 dis

351 2490 648 2568 iubeat,
697 2492 831 2554 sive
877 2496 963 2554 ut
1007 2489 1241 2554 audias
1266 2487 1596 2569 (aequum
1635 2510 1947 2568 censeo,
1995 2492 2285 2574 utipse
2321 2491 2664 2572 iubeam)

367 2598 497 2662 sive
566 2605 641 2661 et
710 2597 822 2679 (ut
878 2618 1175 2679 aequum
1242 2596 1463 2660 nescio
1535 2597 1695 2677 quid
1752 2603 2091 2662 censeat
2152 2606 2230 2663 et
2285 2597 2666 2663 honorem

361 2704 481 2769 dis
528 2705 813 2769 haberi
858 2705 1191 2785 iubeat).
1283 2703 1606 2768 Addenda
1653 2711 1753 2768 est
1796 2707 1860 2768 in
1909 2707 2137 2788 optimi
2184 2706 2426 2770 codicis
2463 2706 2664 2788 scrip-

361 2819 510 2877 tura
558 2813 838 2877 duarum
885 2813 1257 2876 litterarum
1302 2811 1663 2894 particula:
1715 2814 1961 2895 petiit
2005 2834 2045 2876 a
2089 2812 2497 2896 patribus,
2544 2818 2661 2889 ut,

360 2920 424 2981 si
471 2939 774 3002 aequum
822 2925 1279 2997 censerent,
1325 2954 1411 2962 —
1458 2927 1535 2982 et
1579 2954 1664 2963 —-
1708 2918 2093 2982 iuberent
2138 2926 2215 2983 et
2257 2954 2345 2962 —
2390 2902 2664 2982 decer-

357 3033 661 3091 nerent.
753 3027 851 3091 Ea
896 3034 996 3091 est
1040 3026 1373 3090 sollemnis
1418 3027 1485 3089 in
1532 3025 1653 3089 tali
1696 3046 1766 3088 re
1814 3026 2082 3107 petendi
2119 3022 2462 3090 modestia.
2553 3026 2662 3089 Al·

357 3141 505 3198 tera
572 3135 943 3198 coniunctio
1018 3134 1295 3199 alteram
1338 3133 1483 3197 loco
1529 3134 1746 3212 movit,
1806 3133 1981 3214 quod
2036 3154 2167 3197 non
2224 3134 2320 3195 ita
2387 3153 2536 3196 raro
2596 3133 2662 3196 in

356 3242 474 3306 tali
524 3262 843 3306 concursu
889 3241 1146 3305 accidit.
1237 3240 1487 3305 Eodem
1534 3241 1748 3323 capite
1796 3238 1828 3322 ἓ
1880 3245 1951 3303 11
2014 3240 2109 3320 (in
2167 3242 2463 3303 oratione
2510 3239 2662 3303 Ful-

356 3351 441 3413 vii
499 3355 731 3413 contra
786 3349 872 3413 M.
933 3349 1179 3413 AEmilii
1225 3347 1526 3425 consulis,
1597 3348 1709 3428 qui
1776 3356 1934 3411 tunc
2002 3348 2252 3425 aberat,
2322 3348 2662 3428 superiore

354 3464 653 3540 ternpore
721 3456 1296 3539 reprehensionem
1365 3476 1635 3519 suarum
1701 3454 1948 3535 rerum)
2017 3454 2206 3518 valde
2265 3475 2521 3532 vereor,
2579 3475 2661 3518 ne

355 3564 608 3646 aliquid
656 3563 864 3627 subsit
909 3564 1146 3628 occulti
1192 3562 1408 3626 mendi
1445 3564 1511 3625 in
1545 3561 1647 3626 his
1691 3563 1943 3627 verbis:
1990 3561 2151 3625 Iam
2199 3561 2288 3625 de
2337 3561 2662 3625 deorum

355 3671 938 3736 immortalium
1005 3671 1337 3753 templis
1404 3670 1798 3752 spoliatis
1843 3705 1929 3713 —
1995 3668 2317 3750 qualem
2366 3668 2661 3732 calum-

354 3778 558 3840 niam
616 3779 711 3842 ad
781 3776 1223 3861 pontifices
1293 3778 1730 3842 attulerit?
1815 3776 1986 3840 Nam
2030 3782 2104 3840 ut
2150 3777 2466 3854 omittam,
2516 3796 2659 3859 quae

355 3888 653 3949 excusari
711 3893 931 3969 potest
1002 3885 1156 3965 (vid.
1205 3885 1404 3967 paulo
1465 3891 1618 3948 ante
1667 3884 1752 3947 ad
1798 3882 2156 3961 XXXVIII,
2206 3882 2333 3963 59),
2380 3885 2658 3947 interro-

354 3992 681 4073 gationem
722 3994 1132 4057 coniunctivo
1168 3992 1360 4056 modo
1397 3993 1699 4075 positam,
1748 4012 1894 4072 quae
1935 3989 2257 4055 infinitivo
2296 3989 2511 4053 efferri
2548 3990 2657 4053 de·

403 4260 453 4326 ¹)
490 4260 560 4316 In
596 4263 704 4315 hoc
741 4267 797 4314 et
831 4263 1091 4330 proximo
1127 4263 1289 4327 libro,
1328 4260 1623 4315 deficiente
1660 4261 1722 4328 B,
1760 4278 1901 4314 unus
1940 4261 2237 4329 locupletis
2291 4262 2455 4314 testis
2490 4260 2658 4313 fidem

488 4346 661 4400 habet
695 4347 772 4415 M,
814 4348 971 4401 cuius
1009 4353 1198 4401 tamen
1235 4348 1620 4401 testimonium
1659 4347 1824 4400 nimis
1865 4363 2015 4413 saepe
2048 4346 2396 4400 subtrahitur
2433 4352 2528 4397 aut
2565 4346 2659 4398 ob-

489 4447 713 4484 scurum
753 4437 852 4485 est.
