3230 5282
1376 597 1458 660 63
2366 611 2490 665 Lib.
2528 612 2571 666 1.

263 784 671 868 superiorum
738 782 1089 849 annalibus
1154 781 1566 867 excerpenda
1633 790 1702 849 et
1766 783 2113 849 verborum
2168 788 2408 850 ornatu
2460 805 2569 849 ve·

260 892 518 958 stienda
561 891 903 959 festinatio
947 890 1313 974 levitasque
1357 898 1654 976 apparet,
1713 891 1888 974 quod
1932 892 2007 971 V,
2071 897 2168 971 12,
2221 897 2299 957 10
2344 914 2569 959 omnes

257 1000 563 1066 tribunos
605 1001 888 1067 militum
931 1005 1172 1084 praeter
1215 1018 1415 1065 unum
1458 999 1529 1065 P.
1569 1000 1894 1071 Licinium
1938 999 2207 1067 Calvum
2251 1002 2569 1085 patricios

257 1115 512 1175 creatos
558 1109 814 1190 scribit,
861 1109 1126 1176 nomina
1167 1114 1412 1192 praeter
1454 1127 1655 1173 unum
1688 1107 1787 1190 (L.
1814 1108 2023 1191 Furii)
2060 1108 2328 1193 plebeia
2359 1111 2567 1194 ponit,

255 1239 303 1282 c.
348 1225 579 1285 autem
632 1221 731 1298 18,
778 1223 837 1297 2,
884 1238 1081 1300 quum
1123 1216 1319 1297 idem,
1367 1216 1545 1301 quod
1590 1239 1645 1283 c.
1687 1221 1783 1297 12,
1829 1217 2240 1283 tribunorum
2286 1218 2568 1283 militum

253 1325 603 1409 collegium
650 1346 1158 1392 commemorare
1200 1325 1419 1404 vellet,
1479 1324 1643 1391 duos
1690 1323 1832 1406 (Gn.
1881 1325 2259 1405 Genucium,
2308 1326 2378 1391 L.
2424 1327 2565 1391 Ati·

251 1434 433 1517 lium)
504 1457 591 1501 ex
660 1435 790 1500 alio
858 1453 1032 1500 anno
1099 1434 1469 1499 immiscuit.
1581 1434 1700 1513 VI,
1772 1439 1839 1514 9,
1909 1439 1945 1498 5
2015 1432 2088 1511 Q.
2149 1433 2564 1500 Servilius

248 1543 574 1609 nominari
623 1542 869 1623 debuit,
917 1543 1029 1627 qui
1075 1543 1435 1608 exercitum
1468 1540 1851 1625 (iuniorum)
1890 1542 1975 1607 ad
2013 1542 2240 1609 urbem
2273 1541 2567 1608 habebat

250 1653 325 1731 (c.
372 1656 431 1731 6,
484 1652 637 1733 13),
695 1652 1073 1717 nominatur
1118 1672 1342 1717 errore
1387 1652 1718 1717 memoriae
1764 1650 1892 1733 (L.)
1942 1650 2394 1730 Quinctius,
2452 1652 2564 1733 qui

251 1760 591 1826 causarios
639 1760 1065 1842 senioresque
1110 1760 1467 1844 scripserat
1512 1759 1592 1841 (c.
1643 1763 1701 1838 6,
1754 1758 1880 1841 14).
1975 1759 2117 1824 Lib.
2155 1758 2351 1839 XXV,
2391 1764 2444 1839 1,
2486 1765 2557 1823 11

247 1876 311 1931 et
353 1872 424 1947 3,
499 1872 581 1932 12
646 1874 715 1933 et
765 1871 870 1947 12,
943 1870 979 1931 3
1036 1867 1121 1931 M.
1166 1866 1500 1932 AEmilium
1559 1868 1783 1932 Livius
1838 1872 2185 1951 praetorem
2240 1866 2563 1932 urbanum

247 1996 302 2039 a.
349 1980 468 2041 541
521 1999 592 2061 p.
644 1996 707 2040 u.
754 1997 809 2041 c.
855 1975 1051 2056 facit3
1120 1975 1362 2055 XXIV,
1430 1980 1547 2056 44,
1617 1980 1655 2040 2
1717 1996 1864 2040 eam
1907 1974 2429 2041 iurisdictionem
2471 1974 2559 2040 M.

247 2083 440 2149 Atilio
512 2085 818 2150 evenisse
874 2083 1103 2149 scribit
1162 2082 1381 2167 (eique
1436 2084 1630 2148 simul
1688 2084 2102 2167 peregrinam
2160 2083 2559 2162 mandatam,

246 2213 382 2274 quae
436 2199 630 2259 sorte
674 2192 940 2257 AEmilio
998 2191 1349 2273 evenerat),
1399 2198 1466 2257 et
1509 2191 1718 2271 XXV,
1771 2195 1838 2271 3,
1907 2197 1947 2255 4
1991 2191 2324 2257 AEmilium
2370 2191 2557 2256 belli·

246 2320 383 2364 cam
425 2301 845 2385 provinciam
889 2299 1200 2365 habuisse
1249 2300 1593 2383 significat.
1701 2300 1842 2365 Lib.
1891 2299 2170 2377 XXVII,
2230 2304 2298 2379 7,
2362 2304 2432 2363 11
2485 2296 2554 2363 C.

248 2407 605 2473 Hostilium
655 2407 819 2472 dicit
863 2428 904 2473 a
949 2406 1017 2473 C.
1057 2407 1339 2474 Laetorio
1384 2414 1789 2493 propraetore
1830 2408 2112 2473 Galliam
2155 2408 2558 2493 provinciam

245 2517 616 2600 accepisse3
710 2515 999 2581 debebat
1076 2537 1194 2600 pro
1274 2515 1559 2582 Hostilio
1642 2516 1714 2581 L.
1795 2516 2135 2582 Veturium
2213 2515 2550 2581 Philonem
2587 2531 2697 2601 (52)

243 2625 582 2691 nominare
637 2621 699 2708 (ἓ
745 2628 817 2704 8;
878 2647 929 2690 c.
985 2628 1081 2704 10,
1129 2629 1232 2705 25,
1292 2647 1344 2690 c.
1392 2629 1494 2706 22,
1541 2623 1625 2707 5).
1733 2625 1874 2690 Lib.
1921 2624 2188 2706 XXXII,
2245 2627 2347 2704 26,
2393 2629 2432 2689 8
2481 2623 2551 2688 L.

242 2729 617 2799 Cornelium
664 2731 1014 2799 Lentulum
1059 2740 1410 2818 praetorem
1456 2734 1779 2800 urbanum
1825 2733 2144 2819 appellat-3
2205 2732 2434 2797 debuit
2480 2732 2551 2797 L.

243 2838 618 2908 Cornelium
666 2841 989 2906 Merulam
1046 2842 1413 2925 appellare,
1470 2843 1525 2907 si
1572 2842 1698 2908 sibi
1743 2843 2147 2908 constitisset
2192 2842 2272 2924 (c.
2324 2846 2390 2919 7,
2455 2845 2552 2920 13,

240 2970 287 3013 c.
332 2952 404 3028 8,
464 2951 567 3031 5),
637 2951 823 3013 cuius
880 2969 1117 3015 nomen
1174 2949 1470 3034 plerique
1527 2950 1817 3016 editores
1873 2951 2356 3016 inconsiderate
2400 2948 2551 3014 sub-

247 3058 621 3136 stituerunt,
664 3059 722 3122 si
763 3057 1048 3139 quidem,
1088 3057 1245 3140 quid
1274 3057 1496 3123 Livius
1535 3059 1895 3142 scripserit,
1921 3059 2254 3143 quaeritur.
2300 3057 2552 3123 Eodem

239 3167 441 3249 capite
500 3165 567 3249 (ξ
619 3170 683 3245 5,
733 3171 791 3242 6,
840 3164 906 3247 7)
953 3165 1201 3231 Setiam
1246 3165 1637 3249 Setinosque
1694 3174 2190 3248 commemorat,
2248 3167 2361 3233 ubi
2409 3166 2549 3250 Sig-

238 3275 436 3354 niam,
493 3273 812 3359 Signinos
869 3273 1169 3339 debuisse
1225 3274 1483 3340 videtur
1539 3273 1619 3355 (c.
1669 3279 1739 3353 2,
1798 3274 1897 3357 4);
1964 3296 2114 3340 nam
2162 3275 2422 3341 obsides
2470 3297 2550 3341 ex

239 3381 442 3448 altero
532 3382 790 3468 oppido
858 3382 927 3447 in
994 3382 1274 3447 alterum
1343 3383 1650 3448 translati
1720 3384 1858 3448 sine
1931 3401 2132 3448 causa
2195 3383 2547 3466 finguntur.

244 3488 376 3554 Lib.
421 3489 742 3567 XXXIII,
802 3493 904 3570 21,
963 3495 1001 3555 9
1044 3491 1131 3556 Μ.
1180 3490 1408 3574 Sergio
1454 3492 1724 3575 praetori
1767 3491 2288 3558 iurisdictionem
2332 3493 2548 3558 inter

237 3599 441 3663 cives
509 3606 596 3664 et
668 3600 1155 3682 peregrinos
1224 3597 1369 3679 dat,
1437 3619 1631 3681 quem
1698 3598 1977 3679 XXXII,
2046 3603 2127 3665 28
2195 3608 2547 3684 praetorem

238 3704 548 3772 urbanum
621 3705 830 3771 fuisse
885 3714 1301 3787 narraverat,
1370 3708 1455 3772 M.
1501 3707 1860 3773 Minucium
1914 3708 2088 3772 inter
2143 3712 2542 3793 peregrinos.

235 3810 456 3896 Itaque
503 3815 849 3880 Gronovio
907 3821 1177 3880 auctore
1237 3816 1321 3881 ab
1368 3815 1731 3882 editoribus
1779 3817 2174 3882 omittuntur
2216 3818 2419 3884 verba
2464 3827 2547 3885 et

234 3925 750 4007 peregrinos,
833 3928 909 3988 ut
984 3923 1461 3989 iurisdictio
1543 3925 1767 3989 inter
1834 3925 2044 3989 cives
2113 3927 2202 3991 sit
2268 3925 2543 4006 urbana,

234 4031 552 4112 quomodo
634 4052 853 4113 neque
922 4030 1145 4097 Livius
1213 4052 1424 4114 neque
1491 4033 1837 4115 quisquam
1906 4032 2072 4098 alius
2140 4033 2336 4113 dixit,
2413 4038 2540 4102 nisi

233 4135 391 4203 forte
436 4138 861 4224 praecedente
907 4140 1202 4223 proxime
1250 4146 1369 4205 aut
1414 4148 1732 4223 sequente
1777 4141 1996 4206 inter
2040 4145 2539 4227 peregrinos,

235 4247 347 4310 etsi
386 4270 467 4314 ne
516 4248 619 4314 sic
668 4246 933 4330 quidem
977 4250 1241 4313 memini
1288 4254 1639 4332 praetorem
1681 4249 2279 4317 iurisdictionemve
2324 4255 2542 4319 inter

235 4355 436 4420 cives
493 4355 927 4441 appellatam.
1031 4357 1282 4422 Eodem
1326 4356 1497 4422 libro
1542 4356 1826 4421 XXXIII
1884 4379 1936 4423 c.
1985 4363 2065 4423 27
2123 4361 2264 4426 init.
2315 4341 2537 4428 Livius

236 4456 337 4525 Cn.
401 4460 785 4530 Cornelium
850 4464 1225 4530 Blasionem
1306 4486 1385 4530 ex
1465 4466 1770 4531 citeriore
1837 4466 2157 4552 Hispania
2237 4477 2536 4536 ovantem
