3230 5282
1350 548 1471 610 749
2222 562 2348 616 Lib.
2383 562 2549 618 XLV.

253 722 586 800 Servilius.
675 733 987 798 Extrema
1044 738 1296 810 autem,
1366 752 1511 814 quae
1567 732 1882 822 Grynpeus
1947 735 2198 800 intacta
2264 736 2552 819 reliquit,

253 842 603 926 perspicue
651 848 965 926 corrupta
1008 847 1187 923 sunt3
1245 863 1396 908 nam
1428 863 1640 926 neque
1683 842 1829 908 hoc
1874 865 2231 927 pronomen
2279 867 2409 929 quo
2453 867 2554 913 re-

252 941 527 1030 feratur,
572 950 996 1036 intellegitur,
1043 972 1162 1018 nec
1209 951 1570 1036 quidquam
1617 958 1684 1016 et
1731 949 2041 1017 Servilius
2088 958 2154 1017 et
2198 952 2413 1020 Galba
2459 954 2555 1019 di-

257 1059 525 1138 cebant,
593 1059 768 1143 quod
836 1080 877 1125 a
936 1081 1005 1126 se
1063 1061 1283 1145 potius
1340 1059 1557 1125 audiri
1604 1058 1918 1126 Servilius
1979 1060 2204 1142 vellet3
2272 1061 2557 1128 debebat

259 1167 463 1232 etiam
508 1167 911 1234 dicentem
980 1169 1207 1250 scribi3
1274 1168 1466 1252 longe
1525 1169 1698 1234 enim
1766 1169 1944 1234 aliud
2011 1176 2113 1236 est
2170 1176 2235 1234 et
2291 1170 2375 1236 ab
2432 1169 2558 1236 hoc

251 1274 403 1342 loco
449 1268 946 1342 alienissimum:
995 1276 1233 1343 audio
1283 1277 1562 1361 (accipio
1608 1277 1692 1342 ab
1741 1276 1916 1360 aliis)
1966 1276 2402 1343 Servilium
2451 1279 2558 1344 di-

258 1405 462 1451 cere.
552 1383 886 1451 Orationis
934 1385 1146 1451 forma
1191 1386 1538 1470 apparebit
1582 1392 1650 1451 et
1704 1407 1858 1452 vera
1901 1387 2227 1452 sententia
2272 1395 2559 1471 emerget

258 1493 506 1561 codicis
551 1495 828 1576 vestigia
880 1495 1151 1578 propius
1208 1494 1561 1579 sequendo.
1642 1493 1864 1559 Livius
1911 1494 2080 1559 enim
2126 1496 2221 1560 sic
2264 1497 2558 1581 scripsit:

254 1601 363 1667 Et
417 1609 594 1680 tun,
652 1603 1028 1668 centurio
1088 1602 1511 1686 milesque,
1580 1603 1872 1685 quibus
1931 1603 2026 1668 ab
2084 1601 2258 1687 imp.
2315 1602 2560 1670 Paulo

259 1710 615 1776 donatus
662 1730 765 1790 es,
811 1712 1119 1774 decreta
1161 1713 1472 1795 potius,
1521 1732 1753 1795 quam
1800 1712 1989 1794 quid
2038 1710 2249 1777 SerV.
2301 1711 2563 1779 Galba

257 1818 774 1899 fabularetur,
820 1818 1137 1898 audisti,
1185 1826 1264 1886 et
1309 1819 1534 1883 hodie
1576 1841 1691 1884 me
1737 1822 2017 1903 potius
2065 1842 2290 1904 quam
2334 1820 2562 1886 illum

260 1928 466 1994 audi.
526 1927 627 1992 Ad
660 1929 1039 1994 memoriam
1075 1927 1341 1994 fortium
1378 1927 1702 1994 factorum
1735 1927 2129 2013 honorisque
2155 1930 2249 1994 eis
2283 1949 2324 1994 a
2357 1929 2562 1995 Paulo

257 2036 476 2102 habiti
523 2034 829 2101 Servilius
875 2037 1155 2102 militum
1202 2038 1456 2102 animos
1500 2044 1795 2117 revocat3
1841 2043 1915 2102 ut
1961 2044 2101 2103 tum
2145 2038 2564 2122 imperatoris

259 2144 572 2211 laudibus
617 2145 753 2210 laeti
798 2145 1151 2212 malevolos
1189 2145 1413 2211 Galbae
1461 2166 1792 2210 sermones
1827 2146 2207 2228 spreverint,
2254 2146 2349 2210 sic
2392 2167 2565 2211 nunc

262 2254 407 2319 eius
455 2255 815 2319 orationem
862 2275 1166 2337 spernere
1213 2275 1328 2320 eos
1383 2254 1584 2320 iubet.
1676 2253 1884 2319 Paulo
1932 2253 2194 2319 brevius
2250 2261 2411 2320 tum
2467 2276 2566 2319 re-

261 2360 475 2426 fertur
520 2362 605 2427 ad
659 2364 879 2446 ipsum
923 2363 1173 2428 militiae
1217 2368 1498 2446 tempus,
1546 2362 1725 2447 quod
1770 2363 2172 2428 centurionis
2230 2369 2297 2428 et
2338 2363 2567 2431 militis

263 2469 624 2553 appellatio
675 2461 1181 2554 'demonstrat.¹)
1270 2470 1486 2537 Unum
1546 2472 1744 2537 etiam
1798 2471 1865 2535 in
1910 2470 2035 2536 hoc
2082 2473 2330 2555 capite,
2393 2472 2568 2555 quod

263 2584 405 2644 tam
452 2578 563 2644 diu
606 2600 725 2645 nos
769 2580 1015 2661 tenuit,
1066 2586 1292 2647 restat.
1381 2580 1550 2646 Nam
1596 2580 1776 2666 quod
1824 2578 1855 2663 ἓ
1907 2584 1983 2645 16
2041 2579 2377 2646 scribitur:
2425 2601 2565 2665 ego

263 2693 392 2753 ter
458 2694 535 2753 et
600 2689 854 2754 vicies
922 2709 1090 2754 cum
1148 2688 1383 2755 hoste
1440 2710 1585 2774 per
1641 2690 2307 2773 provocationem
2366 2711 2567 2773 pug-

268 2797 465 2877 navi,
513 2803 578 2861 et
623 2798 920 2864 oratione
965 2818 1236 2880 pravum
1283 2803 1384 2862 est
1431 2797 1542 2878 (—
1586 2818 1739 2862 nam
1774 2818 1854 2862 ex
1900 2797 2361 2881 provocatione
2406 2818 2568 2881 pug-

267 2911 484 2984 natur,
527 2927 660 2971 non
703 2927 821 2990 per
865 2907 1424 2990 provocationem,
1482 2906 1670 2988 quasi
1715 2905 1784 2970 id
1826 2905 2037 2988 ipsius
2082 2925 2315 2989 pugnae
2358 2925 2568 2989 genus

268 3012 358 3077 sit
410 3011 524 3095 —-)
582 3020 648 3079 et
705 3013 951 3079 codicis
1003 3014 1380 3079 testimonio
1437 3013 1884 3098 redarguitur,
1952 3015 2021 3079 in
2086 3033 2215 3098 quo
2272 3021 2373 3079 est
2426 3034 2566 3096 per

269 3122 769 3204 provocatio.
864 3120 1137 3188 Sublato
1182 3144 1351 3206 per,
1399 3122 1574 3207 quod
1622 3143 1700 3187 ex
1745 3142 1891 3205 pro
1939 3129 2156 3187 ortum
2202 3129 2327 3202 est,
2377 3122 2575 3188 scribi

269 3227 496 3295 debet:
546 3251 719 3295 cum
763 3230 994 3296 hoste
1040 3231 1488 3312 provocanti
1533 3231 1908 3316 pugnavi.
2000 3228 2091 3314 [ᾧ
2139 3235 2175 3296 3
2223 3231 2575 3297 tenendum

271 3344 375 3403 est
429 3337 762 3422 AEmilium
816 3337 1090 3405 Paulum
1156 3360 1274 3424 pro
1344 3360 1412 3404 se
1468 3341 1888 3424 exercituque
1946 3337 2379 3418 sacrificasse,
2446 3360 2577 3404 non

271 3467 393 3530 pro
439 3469 506 3513 se
540 3447 923 3528 lustrand03
969 3469 1180 3532 neque
1214 3446 1516 3513 lustralia
1559 3446 1880 3513 sacrificia
1922 3446 2211 3531 Apollini
2253 3445 2577 3531 Delphico

271 3553 569 3640 fiebant.)
619 3554 693 3638 -ξ
742 3559 819 3621 12
874 3557 1236 3622 rectissime
1283 3556 1488 3621 codex
1524 3555 1836 3621 Paulus
1887 3555 2229 3625 indomo
2276 3562 2578 3640 praeter

271 3684 389 3729 me
435 3662 604 3744 (cod.
653 3664 818 3748 sed)
865 3686 1086 3731 nemo
1135 3671 1539 3749 superest,
1598 3685 1719 3747 pro
1778 3684 1907 3749 quo
1966 3664 2208 3729 Pauli
2265 3663 2580 3729 substitu-

333 3915 382 3985 ¹)
423 3913 527 3984 [De
561 3919 658 3986 iis,
694 3937 821 3989 quae
859 3925 1057 3977 contra
1090 3921 1214 3977 haec
1251 3920 1534 3991 disputata
1568 3925 1716 3989 sunt,
1755 3920 1886 3975 satis
1925 3926 2013 3975 est
2046 3922 2361 3988 monuisse,
2398 3920 2582 3973 nullos

419 4023 454 4060 a
488 4011 688 4061 senatu
724 4007 1149 4063 centurionibus
1188 4006 1570 4078 militibusque
1628 4006 1883 4062 decretos
1931 4023 2051 4061 esse
2088 4006 2348 4060 honores.
2406 4003 2582 4058 Donis

420 4090 735 4146 donabatur
788 4094 856 4148 ab
909 4093 1254 4162 imperatore
1305 4082 1467 4148 iniles
1520 4093 1807 4148 Romanus
1862 4093 1922 4146 in
1974 4092 2111 4162 ipsis
2167 4090 2377 4145 castris.
2463 4089 2583 4158 Quo

417 4181 676 4247 tempore
710 4178 801 4232 lex
853 4178 923 4234 de
957 4179 1243 4249 triumpho
1279 4177 1586 4247 ferebatur,
1638 4178 1795 4233 nulla
1829 4179 1941 4231 iam
1978 4182 2101 4231 erat
2138 4175 2356 4231 occasio
2392 4175 2583 4230 militi-

420 4263 525 4317 bus
577 4263 957 4320 Macedonicis
1005 4264 1232 4319 decreta
1282 4261 1595 4319 honorifica
1649 4263 1930 4320 audiendi.
2006 4261 2432 4331 Apertissimum
2482 4265 2584 4327 est,

420 4350 734 4419 comparari
787 4350 1005 4405 diversa
1057 4355 1339 4420 tempora,
1373 4349 1780 4419 pravissimum,
1825 4348 1961 4404 duas
1999 4347 2305 4403 sententiae
2343 4346 2493 4402 exire
2527 4346 2588 4401 in

422 4434 573 4489 idem
609 4434 786 4490 audi.
845 4432 1017 4504 1864]

2602 3010 2742 3080 (625)
