3230 5282
677 606 803 662 Lib.
839 606 881 661 1.
1792 595 1873 658 58

678 779 850 845 Nam
895 778 976 844 de
1021 779 1116 860 11,
1177 784 1288 858 56,
1345 786 1386 845 4
1442 786 1510 845 et
1554 781 1741 862 VIII,
1802 785 1871 861 9,
1930 786 1998 861 7,
2054 787 2197 846 tum
2258 780 2338 846 de
2397 779 2672 860 XXVII,
2728 784 2843 859 47,
2905 783 2977 843 10

678 889 1034 973 separatim
1080 888 1354 953 dicetur.
1447 888 1696 972 (1861.)

851 994 1046 1081 *Cap
1104 1001 1219 1076 40,
1291 1000 1359 1061 3:
1440 1005 1530 1064 ut
1597 1000 1679 1063 in
1736 996 2014 1064 eadem
2071 997 2415 1063 civitate
2471 1002 2658 1081 post
2713 1001 2980 1061 cente-

681 1106 963 1185 simum
1029 1105 1202 1171 fere
1260 1127 1549 1172 annum
1606 1127 1837 1189 quam
1894 1105 2281 1171 Romulus
2338 1104 2483 1171 deo
2540 1110 2982 1190 prognatus

682 1215 879 1279 deus
937 1215 1112 1298 ipse
1169 1217 1536 1281 tenuerit
1577 1236 1933 1299 regnum,
1993 1214 2249 1280 donec
2291 1216 2372 1279 in
2416 1214 2668 1279 terris
2713 1213 2981 1290 fuerit,

680 1323 761 1388 id
817 1344 1100 1388 servus
1158 1344 1392 1388 serva
1435 1330 1676 1389 natus
1721 1322 2169 1408 possideat.
2267 1322 2482 1389 Huius
2526 1322 2653 1387 loci
2699 1329 2766 1387 et
2810 1342 2985 1386 men·

681 1432 835 1498 dum
892 1437 961 1497 et
1004 1432 1475 1497 correctionem
1526 1432 1844 1497 orationis
1888 1430 2099 1496 forma
2143 1431 2527 1497 certissimis
2570 1430 2831 1495 indiciis
2878 1430 2987 1495 de-

678 1546 1023 1605 monstrat.
1145 1538 1315 1604 Nam
1394 1561 1598 1622 quum
1676 1540 2160 1606 contrariorum
2226 1540 2719 1623 comparatione
2785 1537 2986 1603 totius

679 1649 997 1714 orationis
1042 1648 1458 1713 contineatur
1500 1648 1789 1733 pendae,
1847 1648 2104 1713 Livium
2149 1668 2260 1713 eas
2306 1648 2666 1713 sententias
2683 1698 2697 1725 ,
2755 1646 2989 1728 quibus

678 1757 1012 1823 contraria
1056 1762 1374 1822 notantur
1411 1756 1584 1839 (deo
1630 1763 2080 1841 prognatus
2126 1756 2324 1821 deus
2369 1757 2547 1840 ipse
2594 1761 2660 1820 et
2705 1776 2985 1820 servus

678 1885 915 1931 serva
957 1872 1156 1930 natu
1173 1864 1265 1947 s),
1324 1865 1501 1930 inter
1548 1886 1617 1930 se
1663 1866 2114 1944 coniunxisse,
2172 1884 2302 1929 non
2346 1864 2627 1929 alteram
2671 1864 2986 1946 temporis

680 1974 1009 2040 notationi
1065 1973 1630 2058 superaddidisse,
1701 1980 2010 2058 apparet,
2079 1979 2147 2038 et
2205 1974 2260 2038 si
2319 1994 2439 2058 per
2496 1993 2566 2038 se
2607 1992 2740 2037 non
2785 1991 2990 2056 appa-

675 2087 881 2160 reret,
951 2079 1327 2147 ostenderet
1391 2083 1675 2165 primum
1729 2101 2090 2164 pronomen
2144 2080 2225 2145 id
2269 2081 2458 2145 initio
2505 2080 2850 2146 sententiae
2896 2077 2984 2143 ad

679 2190 1163 2255 contrariorum
1206 2190 1615 2256 notationem
1658 2188 2137 2271 insigniendam
2180 2189 2492 2274 positum,
2540 2209 2732 2271 quem
2774 2187 2990 2253 locum

682 2318 854 2362 nunc
900 2297 1070 2361 male
1117 2302 1343 2362 tuetur
1390 2296 1767 2379 (dicendum
1813 2299 1984 2362 enim
2022 2302 2193 2362 erat:
2241 2304 2425 2382 post
2469 2297 2993 2362 centesimum

683 2426 992 2483 annum,
1056 2425 1289 2487 quam
1332 2404 1720 2471 Romulus
1765 2442 1851 2451 —
1893 2405 2262 2471 tenuerit
2304 2426 2653 2488 regnum,
2712 2424 2990 2469 servus

685 2536 736 2578 s.
784 2536 845 2578 n.
893 2513 976 2578 id
1020 2512 1503 2598 possideat),
1552 2513 1789 2579 deinde
1835 2513 2063 2580 addita
2107 2513 2251 2578 illa:
2322 2514 2575 2579 donec
2617 2513 2696 2577 in
2739 2512 2992 2577 terris

684 2622 969 2702 fuerit,
1039 2643 1183 2705 quae
1250 2644 1523 2706 prorsus
1590 2622 1817 2688 inania
1874 2629 1942 2689 et
1996 2644 2312 2708 perversa
2369 2627 2525 2689 sunt
2567 2622 2636 2687 in
2678 2621 2993 2706 temporis

685 2730 1038 2796 intervallo
1119 2730 1413 2798 notando
1495 2730 1710 2815 (post
1800 2733 2330 2797 centesimum
2409 2752 2694 2795 annum
2771 2750 2998 2812 quam

689 2839 1075 2905 Romulus
1132 2841 1501 2905 tenuerit
1556 2861 1917 2923 regnum,
1977 2839 2229 2906 donec
2274 2841 2353 2904 in
2398 2839 2649 2905 terris
2693 2837 2995 2918 fuerit).

688 2947 920 3031 Itaque
978 2946 1103 3013 hac
1149 2947 1371 3013 Livius
1417 2970 1576 3013 usus
1624 2955 1727 3014 est
1771 2949 2093 3013 orationis
2138 2947 2382 3013 forma:
2453 2953 2541 3012 ut
2597 2947 2675 3011 in
2721 2945 2998 3011 eadem

690 3057 1038 3122 civitate
1104 3062 1289 3141 post
1353 3057 1883 3122 centesimum
1950 3056 2119 3122 fere
2189 3077 2506 3136 annum,
2585 3055 2781 3132 qnod
2851 3055 3000 3119 Ro·

689 3165 951 3229 mulus
1018 3164 1164 3230 deo
1232 3170 1684 3249 prognatus
1743 3165 1939 3229 deus
1997 3165 2173 3249 ipse
2230 3164 2598 3229 tenuerit
2648 3183 2999 3247 regnum,

690 3273 945 3338 donec
990 3274 1069 3337 in
1114 3274 1367 3339 terris
1411 3272 1687 3352 fuerit,
1734 3272 1816 3337 id
1860 3294 2142 3338 servus
2187 3293 2423 3338 serva
2464 3277 2702 3337 natus
2745 3271 3002 3355 possi-

548 3391 657 3460 (48)
696 3380 901 3446 deat.
1015 3379 1140 3458 Qui
1198 3382 1505 3460 mutavit,
1575 3381 1940 3447 dormitans
1985 3402 2211 3447 vocem
2253 3379 2598 3446 relativam
2641 3399 3003 3445 accommo-

690 3489 872 3553 davit
928 3487 1014 3553 ad
1069 3490 1389 3573 temporis
1446 3491 1855 3555 notationem
1915 3489 2131 3573 (post
2187 3509 2242 3553 c.
2302 3488 2425 3569 a.),
2494 3508 2639 3573 quse
2695 3486 3002 3552 absolute

691 3597 956 3680 ponitur
1012 3594 1402 3677 (interiectis
1460 3605 1724 3664 centum
1769 3595 2009 3680 annis).
2120 3597 2302 3663 Idem
2365 3596 2673 3661 mendum
2740 3594 3004 3677 (quam

692 3726 810 3788 pro
868 3704 1109 3787 quod)
1167 3705 1532 3771 tollendum
1578 3705 1705 3771 erit
1748 3704 1877 3786 III,
1938 3709 2052 3785 56,
2117 3709 2213 3770 12.
2323 3703 2574 3770 Eodem
2620 3703 2836 3789 capite
2882 3701 2916 3785 ἓ
2962 3707 3001 3766 5

690 3834 810 3896 pro
868 3834 977 3891 e0‚
1045 3813 1221 3896 quod
1277 3834 1312 3879 e
1358 3814 1695 3879 codicibus
1754 3818 2084 3878 servatur:
2151 3815 2232 3878 in
2289 3812 2704 3878 vestibulo
2760 3811 3003 3893 regiae

692 3941 923 4003 quam
992 3928 1333 4004 potuere
1402 3920 2157 3987 tumultuosissime
2216 3922 2491 4005 specie
2546 3921 2737 3985 rixae
2796 3919 2873 3983 in
2918 3940 3001 3983 se

694 4050 965 4095 omnes
1033 4030 1570 4114 apparitores
1637 4031 1910 4113 regios
1978 4034 2503 4108 convertunt,
2584 4026 3004 4095 scribendum

692 4136 952 4202 videtur
995 4137 1176 4203 nulla
1219 4159 1422 4223 prope
1459 4139 1855 4204 mutatione:
1905 4159 2136 4221 quam
2178 4143 2520 4222 potuere
2565 4136 3005 4202 tumultuo-

693 4246 1039 4311 sissimae
1109 4247 1382 4330 specie
1440 4249 1664 4327 rixae3
1735 4269 1886 4312 nam
1943 4245 2453 4313 tumultuose
2510 4243 2867 4328 aliquem
2923 4245 3005 4307 in

698 4375 781 4419 se
850 4360 1329 4421 convertere
1385 4356 1491 4420 vix
1547 4361 1726 4421 recte
1785 4355 2061 4434 dicitur;
2127 4355 2529 4421 tumultuose
2586 4354 2878 4418 rixantes
2934 4353 3004 4416 in

694 4484 764 4527 se
811 4462 977 4528 alios
1024 4469 1427 4530 convertunt.
1543 4461 1643 4546 (C.
1692 4469 1802 4542 55,
1863 4468 1900 4528 7
1945 4463 2013 4528 M
2059 4463 2518 4547 Pomptine,
2574 4461 2625 4525 P
2669 4462 3006 4545 Promp-
