3230 5282
664 596 789 650 Lib.
825 595 995 650 XLII.
1763 585 1886 646 620

666 765 985 833 hactenus
1032 789 1175 834 eam
1221 770 1686 850 cogitationem
1746 770 2140 853 seposuerit.
2228 768 2353 833 Vix
2406 767 2552 834 fieri
2596 777 2846 855 potest,
2892 777 2970 836 ut

663 898 796 942 non
844 877 1180 960 scripserit
1225 877 1477 942 Livius:
1548 877 1849 943 bellum
1918 879 2073 942 iam
2130 879 2308 942 vivo
2365 884 2599 962 patre
2656 879 2966 961 cogita-

663 992 855 1065 tum3
900 986 968 1049 in
1015 1006 1091 1050 eo
1137 987 1308 1051 enim
1355 987 1704 1070 participio
1749 988 2117 1052 necessario
2164 986 2493 1070 particula
2528 993 2643 1053 est.
2712 987 2967 1054 Deinde

664 1092 697 1177 ἓ
746 1097 782 1158 6
852 1094 931 1158 de
980 1093 1224 1158 Graecis
1267 1093 1512 1159 Persea
1553 1095 1833 1159 Eumeni
1892 1094 2393 1178 praeferentibus
2453 1102 2520 1160 et
2576 1095 2670 1160 illi
2732 1117 2800 1160 se
2844 1117 2968 1180 ap-

660 1200 1062 1286 plicantibus
1112 1203 1207 1267 sic
1253 1202 1602 1268 edebatur:
1675 1223 1811 1267 seu
1870 1203 2052 1283 quia
2109 1225 2279 1268 eum
2340 1203 2742 1279 obiectum
2790 1226 2968 1270 esse

661 1311 1042 1375 Romanis
1088 1310 1475 1375 volebant
1524 1310 1753 1394 (prava
1798 1311 2183 1394 sententia);
2227 1313 2295 1376 in
2354 1311 2754 1404 codiceest:
2827 1334 2966 1377 seu

661 1420 856 1502 quia
911 1440 1062 1483 non
1119 1417 1451 1484 obiecta
1518 1439 1692 1483 esse
1760 1418 2142 1485 Romanis
2199 1419 2615 1498 volebant,
2685 1442 2764 1486 ex
2831 1443 2964 1504 quo

657 1526 1223 1594 Weissenbornius
1288 1525 1532 1592 effecit:
1602 1548 1755 1591 non
1803 1527 2161 1593 subiecti
2218 1551 2432 1608 esse3
2480 1528 2596 1594 sed
2641 1550 2718 1594 eo
2765 1531 2965 1613 sigm'-

660 1633 859 1699 ficatu
907 1633 1014 1716 (de
1069 1637 1179 1716 iis,
1248 1637 1359 1719 qui
1426 1635 1720 1700 nondum
1774 1636 1843 1699 in
1889 1635 2214 1701 dicionem
2268 1639 2662 1721 potentioris
2706 1637 2963 1702 redacti

657 1763 893 1826 parere
952 1751 1169 1808 tamen
1224 1744 1547 1809 voluntati
1614 1745 1753 1809 eius
1811 1746 2160 1826 coguntur)
2231 1745 2631 1810 obnoxius
2701 1745 2963 1824 dicitur,

657 1871 788 1914 non
835 1851 1279 1917 subiectus.
1369 1852 1532 1917 Mihi
1586 1853 1655 1917 in
1710 1861 1996 1917 mentem
2043 1855 2248 1932 venit,
2298 1856 2575 1939 propius
2634 1853 2831 1938 paulo
2877 1853 2966 1918 ad

657 1958 945 2023 litteras:
1016 1981 1172 2025 non
1240 1960 1554 2025 abiecti
1621 1982 1801 2025 esse
1851 1961 1924 2025 R.
1973 1983 2049 2038 V.‚
2099 1960 2221 2026 hoc
2268 1970 2385 2054 est,
2430 1984 2560 2028 non
2605 1964 2964 2046 contempti

660 2073 728 2131 et
772 2068 953 2132 viles,
1042 2068 1346 2133 Favendo
1392 2067 1826 2133 Macedonum
1872 2070 2011 2151 regi
2056 2070 2265 2135 Graeci
2316 2069 2577 2136 efficere
2622 2070 2958 2148 volebant,

658 2184 733 2239 ut
777 2176 1057 2241 Romani
1103 2185 1492 2260 cogerentur
1536 2177 1637 2242 sui
1683 2199 1943 2261 quoque
1990 2178 2277 2260 aliquam
2322 2182 2648 2245 rationem
2695 2179 2956 2258 ducere,

659 2286 970 2368 quoniam
1059 2284 1370 2349 adiuvare
1460 2284 1899 2350 adversarium
1971 2287 2332 2369 possent.¹)
2450 2287 2578 2353 Sed
2653 2286 2779 2353 hoc
2853 2290 2955 2353 in-

657 2398 936 2471 certum;
1003 2392 1166 2456 illud
1234 2400 1506 2469 certum,
1573 2394 1770 2477 paulo
1816 2402 1965 2479 post
2034 2393 2092 2477 (ἓ
2151 2395 2218 2476 8)
2289 2395 2705 2461 scribendum
2776 2417 2951 2461 esse:

657 2500 902 2578 Quum
969 2499 1418 2566 Thessalos
1487 2502 1566 2565 in
1635 2503 1883 2567 armis
1953 2524 2128 2567 esse
2197 2506 2657 2570 nuntiatum
2728 2512 2964 2570 esset

481 2621 628 2693 (511)
671 2608 838 2691 (cod.
887 2615 952 2673 et
996 2608 1143 2674 edd.
1191 2608 1359 2689 est),
1397 2609 1581 2693 App.
1632 2608 2054 2676 Claudium
2101 2611 2459 2694 legatum
2503 2614 2597 2678 ad
2646 2634 2782 2680 eas
2828 2634 2959 2680 res

652 2717 1173 2800 aspiciendas
1231 2752 1314 2762 —-
1370 2728 1702 2783 senatus
1761 2720 2001 2784 misit.
2091 2720 2427 2786 Iudicatur
2484 2743 2691 2787 causa
2749 2723 2954 2806 legati

651 2825 983 2905 mittendi,
1052 2847 1212 2907 non,
1292 2827 1691 2909 legationem
1756 2828 2062 2893 incidisse
2130 2830 2197 2892 in
2264 2830 2331 2895 id
2400 2839 2688 2914 tempu8‚
2758 2852 2961 2914 quum

651 2935 1028 2999 nuntiatum
1072 2935 1235 3000 illud
1283 2936 1362 3000 de
1411 2934 1741 3000 Thessalis
1789 2936 1876 3000 sit
1923 2935 2143 3018 (tum,
2190 2957 2419 3019 quum
2461 2974 2549 2985 —
2593 2939 2767 3021 est).
2835 2939 2956 3004 Er-

646 3050 865 3108 ratum
925 3043 1151 3108 eodem
1217 3043 1412 3108 modo
1492 3050 1610 3108 aut
1693 3045 2025 3109 contrario
2096 3045 2343 3125 (esset
2408 3069 2529 3130 pro
2599 3053 2728 3112 est
2795 3047 2957 3112 scri-

554 3205 558 3209 .
650 3150 894 3232 bendo)
946 3159 1011 3217 et
1057 3151 1216 3217 alibi
1261 3152 1329 3216 in
1374 3152 1541 3216 Livii
1588 3150 1925 3217 codicibus
1971 3175 2101 3217 non
2146 3154 2243 3218 ita
2288 3175 2440 3219 raro
2489 3162 2556 3219 et
2598 3156 2667 3219 in
2716 3155 2944 3220 codice

645 3259 1171 3337 Vindobonensi,
1217 3264 1291 3323 ut
1337 3259 1560 3323 statim
1608 3280 1661 3324 c.
1717 3264 1814 3339 18,
1864 3265 1900 3325 6
1958 3262 2025 3325 in
2082 3282 2158 3327 eo
2217 3263 2527 3327 scribitur
2573 3262 2759 3344 (item
2804 3269 2950 3346 post

643 3368 905 3452 quum)
954 3367 1301 3433 dilatum
1348 3372 1472 3430 est
1516 3388 1634 3449 pro
1681 3367 2027 3433 dilatum
2073 3378 2322 3450 esset,
2370 3370 2549 3455 quod
2584 3377 2764 3436 recte
2813 3371 2948 3436 edi-

641 3481 766 3540 tur.
860 3475 1175 3559 Sequitur
1235 3473 1295 3557 (ἓ
1359 3473 1497 3554 10):
1557 3475 2006 3542 AEtolorum
2074 3499 2366 3543 causas
2429 3477 2944 3556 Marcellus²)

645 3580 995 3668 Delphis
1041 3604 1180 3667 per
1222 3582 1435 3648 idem
1481 3590 1803 3668 tempus
1850 3585 2309 3653 hostilibus
2355 3588 2945 3665 actas-animiS,

644 3712 841 3773 quas
887 3692 1285 3756 intestino
1332 3698 1768 3773 gesserant
1813 3691 2064 3773 be110‚
2111 3696 2512 3778 cognovit.
2605 3695 2807 3760 Recte
2852 3696 2950 3759 in·

640 3797 974 3864 tellectum
1021 3806 1139 3879 est,
1186 3819 1476 3865 causas
1520 3819 1651 3864 non
1698 3800 1871 3882 geri
1917 3801 2177 3881 be110‚
2227 3810 2292 3867 et
2325 3809 2541 3868 totum
2577 3802 2704 3868 hoc
2743 3823 2943 3886 quas

634 3908 676 3972 i.
726 3929 783 3990 g.
832 3907 893 3972 b.
955 3908 1240 3974 inaniter
1307 3907 1521 3972 adiici.
1610 3906 1846 3993 Itaque
1913 3909 2301 3993 Rupertium
2366 3913 2771 3978 recentiores
2838 3933 2935 3977 se-

639 4026 946 4097 quuntur,
994 4036 1193 4098 quos
1239 4015 1646 4094 scribentem,
1693 4021 1767 4080 ut
1813 4016 1898 4081 ad
1944 4020 2194 4083 animos
2240 4019 2581 4085 referatur.
2677 4017 2802 4084 Sed
2844 4018 2933 4082 vi-

589 4288 600 4297 ’
700 4279 745 4347 ¹)
785 4277 963 4348 [Fort.
1005 4279 1165 4348 quia
1200 4281 1425 4335 omnia
1462 4281 1749 4336 obiecta
1786 4297 1937 4335 esse
1985 4280 2310 4336 Romanis
2348 4284 2709 4337 volebant.
2769 4276 2935 4347 1864]

702 4364 752 4433 ²)
789 4364 957 4435 [Num
992 4366 1069 4420 M.
1109 4366 1522 4420 Marcellus?
1594 4365 1829 4420 Videtur
1883 4364 2200 4435 significari,
2256 4369 2352 4436 qui
2389 4386 2434 4422 a.
2510 4370 2609 4422 183
2644 4366 2834 4423 consul
2866 4364 2943 4419 fu-

791 4458 926 4507 erat.
1004 4450 1177 4520 1864]
2716 4445 2733 4461 ⁸
