3230 5282
563 628 690 684 Lib.
725 629 792 684 V.
1665 619 1788 681 140

569 802 799 887 populi
843 802 1041 868 Veios
1088 823 1168 868 ex
1213 802 1554 869 obsidione
1600 801 1990 887 eriperent),
2052 810 2298 871 antea
2356 826 2435 871 se
2478 803 2559 870 id
2602 803 2881 869 Veien—

567 911 793 976 tibus
837 931 1209 994 negasse,
1268 911 1475 995 quia,
1533 911 1742 977 unde
1787 912 2221 979 consilium
2266 935 2423 980 non
2465 912 2884 999 petissent

568 1040 811 1103 super
854 1025 1091 1085 tanta
1126 1040 1229 1100 re,
1265 1019 1663 1085 auxilium
1696 1026 1977 1104 petere
2011 1042 2163 1086 non
2199 1021 2620 1104 deberent3
2668 1041 2881 1086 nunc

565 1129 724 1194 iam
791 1149 936 1212 pro
1007 1149 1090 1193 se
1157 1127 1564 1193 fortunam
1635 1149 1858 1194 suam
1913 1127 2088 1194 illis
2142 1150 2471 1213 negare3
2537 1129 2879 1195 maxime

567 1236 647 1301 in
727 1258 816 1302 ea
891 1240 1130 1320 parte
1197 1235 1548 1301 Etruriae
1631 1241 1948 1318 gentem
2026 1236 2549 1303 invisitatam
2628 1258 2878 1303 novos

569 1345 894 1410 accolas
942 1342 1226 1409 Gallos
1274 1364 1464 1425 esse,
1510 1364 1683 1409 cum
1727 1344 2026 1428 quibus
2068 1365 2211 1410 nec
2253 1366 2405 1429 pax
2452 1346 2660 1411 satis
2704 1344 2885 1411 fida

567 1475 710 1520 nec
785 1446 1092 1518 bellum
1152 1473 1295 1536 pro
1364 1457 1587 1517 certo
1655 1452 1784 1516 sit.
1905 1451 1984 1516 In
2047 1452 2154 1517 his
2220 1451 2562 1519 turbatum
2627 1453 2884 1538 aliquid

570 1583 743 1642 esse,
822 1561 1055 1640 sensit,
1135 1561 1249 1644 qui
1315 1560 1449 1625 alia
1515 1559 1758 1624 similia
1822 1582 1954 1625 non
2019 1562 2473 1643 praetermisit,
2552 1561 2880 1628 DukeruS.

566 1669 738 1735 Nam
803 1689 925 1735 nec
990 1668 1324 1734 maxime
1389 1669 1459 1733 in
1527 1667 1756 1752 aliqua
1820 1674 2013 1752 parte
2057 1668 2340 1734 Etruriae
2397 1669 2637 1735 accolae
2695 1677 2883 1736 erant

569 1777 741 1843 Galli
800 1798 921 1843 nec
977 1776 1242 1842 omnino
1300 1775 1382 1840 in
1426 1775 1657 1859 aliqua
1699 1782 1888 1860 parte
1936 1776 2264 1858 accolae3
2332 1799 2454 1843 nec
2497 1778 2730 1844 melius
2771 1799 2884 1845 res

567 1886 867 1969 procedit
931 1884 1034 1950 his
1089 1883 1344 1949 verbis:
1422 1885 1762 1949 maxime
1820 1884 1898 1948 in
1955 1905 2046 1949 ea
2100 1890 2334 1969 parte
2388 1886 2736 1953 Etruriae
2793 1886 2877 1953 ad

569 1995 910 2079 superiora
986 1992 1347 2073 adiunctis,
1428 2013 1633 2076 quum
1710 1999 1982 2076 propter
2058 1991 2225 2059 alias
2309 2015 2547 2060 causas
2628 1993 2883 2076 (suam
2954 2006 2963 2013 ’

567 2102 982 2170 fortunam
1058 2121 1359 2184 negare
1437 2100 1516 2164 in
1596 2121 1690 2165 ea
1755 2106 1990 2184 parte
2062 2100 2394 2184 Galliae),
2471 2109 2617 2168 tum
2695 2103 2875 2187 quod

567 2211 812 2276 nullius
849 2209 1120 2276 alterius
1154 2209 1366 2293 partis
1401 2207 1719 2273 auxilium
1752 2208 2123 2292 petebatur.
2194 2210 2445 2276 Deinde
2482 2217 2550 2277 et
2584 2210 2879 2295 alioquin

566 2320 799 2384 vitiose
844 2317 987 2383 haec
1032 2316 1479 2381 cumulantur:
1547 2336 1737 2398 gens
1792 2316 2231 2383 invisitata
2285 2319 2590 2385 accolae
2649 2318 2867 2386 Galli

569 2434 654 2493 et·
692 2427 968 2492 vitiosus
1015 2431 1117 2490 est
1161 2424 1324 2490 ordo
1369 2422 1753 2504 verborum,
1819 2425 2214 2510 interposito
2272 2427 2632 2508 accolas,
2699 2427 2882 2512 quod

568 2534 911 2620 praedicati
954 2533 1099 2598 loco
1147 2539 1264 2613 est,
1312 2533 1484 2597 inter
1523 2538 1846 2624 ‘gentem
1890 2533 2412 2601 invisitatam
2458 2541 2526 2600 et
2572 2535 2879 2602 Gallos,

566 2644 714 2711 Hoc
758 2644 1044 2729 primum
1090 2643 1547 2725 expediamu83
1593 2641 1947 2726 apparebit
1990 2645 2162 2708 enim
2208 2644 2600 2726 attendenti,
2644 2665 2887 2710 novam

570 2752 967 2820 sententiam
1023 2749 1106 2816 ab
1163 2749 1268 2815 his
1324 2749 1539 2814 ‚verbis
1596 2750 1918 2834 incipere:
1985 2773 2238 2818 novos
2295 2753 2618 2818 accolas
2679 2752 2883 2836 (illos,

570 2863 684 2946 qui
732 2858 1082 2944 significati
1129 2857 1578 2944 superioribus
1624 2858 1841 2924 verbis
1888 2857 2069 2941 sunt)
2116 2859 2398 2927 Gallos
2445 2881 2654 2940 esse,
2712 2882 2887 2926 cum

571 2969 864 3053 quibus
936 2974 1059 3032 cet.
1175 2964 1522 3049 Sequitur,
1591 2971 1668 3030 ut
1733 2967 1873 3050 ipse
1942 2988 2168 3032 eorum
2226 2969 2549 3035 adventus
2608 2975 2676 3035 et
2729 2991 2883 3055 pro·

396 3096 538 3164 (119)
574 3077 916 3162 pinquitas
975 3075 1380 3160 significetur
1435 3074 1540 3139 his
1598 3074 1842 3140 verbis:
1910 3077 2247 3142 maxime
2318 3078 2394 3142 in
2454 3097 2549 3143 ea
2604 3100 2667 3161 p.
2713 3077 2880 3144 Etr.

568 3185 1087 3250 invisitatam
1146 3190 1492 3267 gentem3
1562 3203 1645 3248 ex
1689 3206 1821 3266 quo
1867 3185 2289 3267 perspicuum
2334 3191 2453 3266 est,
2514 3185 2881 3251 desiderari

566 3294 991 3372 infinitivum,
1062 3294 1174 3376 qui
1233 3297 1350 3357 aut
1406 3291 1725 3357 exciderit
1780 3298 1898 3356 aut
1949 3293 2017 3356 in
2061 3293 2399 3358 maxime
2445 3293 2686 3373 lateat,
2756 3295 2882 3359 etsi

567 3400 713 3467 fieri
770 3406 1025 3485 potest,
1093 3406 1167 3464 ut
1230 3399 1538 3465 mendum
1603 3421 1735 3465 non
1800 3421 1933 3466 uno
1999 3400 2116 3466 illo
2183 3401 2383 3466 verbo
2441 3403 2878 3467 contineatur.

564 3508 668 3573 Ad
714 3508 1110 3574 sententiam
1156 3514 1383 3592 aptum
1430 3507 1546 3571 sit:
1618 3507 2041 3573 Imminere
2089 3507 2547 3591 [Imminere
2608 3507 2878 3593 quum]

565 3616 903 3681 maxime
982 3615 1060 3679 in
1141 3635 1309 3679 eam
1385 3621 1705 3698 partem
1770 3616 2129 3682 Etruriae
2194 3625 2516 3701 gentem
2582 3618 2880 3683 invisi-

564 3730 854 3804 tatam3
921 3724 1018 3787 ita
1066 3723 1321 3787 Livium
1380 3723 1758 3806 scripsisse,
1814 3725 2091 3789 multum
2138 3725 2355 3804 abest,
2418 3732 2495 3790 ut
2538 3725 2878 3805 affirmem,

565 3852 643 3897 ac
702 3833 926 3916 potius
970 3830 1384 3915 probabilius
1432 3832 1681 3916 aliquid
1726 3834 2016 3917 requiro.
2108 3831 2472 3915 [Summam
2517 3833 2879 3918 probabili-

566 3946 770 4004 tatem
814 3938 1046 4004 habet:
1097 3939 1484 4003 luvaslsse
1528 3942 1607 4005 in
1655 3962 1824 4006 eam
1869 3949 2181 4025 partem
2227 3941 2597 4007 Etruriae.
2660 3939 2877 4024 1873]

702 4209 762 4263 in
808 4211 1189 4264 anacoluthon
1233 4212 1370 4279 tale,
1426 4216 1489 4266 ut
1526 4211 1773 4267 diceret:
1830 4212 2163 4267 traditum
2209 4231 2383 4281 esse,
2438 4220 2512 4268 ut
2544 4240 2614 4251 —
2649 4215 2873 4269 victo-

702 4295 954 4349 toriam
989 4323 1059 4333 —
1094 4296 1268 4364 dari,
1313 4297 1397 4350 ita
1439 4297 1618 4352 nihilo
1664 4299 1849 4352 minus
1886 4304 2101 4352 certum
2139 4316 2285 4366 esse,
2332 4305 2406 4353 ut
2443 4299 2713 4368 quando
2752 4318 2879 4355 eum

701 4398 808 4450 pro
847 4381 901 4435 si
940 4382 1205 4450 quando
1241 4400 1357 4437 non
1394 4382 1618 4437 dixisse.
1694 4382 2030 4437 Tollendum
2067 4389 2154 4438 est
2190 4389 2275 4450 ut,
2312 4385 2707 4454 interpositum
2746 4390 2882 4455 post

705 4467 801 4520 sic
840 4467 909 4519 ab
948 4466 1212 4521 oscitanti
1250 4468 1435 4523 scriba
1472 4469 1721 4523 librario.
1800 4467 1916 4539 [Sic
1954 4467 2287 4539 Creverius.]
