3230 5282
496 561 620 614 Lib.
658 560 857 615 XXVI.
1592 553 1714 612 376

495 753 712 816 neque
769 754 951 797 num
1008 734 1166 816 poni
1227 740 1478 815 potest,
1548 736 1862 816 quoniam
1904 734 2202 799 homines
2248 734 2670 817 suspicantur
2714 736 2822 799 ita

497 862 673 920 esse,
733 861 948 923 neque
1007 861 1298 919 annon,
1356 842 1538 923 quod
1595 842 1870 925 antiquo
1926 841 2240 924 loquendi
2298 863 2422 906 usu
2477 863 2816 924 nunquam

474 946 1083 1029 (quemadmodum
1152 947 1274 1029 an)
1343 950 1413 1014 in
1480 949 2003 1031 interrogatione
2062 948 2514 1032 superioribus
2572 950 2821 1014 adnec-

496 1054 698 1120 tenda
746 1056 1045 1138 ponitur3
1096 1057 1222 1120 etsi
1255 1078 1339 1120 ne
1389 1077 1483 1120 an
1530 1055 1796 1138 quidem
1840 1056 1903 1120 h.
1942 1057 1983 1121 1.
2021 1064 2202 1121 recte
2238 1063 2612 1140 poneretur.
2684 1058 2810 1121 Re-

494 1164 848 1247 linquitur:
907 1164 1173 1229 tacita
1216 1165 1641 1245 cogitati0,
1691 1164 2070 1246 quidnam
2119 1166 2519 1247 egissent3
2566 1183 2823 1226 nonne

493 1271 729 1337 favor
788 1271 973 1354 plus
1019 1271 1431 1336 valuisset
1479 1291 1714 1354 quam
1762 1273 1980 1336 ratio
2046 1271 2152 1351 (ex
2195 1264 2323 1337 hac
2369 1278 2558 1335 recta
2604 1272 2806 1336 inter-

495 1378 771 1462 rogandi
816 1377 1055 1443 forma:
1106 1378 1436 1455 Quidnam
1482 1380 1779 1460 egimus?
1824 1377 2057 1444 Nonne
2100 1415 2188 1424 —-
2231 1378 2530 1460 valuit?).

415 1468 423 1476 ⁶
668 1486 825 1571 Cap.
875 1491 985 1567 22,
1048 1492 1084 1550 '7
1133 1486 1230 1566 (in
1277 1487 1349 1551 T.
1397 1486 1628 1551 Manlii
1685 1487 2100 1553 consulatum
2142 1488 2514 1552 recusantis
2560 1486 2647 1551 ad
2694 1485 2818 1551 Cu:

497 1595 827 1674 Fulvium,
887 1596 1003 1679 qui
1047 1596 1317 1660 comitia
1362 1594 1672 1674 habebat,
1737 1593 2096 1675 oratione):
2167 1594 2529 1677 proinde,
2590 1595 2654 1659 si
2700 1595 2822 1658 vi·

498 1703 866 1782 deretur,
927 1708 1005 1767 et
1059 1702 1334 1766 redire
1392 1704 1469 1766 in
1530 1693 2023 1784 suffragium
2067 1701 2491 1767 Veturiam
2535 1703 2822 1767 iunio·

495 1832 666 1875 rum
721 1810 1053 1875 iuberet
1096 1816 1176 1875 et
1217 1810 1731 1874 meminisset
1773 1810 1856 1874 iu
1901 1809 2388 1876 consulibus
2435 1811 2825 1875 creandis-

496 1918 730 1998 belli,
798 1917 1012 2001 quod
1066 1918 1144 1981 in
1205 1917 1462 1982 Italia
1517 1918 1632 1981 sit
1676 1922 1799 1981 cet.
1911 1917 2058 1982 Non
2105 1916 2220 1982 Cn.
2267 1917 2540 1983 Fulvius
2588 1918 2814 1982 memi-

496 2027 669 2092 nisse
725 2026 794 2091 id
852 2025 1169 2104 debebat,
1235 2025 1350 2090 sed
1408 2026 1520 2106 qui
1582 2023 1901 2108 suffragia
1955 2025 2293 2105 ferebaut3
2360 2027 2589 2107 itaque
2634 2031 2818 2090 recte

498 2135 786 2200 editores
854 2140 1009 2198 ante
1055 2133 1294 2197 Aldum
1339 2133 1805 2199 meminisse
1850 2141 2211 2217 posuerant
2255 2133 2560 2214 (redire
2621 2169 2690 2179 —
2734 2139 2827 2197 et·

499 2239 1032 2321 meminisse);
1100 2240 1414 2305 librarius
1470 2241 1597 2306 hoc
1653 2240 1923 2306 verbum
1982 2242 2153 2306 male
2198 2242 2284 2305 ad
2328 2241 2660 2306 iuberet
2704 2262 2808 2305 ac-

500 2349 963 2416 commodavit.
1030 2347 1128 2414 Eo
1174 2348 1385 2431 magis
1430 2354 1728 2433 apparet,
1776 2370 2080 2432 perverse
2124 2347 2264 2414 haec
2309 2356 2649 2431 tamquam
2684 2349 2815 2413 duo

328 2471 469 2537 (308)
505 2459 682 2522 inter
736 2478 805 2521 se
864 2456 1151 2540 aequalia
1206 2456 1521 2539 distingui
1577 2463 1658 2521 et
1715 2457 2079 2539 geminato:
2149 2464 2229 2521 et
2282 2456 2552 2521 redire
2609 2492 2694 2501 -—
2740 2464 2832 2521 et-

498 2566 992 2641 meminisse,
1063 2584 1463 2648 quamquam
1533 2564 1712 2628 idem
1767 2571 1914 2629 erat
1970 2565 2201 2629 vitium
2256 2566 2323 2629 in
2378 2565 2505 2629 hac
2563 2563 2822 2628 diiunc-

499 2675 709 2739 tione:
780 2679 860 2738 et
915 2672 1189 2737 redire
1247 2672 1575 2738 iuberet
1621 2680 1698 2737 et
1742 2674 2276 2738 meminisset.
2384 2672 2817 2737 Scribendum

502 2789 632 2846 est:
688 2781 1065 2864 proinde,
1124 2782 1190 2846 si
1235 2781 1664 2846 videretur
1708 2781 1815 2861 cI,
1872 2781 2151 2846 redire
2195 2782 2274 2845 in
2322 2779 2818 2861 suffragium

499 2925 586 2935 —-
630 2889 955 2954 iuberet
1011 2895 1088 2954 et
1142 2890 1609 2955 meminisse
1669 2895 1792 2953 cet.
1891 2889 2215 2972 Legitime
2258 2889 2328 2953 in
2373 2888 2499 2953 hac
2545 2889 2831 2952 comiter

498 2998 782 3081 rogandi
848 2996 1246 3078 iubendique
1311 2998 1529 3063 forma
1584 2996 1881 3062 dativum
1937 2996 2124 3075 addi,
2195 2996 2548 3081 apparebit
2612 2997 2822 3078 inspi-

503 3106 703 3171 cienti
757 3105 842 3184 II,
892 3108 991 3184 56,
1042 3107 1149 3182 12,
1207 3104 1438 3184 XXVI,
1489 3108 1586 3185 16,
1633 3110 1708 3183 4,
1771 3103 2007 3184 XXXI,
2054 3110 2113 3184 4,
2160 3109 2228 3185 2,
2286 3103 2579 3183 XXXIV,
2626 3107 2729 3182 46,
2780 3107 2826 3165 5

501 3214 877 3297 multosque
936 3212 1104 3276 alios
1149 3210 1317 3276 Livii
1373 3219 1441 3276 et
1487 3210 1821 3279 Ciceronis
1878 3212 2093 3292 loc08,
2165 3214 2277 3297 qui
2335 3214 2401 3276 in
2458 3212 2686 3276 lexicis
2733 3209 2815 3290 (V.

501 3321 795 3402 videri)
855 3326 924 3385 et
979 3318 1142 3384 alibi
1198 3319 1406 3400 (velut
1461 3321 1643 3404 apud
1688 3320 2054 3386 Beckerum
2099 3321 2366 3402 Antiqq.
2415 3320 2602 3384 Rom.
2651 3318 2735 3398 II,
2781 3322 2831 3380 2-

503 3451 566 3513 p.
616 3427 770 3509 444)
840 3426 1101 3493 collecti
1169 3435 1341 3492 sunt.
1456 3428 1709 3493 Eadem
1774 3429 2177 3512 permutatio
2246 3427 2377 3508 (est
2445 3428 2620 3492 enim
2673 3447 2830 3510 per·

503 3535 772 3619 vagata)
851 3534 1032 3599 facta
1112 3542 1220 3599 est
1297 3537 1582 3619 proximi
1659 3535 1813 3600 libri
1900 3533 2200 3615 (XXVII)
2283 3556 2336 3599 c.
2408 3540 2477 3615 8,
2558 3539 2628 3613 8,
2707 3533 2823 3598 ubi

385 3681 395 3690 ·
507 3644 851 3709 scribitur:
906 3649 1316 3707 vetustum
1372 3645 1501 3708 ius
1559 3644 2015 3710 sacerdotii
2074 3642 2174 3723 (C.
2221 3643 2523 3707 Valerius
2579 3639 2822 3705 flamen

504 3752 740 3833 Dialis)
796 3749 1267 3835 repetebat3
1336 3750 1612 3815 datum
1677 3752 1761 3817 id
1817 3773 1987 3817 cum
2043 3756 2234 3833 toga
2288 3755 2691 3834 praetexta
2745 3754 2835 3812 et.

506 3857 722 3924 sella
779 3856 1048 3923 curuli
1104 3863 1184 3921 et
1241 3857 1620 3924 flaminio
1667 3879 1868 3924 esse.
1970 3858 2226 3923 Vitiose
2273 3880 2421 3923 cum
2467 3856 2822 3922 sacerdotii

508 3967 915 4034 ornamentis
960 3966 1160 4030 tertio
1206 3966 1353 4031 loco
1398 3966 1755 4049 copulatur
1797 3968 2019 4049 ipsum
2064 3966 2543 4046 sacerdotium3
2602 3966 2836 4047 agitur*

510 4078 590 4142 de
635 4075 844 4159 ipsius
889 4072 1257 4139 sacerdotii
1289 4075 1463 4155 iure3
1513 4074 1935 4139 scribendum
1979 4080 2086 4139 est
2129 4075 2361 4157 igitur:
2421 4074 2698 4138 datum
2744 4072 2823 4137 id

509 4205 681 4249 cum
738 4189 785 4248 t.
831 4203 941 4267 pr.
990 4186 1059 4245 et
1115 4203 1163 4246 s.
1213 4182 1479 4247 curuli
1525 4182 1594 4245 ci
1641 4182 2017 4247 flaminio
2065 4203 2266 4247 esse.
2372 4182 2603 4263 (Plura
2649 4182 2824 4245 enim

509 4297 700 4357 erant
742 4287 1084 4370 flaminia.)
1184 4289 1415 4374 Neque
1458 4292 1676 4356 minus
1721 4291 2143 4374 perspicuum
2189 4295 2288 4354 est
2333 4289 2626 4355 eiusdem
2670 4288 2830 4353 libri

510 4421 563 4464 c.
616 4404 728 4479 11,
789 4403 1094 4492 110recte
1138 4396 1525 4463 Rhenanam
1570 4396 1770 4463 scribi
1815 4397 2134 4463 voluisse:
2206 4400 2330 4462 cui
2389 4395 2466 4460 di
2523 4400 2829 4462 sortem
