3230 5282
1560 640 1683 700 383
2410 650 2534 705 Lib.
2573 650 2777 704 XXVI.

461 824 808 890 subeunda
877 826 992 904 sit,
1072 822 1507 908 probabiliter
1577 823 1924 907 Ussingius
1997 830 2153 887 ante
2226 822 2392 887 duae
2466 829 2536 886 et
2616 822 2772 888 addi

460 932 668 997 iubet:
765 931 982 1014 1863.)

632 1038 790 1123 Cap.
843 1044 954 1119 31,
1014 1043 1053 1103 2
1100 1039 1196 1121 (in
1253 1039 1550 1104 Marcelli
1610 1046 1842 1105 contra
1903 1038 2354 1122 Syracusanos
2412 1036 2770 1117 oratione):

460 1148 597 1214 sed
639 1171 816 1228 non,
880 1148 1072 1232 quid
1118 1168 1262 1230 ego
1308 1147 1661 1226 fecerim,
1709 1148 1787 1211 in
1834 1147 2508 1230 disquisitionem
2553 1147 2774 1211 venit

456 1278 629 1321 nam
677 1255 1077 1339 quidquid
1122 1256 1268 1320 isti
1312 1258 1489 1339 pati
1538 1255 1991 1320 debuerint.
2064 1253 2170 1319 Sic
2215 1255 2283 1318 P.
2319 1290 2406 1306 —-
2444 1255 2769 1320 Weissen-

456 1364 726 1429 bornius
798 1363 1010 1428 multa
1074 1362 1406 1428 moliendo
1463 1365 1561 1428 ita
1621 1364 1944 1428 dicentem
1999 1362 2383 1427 Marcellum
2440 1362 2627 1441 facit,
2696 1369 2772 1427 ut

455 1472 617 1536 nihil
679 1473 944 1537 omnino
1005 1471 1369 1553 relinquat,
1440 1471 1619 1556 quod
1677 1473 1745 1536 in
1808 1471 2333 1553 disquisitionem
2391 1472 2642 1549 veniat,
2710 1472 2765 1535 si

455 1579 721 1661 quidem
792 1587 859 1644 et
915 1580 1132 1661 ipsum
1187 1585 1367 1644 recte
1423 1578 1656 1645 fecisse
1715 1586 1781 1644 et
1836 1579 2314 1663 Syracusanos,
2384 1600 2530 1661 quae
2584 1579 2766 1662 passi

454 1688 614 1766 sint,
682 1687 1003 1752 meruisse
1061 1707 1182 1770 pro
1243 1693 1424 1752 certo
1482 1687 1769 1770 ponitur.
1882 1687 2151 1752 Rectius
2200 1688 2563 1752 Gronovius
2621 1708 2767 1752 sen-

454 1796 729 1860 tentiam
805 1800 1255 1879 perspexerat.
1379 1794 1734 1859 Marcellus
1802 1796 1974 1860 enim
2042 1796 2275 1876 quaeri‘
2311 1801 2539 1878 negat,
2609 1795 2766 1878 quid

450 1904 590 1986 ipse
634 1903 898 1982 fecerit3
946 1902 1244 1967 confiteri
1289 1903 1462 1966 enim
1508 1924 1597 1980 se,
1643 1923 1864 1968 severe
1909 1909 2236 1968 tractatos
2283 1902 2765 1987 Syracusanos3

449 2011 516 2075 id
562 2003 766 2096 quaeri
801 2013 938 2089 ait,
1008 2011 1451 2075 meruerintne
1497 2010 1655 2092 ipsi,
1724 2016 1802 2074 ut
1846 2011 1942 2074 sic
1985 2016 2469 2091 tractarentur3
2535 2012 2766 2093 itaque

449 2119 574 2184 hoc
630 2119 943 2202 deinceps
1000 2116 1456 2183 demonstrare
1514 2126 1810 2183 conatur.
1932 2117 2211 2200 Scripsit
2255 2120 2460 2201 igitur
2506 2118 2759 2182 Livius:

448 2225 605 2293 Sed
648 2233 1021 2307 nontam,
1079 2226 1272 2308 quid
1334 2245 1473 2306 ego
1521 2225 1887 2305 fecerim,
1951 2227 2027 2290 in
2074 2226 2751 2308 disquisitionem
2791 2235 2941 2301 (313)

446 2336 706 2414 venit,
765 2354 977 2412 qna·
1032 2333 1230 2416 quid
1273 2334 1416 2398 isti
1461 2334 1639 2416 pati
1685 2333 2143 2398 debuerint.
2248 2334 2562 2400 Gronovii
2609 2355 2763 2398 con-

446 2443 716 2506 iecturae
786 2442 1000 2507 adieci
1068 2449 1228 2506 tam
1298 2440 1724 2524 particulam,
1795 2462 1995 2523 quam
2054 2442 2285 2507 scribae
2341 2443 2759 2524 neglegentia

447 2552 753 2614 omissam
822 2571 964 2615 esse
1035 2550 1340 2614 arbitror.
1451 2549 1624 2614 Nam
1679 2570 1800 2632 pro
1856 2571 2007 2614 non
2066 2557 2228 2615 tam
2270 2585 2357 2594 —
2402 2571 2637 2632 quam
2698 2550 2762 2613 in

450 2658 764 2724 facillima
809 2665 876 2723 et
919 2658 1083 2724 nulli
1128 2657 1619 2742 perturbationi
1666 2657 1953 2723 obnoxia
1998 2658 2227 2737 forma,
2276 2680 2480 2741 quum
2525 2657 2762 2721 millies

446 2774 625 2832 recte
682 2767 1113 2846 scriberetur,
1180 2766 1264 2831 ab
1333 2766 1564 2831 eodem
1635 2767 1959 2849 scriptore
2030 2787 2157 2831 uno
2228 2773 2295 2831 et
2351 2765 2560 2830 altero
2617 2764 2762 2829 loco

448 2882 680 2940 contra
736 2875 1053 2939 sermonis
1110 2880 1416 2939 naturam
1462 2875 1747 2958 positum
1793 2895 1936 2939 esse
1981 2895 2135 2939 non
2186 2910 2268 2919 —
2312 2893 2574 2957 quam,
2634 2893 2762 2936 non

445 2964 639 3047 facile
685 2980 847 3045 mihi
890 2983 1330 3064 persuadetur
1373 2988 1693 3064 quattuor
1735 2982 2153 3061 testimoniis,
2201 3002 2331 3045 uno
2380 3002 2458 3045 ex
2504 2979 2648 3044 libr.
2677 2979 2761 3057 II,

454 3094 551 3164 56,
597 3093 635 3152 9
685 3089 865 3167 (non
911 3088 1163 3153 facile
1207 3088 1885 3173 loquor—quam,
1935 3089 2143 3172 quod
2189 3089 2523 3153 locutus
2571 3108 2761 3164 sum,

452 3195 813 3279 praesto),
872 3196 1083 3261 altero
1129 3196 1340 3276 XXV,
1405 3202 1513 3276 15,
1573 3203 1642 3275 9,
1705 3199 1908 3263 tertio
1955 3197 2083 3263 hoc
2127 3199 2304 3280 ips0‚
2363 3195 2538 3277 quod
2584 3201 2762 3258 trac-

459 3309 695 3384 tamus,
764 3310 997 3386 quarto
1044 3303 1258 3383 XXX,
1330 3309 1430 3385 20,
1501 3310 1568 3384 7;
1638 3327 1790 3370 nam
1857 3306 2157 3387 quintum
2224 3326 2302 3368 ex
2359 3303 2553 3367 huius
2610 3302 2765 3366 libri

451 3432 504 3475 c.
549 3416 646 3490 18,
698 3415 734 3474 3
780 3433 1049 3495 prorsus
1095 3413 1343 3477 nullam
1389 3412 1590 3478 habet
1636 3415 1783 3492 vim,
1833 3413 2137 3495 quoniam
2187 3434 2264 3477 ex
2308 3432 2455 3475 nec
2500 3416 2759 3475 tamen

451 3519 766 3584 facillime
814 3520 889 3584 fit
934 3541 1074 3585 nec
1120 3527 1297 3599 tam,
1355 3521 1529 3603 quod
1574 3522 1706 3585 iam
1748 3520 2078 3586 Gronovio
2124 3521 2189 3584 in
2238 3526 2521 3584 mentem
2568 3520 2763 3596 venit,

451 3616 834 3709 fallituique
880 3627 1299 3693 vehementer
1343 3629 1947 3707 WeissenborniuS,
2008 3629 2185 3712 quod
2231 3635 2492 3692 tamen
2537 3648 2761 3691 neces-

453 3736 700 3798 sarium
778 3740 1002 3818 putat3
1097 3737 1524 3801 continuatur
1601 3738 1777 3802 enim
1858 3738 2104 3814 oratio,
2196 3738 2383 3819 quasi
2466 3736 2763 3799 dicatur:

452 3861 732 3924 eumque
789 3843 1321 3908 extraordinaria
1378 3864 1538 3908 cura
1585 3843 2018 3927 deligendum.
2122 3844 2432 3928 Sequitur
2476 3844 2543 3907 in
2589 3843 2764 3907 Mar-

450 3949 599 4014 celli
635 3952 930 4015 oratione
967 3949 1027 4033 (ἓ
1054 3955 1091 4014 2
1119 3959 1185 4016 et
1211 3950 1308 4031 3):
1359 3950 1510 4027 Qui
1548 3953 1613 4017 si
1661 3973 1814 4017 non
1850 3952 2182 4017 fuerunt
2214 3953 2516 4031 hostes,
2553 3950 2762 4015 nihil

448 4057 832 4137 interest,
901 4064 1173 4123 utrum
1240 4080 1446 4123 nunc
1505 4080 1599 4123 an
1659 4061 1832 4124 vivo
1891 4060 2247 4125 Hierone
2307 4059 2761 4144 Syracusas

448 4164 971 4245 violaverin13
1033 4168 1159 4231 sin
1218 4175 1484 4232 autem
1544 4168 2073 4233 desciverunt
2118 4176 2398 4252 portas
2444 4167 2764 4251 legatos

445 4279 775 4337 nostros
855 4271 1073 4338 ferro
1154 4284 1403 4357 atque
1486 4276 1733 4339 armis
1802 4276 2254 4359 petierunt,
2333 4275 2605 4341 urbem
2675 4294 2762 4338 ac

446 4381 763 4444 moenia
820 4379 1303 4446 clauserunt
1361 4384 1891 4465 exercituque
1950 4381 2765 4467 Carthaginiensium

447 4487 847 4553 adversus
913 4511 1058 4555 nos
1127 4491 1382 4555 tutati
1454 4497 1676 4570 sunt,
1760 4493 1940 4575 quis
2018 4512 2305 4575 passos
2373 4511 2552 4555 esse
2620 4488 2762 4587 h.⁰'

1840 5102 1879 5169 j„

1810 5234 1815 5255 l
