3230 5282
1384 626 1508 688 207
2305 679 2315 690 .
2335 639 2459 694 Lib.
2496 639 2587 696 IX.
2663 662 2669 669 ’

322 835 454 877 non
507 811 829 876 hiscere
887 817 1011 876 cet.
1109 811 1184 875 In
1245 811 1384 877 solo
1430 811 1600 877 libro
1649 818 1878 877 octavo
1924 818 2161 895 quater
2206 812 2329 877 hoc
2373 814 2590 878 mendi

322 943 506 1004 genus
563 920 646 985 ab
693 919 1056 984 editoribus
1103 918 1368 1003 (praeter
1416 919 1924 1002 Alschefskium)
1982 927 2098 986 aut
2152 923 2591 987 recentiorum

321 1032 599 1095 codicum
656 1028 1189 1093 emendatoribus
1234 1035 1602 1095 correctum
1649 1051 1792 1094 esse
1838 1030 2096 1094 ostendi
2141 1031 2207 1094 in
2253 1032 2588 1114 prooemio

319 1166 370 1225 p.
419 1140 583 1222 12¹)
693 1138 1002 1203 Extremo
1063 1137 1279 1221 capite
1335 1138 1396 1221 (ξ
1450 1138 1552 1220 13)
1603 1139 1820 1203 Livius
1877 1162 2009 1204 non
2053 1141 2346 1223 scripsit,
2413 1140 2588 1223 quod

316 1253 373 1316 in
414 1248 749 1315 codicibus
795 1254 922 1312 est:
985 1249 1303 1331 cepisse
1351 1249 1557 1311 enim
1603 1268 1737 1312 eos
1782 1269 1936 1311 non
1982 1248 2316 1328 Romam,
2375 1250 2591 1314 sicut

317 1368 482 1425 ante
554 1356 871 1435 Gallos,
950 1357 1085 1421 sed
1152 1356 1369 1439 quod
1435 1355 1689 1421 multo
1759 1356 2249 1421 bellicosius
2317 1357 2585 1435 fuerit,

317 1472 738 1536 Romanam
825 1466 1209 1529 virtutem
1299 1463 1887 1548 ferociamque;
1979 1486 2189 1549 neque
2270 1467 2441 1530 enim
2519 1473 2592 1530 ut

315 1579 787 1643 bellicosum
863 1573 1120 1637 laudari
1190 1579 1412 1657 potest
1477 1594 1769 1657 capere
1839 1574 2265 1639 Romanam
2329 1574 2590 1637 virtu-

315 1696 482 1765 tem,
550 1704 768 1767 neque
835 1682 917 1763 (si
973 1683 1118 1764 quis
1176 1702 1252 1746 eo
1316 1683 1578 1747 trahere
1634 1703 1994 1766 pronomen
2053 1681 2261 1764 quod
2316 1681 2590 1763 mavult)

314 1795 688 1881 comparari,
736 1799 956 1856 utrum
993 1792 1200 1855 Roma
1244 1813 1330 1855 an
1367 1792 1664 1855 Romana
1708 1792 1913 1855 virtus
1958 1790 2334 1856 bellicosior
2376 1793 2588 1858 fuerit.

314 1904 768 1971 Gloriosius
825 1923 909 1965 an
954 1899 1132 1965 aliud
1178 1899 1564 1964 vocabulum
1607 1899 1892 1965 fructum
1936 1901 2220 1964 victoriae
2267 1908 2382 1965 aut
2425 1901 2591 1966 diffi-

314 2016 620 2079 cultatem
668 2009 1041 2093 significans
1086 2009 1306 2073 Livius
1353 2009 1665 2091 posuerit,
1708 2031 1837 2073 non
1885 2008 2214 2091 defini0.²)

471 2123 625 2207 Cap.
675 2125 732 2201 9,
781 2124 850 2183 9:
908 2119 1069 2183 Nec
1115 2140 1155 2182 a
1208 2139 1321 2182 me
1378 2139 1583 2182 nunc
1643 2119 2063 2200 quisquam
2109 2120 2593 2201 quoesiverit,

315 2233 494 2316 quid
567 2232 681 2294 ita
749 2226 1353 2311 spoponderim,
1435 2249 1670 2310 quum
1727 2226 1804 2289 id
1861 2248 2003 2291 nec
2061 2229 2424 2293 consulis
2471 2230 2592 2293 ius

315 2349 538 2422 esset,
609 2358 750 2403 nec
797 2335 975 2400 illis
1024 2336 1423 2419 spondere
1470 2356 1758 2419 pacem,
1815 2357 1979 2417 quae
2026 2338 2171 2400 mei
2220 2360 2369 2401 non
2417 2346 2595 2403 erat

314 2450 668 2526 arbitrii,
747 2466 890 2510 nec
957 2467 1094 2528 pro
1163 2443 1419 2522 vobiS,
1490 2445 1627 2526 qui
1694 2443 1900 2508 nihil
1966 2445 2593 2527 mandaveratiS,

317 2581 644 2644 possem.
757 2555 903 2618 Duo
962 2554 1289 2618 contraria
1343 2560 1495 2617 sunt
1552 2553 1869 2633 membra,
1938 2575 2056 2617 nec
2112 2556 2395 2620 consulis
2455 2558 2593 2622 iure

314 2672 723 2754 sponsionem
790 2664 932 2728 fieri
985 2663 1276 2746 potuisse
1331 2684 1452 2727 nec
1506 2684 1626 2747 pro
1683 2663 1926 2747 populo
1983 2663 2235 2749 (populi
2291 2667 2597 2749 nomine),

317 2780 419 2863 qui
475 2777 636 2843 nihil
700 2772 1103 2851 mandasset,
1171 2793 1315 2835 eam
1372 2793 1598 2855 pacem
1656 2772 1797 2836 fieri
1856 2774 2179 2854 potuisse,
2250 2797 2393 2857 quae
2441 2798 2595 2840 con-

317 2888 468 2952 sulis
515 2887 720 2970 ipsius
766 2882 1020 2946 arbitrii
1065 2881 1305 2944 iurisve
1347 2902 1477 2943 non
1524 2887 1719 2945 esset.
1809 2880 1880 2944 In
1929 2883 2224 2946 codicum
2271 2885 2599 2967 scriptura

316 2996 634 3060 sententia
679 2993 993 3055 evertitur
1038 2990 1515 3071 significarique
1563 2990 1837 3067 videtur,
1881 2990 1947 3052 in
1993 2990 2393 3057 Samnitibus
2438 2994 2596 3074 ipsis

319 3104 556 3188 aliquid
627 3099 1073 3183 impedimenti
1127 3099 1326 3161 fuisse
1385 3099 1551 3176 (nec
1610 3098 1837 3179 illis),
1906 3109 1972 3161 et
2015 3100 2182 3164 falso
2230 3103 2415 3182 quasi
2466 3102 2594 3164 duo

317 3220 378 3276 et
418 3210 751 3276 contraria
795 3215 1126 3292 ponuntur
1171 3227 1311 3270 nec
1356 3206 1528 3269 illis
1576 3213 1644 3270 et
1680 3228 1822 3274 nec
1857 3231 1999 3290 pro
2040 3208 2281 3286 vobiS,
2331 3231 2472 3292 quae
2513 3211 2595 3275 ad

319 3342 506 3385 unam
543 3342 678 3384 rem
716 3318 1047 3403 pertinent
1081 3316 1252 3396 (nec
1298 3315 1465 3379 illis
1503 3338 1641 3398 pro
1678 3316 1902 3380 vobis
1940 3319 2378 3400 spondere).
2448 3321 2596 3385 Tol-

316 3429 572 3493 lendum
619 3435 723 3493 est
767 3447 909 3490 nec
955 3433 1106 3490 ante
1149 3443 1293 3508 pro
1339 3425 1583 3503 vobis,
1643 3425 1867 3489 eodem
1915 3447 2136 3491 errore
2182 3428 2247 3490 in
2292 3428 2596 3494 membris

324 3536 756 3621 dispescendis
791 3533 1106 3613 additum,
1152 3554 1279 3614 quo
1304 3532 1537 3611 XXIX,
1572 3538 1672 3610 21,
1715 3537 1790 3595 10
1816 3534 2091 3598 alterum
2139 3542 2293 3600 aut.
2353 3536 2596 3618 (1861.)

323 3645 564 3709 Eodem
610 3645 826 3727 capite
864 3648 1025 3706 extr.
1064 3640 1157 3722 (in
1196 3642 1491 3706 oratione
1530 3641 1637 3725 Sp.
1677 3642 2014 3720 Postumii,
2052 3665 2118 3708 se
2154 3645 2597 3729 collegamque

326 3760 386 3816 et
439 3753 761 3830 tribunos,
831 3753 945 3834 qui
1003 3748 1314 3814 Caudinae
1381 3752 1526 3833 paci
1582 3751 2041 3830 interfuerant,
2109 3752 2259 3818 dedi
2313 3755 2599 3820 iubentis

331 3860 752 3940 Samnitibus)
829 3866 1007 3922 recte
1086 3861 1151 3923 in
1228 3859 1615 3941 quibusdam
1696 3859 1910 3923 saeculi
1979 3861 2124 3924 XVI
2202 3861 2600 3928 editionibus

330 3970 630 4051 scriptum
679 3989 825 4032 esse
871 3974 1060 4050 puto:
1129 3989 1270 4030 nos
1328 3968 1650 4031 interim
1695 4003 1781 4011 ——
1825 3968 2024 4032 vilia
2120 3968 2278 4033 haec
2326 3973 2600 4055 capita

324 4074 622 4140 luendae
679 4077 1094 4159 sponsioni
1150 4075 1522 4154 seramus,
1581 4083 1658 4139 et
1714 4084 1992 4141 nostro
2041 4077 2454 4160 supplicio
2502 4081 2599 4143 li-

382 4355 428 4420 ¹)
467 4353 637 4422 [Hanc
672 4357 1070 4420 coniecturam,
1099 4360 1374 4408 commate
1403 4360 1532 4409 ante
1562 4373 1587 4407 s
1605 4356 1836 4409 alutan
1852 4357 2031 4411 tibus
2061 4357 2245 4426 posito
2265 4362 2600 4427 corruptam,

464 4439 935 4496 Weissenbornius
970 4442 1076 4495 sibi
1112 4439 1449 4510 adscripsit]

382 4524 433 4592 ¹)
469 4523 550 4578 De
583 4544 625 4580 e.
661 4531 712 4596 8,
750 4531 776 4581 7
819 4529 877 4581 in
913 4530 1203 4597 prooemio
1239 4547 1290 4598 p.
1329 4532 1361 4581 9
1399 4528 1657 4594 breviter,
1696 4528 1831 4597 quid
1867 4530 2148 4598 sentirem,
2187 4527 2510 4597 significavi.
