3230 5282
548 613 672 668 Lib.
710 611 960 666 XXXIV.
1643 598 1764 659 502

721 782 874 865 Cap.
919 787 1016 860 31,
1068 786 1142 846 19
1191 781 1284 862 (in
1332 784 1628 848 oratione
1663 781 1942 847 Nabidis
1989 783 2249 864 tyranni
2297 782 2474 865 apud
2509 781 2580 846 T.
2619 781 2855 860 Quinc-

548 890 769 972 tium):
852 891 1237 954 Pluribus
1316 912 1429 954 me
1498 891 1673 973 ipse
1742 891 2007 972 egisse
2076 910 2307 970 quam
2377 911 2513 972 pro
2582 888 2853 972 patrio

551 1020 909 1064 sermone
967 998 1427 1063 brevitatis
1484 999 1775 1063 fateor.
1882 996 1988 1062 Sic
2035 996 2088 1060 B
2138 996 2292 1077 (nisi
2340 996 2516 1080 quod
2560 997 2741 1078 met)
2791 1003 2856 1061 et

548 1128 783 1172 novem
839 1105 1480 1182 Drakenborchiani,
1549 1105 1880 1169 mendose.
1993 1104 2182 1181 Quod
2253 1104 2444 1185 vulgo
2505 1103 2852 1168 edebatur:

551 1238 691 1298 pro
748 1215 1042 1296 patriae
1089 1234 1450 1277 sermone
1500 1213 1989 1286 brevitatiS,
2059 1192 2415 1276 absurdum
2463 1218 2636 1286 erat.;
2707 1233 2855 1275 nam

549 1323 867 1388 sermonis
925 1321 1210 1386 brevitas
1271 1329 1367 1385 est
1425 1321 1665 1403 aliqua,
1723 1340 1936 1384 sermo
1993 1319 2334 1383 brevitatis
2390 1319 2623 1383 nullus.
2730 1318 2856 1383 Sed

547 1431 724 1516 quod
822 1429 1238 1513 Kreyssigius
1337 1437 1402 1492 et
1502 1428 2075 1492 Weissenbornius
2176 1427 2610 1508 scripserunt:
2714 1448 2853 1509 pro

549 1539 822 1623 patrio
891 1556 1284 1613 sermone,
1358 1536 1600 1600 omisso
1670 1535 2147 1610 brevitatis,
2216 1535 2499 1616 primum
2568 1554 2694 1597 non
2760 1534 2853 1596 in·

547 1646 908 1727 tellegitur,
988 1643 1160 1708 unde
1229 1643 1353 1708 hoc
1421 1644 1727 1726 cuiquam
1795 1644 1861 1706 in
1928 1648 2213 1705 mentem
2280 1642 2530 1704 venerit
2598 1641 2855 1717 addere,

549 1753 845 1836 genetivo
929 1752 1292 1834 praesertim
1377 1771 1559 1828 casu3
1640 1750 1874 1813 deinde
1953 1749 2117 1812 nihil
2185 1756 2325 1812 erat
2395 1750 2458 1812 in
2528 1750 2671 1831 ipso
2741 1770 2856 1831 per

550 1882 618 1926 se
676 1861 913 1925 Dorico
976 1867 1041 1924 et
1097 1858 1421 1923 Laconico
1484 1879 1811 1935 sermone,
1882 1877 1997 1920 cur
2059 1879 2186 1920 non
2246 1857 2505 1939 copiose
2564 1856 2856 1920 homines

545 1968 990 2050 loquerentur.
1075 1967 1376 2030 Proxime
1425 1965 1509 2028 ad
1557 1986 1780 2029 verum
1826 1965 2104 2028 accessit.
2144 1962 2455 2041 RoelliuS,
2502 1966 2610 2045 qui
2660 1964 2855 2027 scribi

548 2076 784 2140 voluit:
852 2096 995 2156 -pro
1056 2074 1308 2156 patrii
1367 2074 1765 2137 sermonis
1822 2072 2268 2150 brex‘itate3
2339 2093 2556 2135 verum
2610 2094 2690 2135 ne
2738 2071 2857 2135 hoc

550 2182 814 2266 quidem
860 2190 1038 2246 recte
1087 2180 1344 2253 dicitur:
1395 2181 1539 2243 sed:
1622 2201 1760 2262 pro
1820 2180 2089 2263 patria
2149 2180 2541 2243 sermonis
2597 2179 2857 2242 brevi-

547 2296 748 2353 tate.
840 2288 1137 2352 Patrium
1183 2295 1326 2350 erat
1372 2286 1889 2351 Lacedaemoniis
1937 2286 2117 2350 brevi
2165 2307 2460 2350 sermone
2506 2287 2693 2365 uti.¹)

722 2394 877 2478 Cap.
922 2397 1020 2474 32,
1059 2398 1093 2458 3
1135 2393 1229 2475 (in
1278 2396 1574 2459 oratione
1613 2394 1683 2457 T.
1728 2393 2019 2470 Quinctii
2053 2393 2294 2457 Nabidi
2341 2391 2856 2475 respon‹lentis):

548 2503 738 2568 Nam
796 2501 987 2585 quid
1044 2502 1298 2568 minus
1345 2502 1829 2566 conveniret
1876 2521 2108 2582 quam
2156 2521 2319 2578 eOS,
2390 2502 2525 2584 qui
2570 2522 2713 2582 pro
2758 2500 2857 2563 li-

382 2631 521 2698 (403)
559 2611 885 2677 bertate
967 2608 1295 2675 Graeciae
1375 2608 1770 2674 adversus
1850 2607 2316 2691 Philippum
2392 2628 2857 2690 gereremus

549 2718 888 2797 bellum,
951 2739 1118 2781 cum
1168 2726 1510 2801 tyranno
1559 2717 2012 2780 instituere
2071 2716 2551 2795 amicitiam,
2611 2726 2682 2779 et
2740 2725 2858 2799 ty-

548 2847 799 2891 ranno
837 2846 1098 2909 quam,
1135 2825 1270 2909 qui
1306 2846 1669 2908 umquam
1707 2823 1900 2902 fuit,
1950 2824 2391 2887 saevissimo
2426 2825 2621 2887 —in
2659 2843 2856 2887 suos

551 2934 659 2999 Sic
708 2933 805 2997 ed.
853 2933 1023 3014 Mog.
1073 2941 1138 2997 et
1185 2932 1257 3009 B,
1317 2933 1515 3015 idque
1562 2930 2135 2995 Weissenbornius
2182 2932 2541 3009 revocavit3
2611 2930 2858 2994 Grono-

550 3043 693 3106 vius
741 3042 1072 3123 ceterique
1119 3047 1489 3118 tenuerant,
1557 3038 1733 3120 quod
1782 3040 1849 3102 in
1894 3037 2274 3120 vulgaribus
2323 3037 2655 3103 codicibus
2704 3041 2858 3101 scri-

549 3148 730 3213 bitur
767 3156 832 3212 et
869 3149 937 3211 in
973 3148 1367 3212 editionibus
1406 3155 1556 3211 ante
1592 3147 2074 3226 Moguntinam:
2125 3153 2200 3209 et
2246 3153 2585 3226 tyranno
2633 3166 2858 3226 quam

551 3257 690 3339 qui
735 3275 1107 3337 umquam
1154 3255 1635 3331 saevissimo,
1685 3254 1928 3318 omisso
1977 3251 2149 3315 fuit.
2253 3251 2378 3316 Sed
2426 3252 2651 3315 addito
2699 3272 2859 3333 quo-

550 3384 677 3445 que
735 3361 934 3426 verbo
994 3362 1207 3426 oratio
1256 3360 1606 3425 manifesto
1657 3362 1891 3425 vitiosa
1939 3367 2057 3424 est.
2159 3360 2325 3423 Nam
2372 3360 2656 3442 positum
2706 3360 2858 3423 sim-

689 3686 959 3736 quoque
997 3669 1334 3722 traditum
1366 3669 1692 3725 Romanis
1731 3670 2004 3723 audivit
2043 3687 2190 3724 esse
2222 3673 2277 3722 et
2306 3670 2434 3727 (hoc
2464 3669 2632 3735 vulgo
2662 3666 2857 3729 abest),

690 3770 892 3821 quum
930 3753 1008 3805 ab
1046 3757 1255 3818 terra,
1295 3756 1611 3808 omnibus
1652 3756 1836 3807 circa
1865 3754 2219 3821 hostibus,
2258 3754 2434 3807 nihil
2467 3754 2610 3822 spei
2643 3758 2857 3818 esset,

689 3855 720 3891 a
767 3839 931 3891 mari
982 3855 1250 3907 quoque
1296 3844 1451 3893 toto
1501 3857 1567 3893 se
1615 3840 2102 3905 interclusum,
2151 3838 2523 3893 cedendum
2559 3839 2857 3893 fortunoe

688 3929 880 3975 ratus
919 3929 1024 3977 cet.
1106 3923 1261 3977 Nihil
1311 3925 1540 3978 omnino
1590 3924 1717 3977 duri
1752 3924 1924 3978 habet
1964 3924 2277 3977 omnibus
2316 3925 2503 3978 circa
2540 3923 2858 3977 hostibus

686 4025 812 4076 pro:
869 4008 1051 4075 quod
1100 4025 1330 4063 omnes
1367 4010 1550 4063 circa
1586 4010 1820 4063 hostes
1861 4015 2083 4073 erant;
2138 4009 2234 4061 vix
2271 4008 2464 4062 credas
2504 4008 2764 4077 cuiquam
2800 4007 2858 4060 in

685 4099 932 4146 mentem
967 4095 1215 4159 venisse,
1274 4095 1356 4146 sic
1392 4094 1502 4147 hoe
1542 4094 1721 4161 accipi
1757 4110 1949 4161 posse:
2008 4110 2210 4160 quum
2258 4093 2485 4146 omnia
2532 4093 2615 4146 ho
2632 4094 2855 4146 stibus

689 4183 935 4231 essent.
1012 4176 1261 4245 [Rectius
1300 4184 1489 4232 tamen
1524 4178 1765 4232 fortasse
1804 4177 2118 4231 Gronovius
2154 4175 2575 4245 hostilibus]

607 4261 655 4328 ι)
695 4259 932 4328 [Eodem
970 4279 1086 4331 cap.
1127 4261 1157 4331 ξ
1197 4266 1228 4316 5
1265 4264 1325 4318 in
1359 4263 1474 4316 his:
1529 4280 1677 4317 eum
1726 4278 1870 4316 esse
1916 4279 2116 4330 spero
2162 4263 2484 4317 necessario
2534 4261 2853 4316 addendum

688 4352 773 4400 est
810 4364 933 4408 me,
988 4354 1048 4400 ut
1098 4352 1196 4400 aut
1240 4364 1364 4401 cum
1405 4346 1670 4415 Siesbyeo
1717 4347 1995 4400 scribatur
2039 4363 2188 4400 eum
2234 4364 2335 4400 me
2383 4363 2533 4400 esse
2572 4352 2665 4400 aut
2704 4345 2863 4414 (quo-

688 4432 839 4484 niam
877 4432 935 4486 in
973 4431 1030 4484 M
1069 4437 1154 4484 est
1191 4432 1709 4499 respexissem):
1746 4448 1844 4484 me
1883 4449 2025 4486 eum
2062 4447 2222 4485 esse.
2301 4429 2470 4498 1863]
