3230 5282
680 610 804 667 Lib.
838 609 1019 667 XLII.
1773 597 1897 661 658

681 783 994 868 plicata
1038 782 1315 850 verbis
1360 783 1617 866 regis,
1664 804 1829 867 quae
1876 783 1975 849 ad
2022 785 2483 849 contionem
2527 787 2816 849 vocato
2861 802 2975 846 ex·

681 893 953 957 ercitu
1020 891 1329 958 habuit.
1416 891 1566 959 Non
1633 892 2045 977 pleraque,
2084 892 2230 957 'sed
2295 893 2513 958 omnia
2579 892 2715 958 sine
2784 890 2979 956 dubio

680 1005 893 1066 aucta.
987 998 1239 1066 Codex:
1310 1000 1846 1085 ampleraquae
1923 999 2273 1085 [Vahlenio
2342 1007 2517 1066 teste
2586 999 2981 1083 ampleta·

680 1108 872 1193 que]
961 1108 1550 1193 multiplicata.
1673 1108 1947 1175 Duobus
2036 1109 2238 1193 igitur
2324 1107 2665 1174 adiectivis
2765 1107 2981 1172 Livius

679 1237 839 1284 usus
909 1223 1100 1294 erat:
1181 1216 1447 1301 ampla
1528 1216 2111 1301 praeclaraque.
2201 1215 2800 1300 (Weissenbornius
2866 1215 2981 1280 mi·

678 1347 803 1391 nus
891 1331 1070 1391 recte
1159 1323 1288 1391 duo
1378 1325 1731 1410 participia
1808 1323 2145 1408 effecit.)¹)
2265 1325 2520 1392 Deinde
2612 1322 2673 1407 (ς
2766 1323 2831 1405 5)
2914 1324 2978 1386 in

678 1433 902 1500 codice
992 1439 1125 1500 est:
1212 1432 1475 1499 lectos
1554 1433 1634 1498 in
1700 1441 2048 1518 patrum,
2126 1456 2288 1500 non:
2369 1433 2632 1500 lectos
2711 1432 2794 1496 in
2857 1451 2978 1515 pa-

675 1547 883 1607 trum
942 1562 1378 1623 numerum;
1443 1546 1606 1626 puto
1666 1541 1920 1607 Livium
1974 1543 2219 1609 usitate
2279 1542 2653 1627 scripsisse:
2722 1539 2976 1606 lectos

676 1650 755 1715 in
800 1655 1099 1735 patres.
1189 1650 1395 1716 Paulo
1462 1656 1614 1734 post
1682 1648 1742 1733 (ἓ
1799 1654 1859 1730 8,
1926 1652 1994 1715 in
2062 1650 2293 1717 eadem
2362 1651 2658 1717 oratione
2725 1645 2975 1728 Persei)

676 1757 923 1824 editur:
970 1759 1140 1839 Aut,
1188 1759 1255 1824 si
1290 1759 1462 1824 acie
1512 1758 1954 1825 decernere
1989 1760 2284 1839 volent,
2320 1759 2654 1824 eundem
2702 1775 2980 1842 pugnae

675 1865 1097 1951 pedestris
1144 1872 1518 1931 eventum
1563 1872 2057 1951 exspectate,
2103 1869 2241 1951 qui
2276 1869 2645 1952 equitum
2692 1867 2776 1930 in
2820 1884 2976 1929 cer·

676 1976 981 2040 tamine
1048 1974 1128 2040 fu
1144 1975 1321 2040 erit.
1407 1975 1640 2059 Neque
1709 1977 2120 2042 coniunctivo
2188 1977 2255 2041 in
2323 1974 2821 2060 comparatione
2884 1972 2975 2037 rei

562 2121 577 2139 ·
673 2104 883 2168 nuper
928 2089 1080 2149 ante
1127 2082 1350 2149 oculos
1396 2084 1681 2148 omnium
1726 2090 1925 2167 gestae
1981 2085 2190 2168 neque
2246 2081 2467 2150 futuro
2515 2088 2751 2148 exacto
2796 2081 2974 2146 locus

677 2197 808 2272 est3
857 2192 1273 2257 scribendum
1317 2192 1693 2257 necessario
1740 2196 1874 2257 est:
1944 2193 2079 2274 qui
2133 2226 2221 2238 --
2264 2190 2446 2257 fuit.
2538 2190 2851 2256 Erratum
2895 2186 2975 2254 ob

679 2318 957 2382 sequens
1003 2306 1097 2365 et.
1187 2298 1314 2365 Sed
1357 2306 1679 2383 praeterea
1710 2299 1902 2365 -valde
1943 2300 2262 2384 suspicor,
2309 2300 2566 2364 Livium
2602 2299 2973 2382 scripsisse:

676 2406 811 2489 qui
878 2408 1237 2490 equitum
1303 2407 1789 2473 certaminis
1854 2407 2043 2488 fuit,
2112 2429 2191 2474 ex
2256 2429 2313 2470 ι
2374 2413 2589 2473 ortum
2656 2426 2806 2471 esse
2870 2405 2974 2482 in,

677 2513 911 2580 deinde
959 2516 1430 2581 certamine.
1520 2514 1833 2581 Extremo
1881 2517 2098 2601 capite
2144 2515 2204 2599 (ξ
2256 2515 2384 2599 11),
2432 2515 2549 2581 ubi
2599 2509 2975 2580 declaratur

677 2622 844 2689 situs
890 2622 1152 2703 tumuli,
1201 2623 1288 2689 ad
1333 2645 1525 2709 quem
1569 2623 1843 2690 Perseus
1891 2631 2108 2692 castra
2152 2626 2393 2709 posuit,
2441 2631 2507 2691 et
2552 2624 2848 2690 narratio
2894 2618 2972 2687 ad

673 2731 1009 2797 Romanos
1053 2730 1467 2813 transfertur,
1512 2734 1804 2817 vestigiis
1849 2733 2093 2800 codicis
2140 2733 2540 2814 (tumulus
2584 2732 2761 2815 hijc
2805 2739 2978 2798 ante

674 2845 1071 2923 tempeste
1139 2845 1266 2906 est
1333 2842 1636 2906 eminet
1714 2841 1989 2908 larisae
2058 2841 2371 2906 medius
2452 2840 2743 2906 abesto
2812 2858 2979 2904 num

672 2970 830 3014 non
874 2947 1471 3014 abscendentes
1517 2948 1615 3013 ad
1671 2949 1856 3034 ripa
1899 2949 2158 3033 paenei
2215 2949 2369 3030 cet.)
2438 2948 2720 3015 obscure
2791 2944 2977 3030 signi-

673 3054 861 3121 ficari
925 3057 1184 3122 videtur
1247 3055 1635 3123 huiusmodi
1704 3057 2025 3123 orationis
2094 3058 2335 3124 forma:
2404 3055 2791 3123 Tumulus
2857 3054 2982 3118 hic

675 3169 861 3230 ante
962 3165 1245 3249 Tempe
1347 3170 1474 3231 est
1575 3170 1655 3230 et
1752 3166 2078 3245 eminet,
2166 3185 2420 3229 eoru·
2520 3171 2589 3227 et
2684 3163 2978 3229 Larisae

675 3272 1075 3356 (Ussingiusz
1142 3272 1390 3338 Philae
1446 3280 1526 3338 et
1570 3272 1942 3354 Larissae)
1988 3273 2315 3339 medius.
2384 3272 2634 3338 Abest
2679 3272 2773 3335 **.
2842 3271 2976 3332 1·-

675 3380 874 3442 -aul
917 3401 1074 3446 non
1120 3386 1258 3460 cet„
1305 3386 1380 3445 ut
1426 3381 1647 3446 Livius
1693 3380 1922 3446 eadem
1959 3380 2446 3447 constructione
2496 3401 2650 3446 usus
2701 3381 2810 3461 sit,
2858 3397 2981 3463 qua

676 3487 944 3553 Ovidius
1012 3487 1276 3554 locum
1337 3488 1690 3554 medium
1756 3489 2025 3573 iuguli
2092 3496 2168 3554 et
2227 3488 2530 3554 lacerti
2579 3488 2769 3554 dixit.
2861 3483 2979 3553 Sed

674 3615 780 3660 res
825 3596 1085 3660 incerta
1127 3602 1246 3660 est.
1338 3595 1597 3679 [Itaque
1658 3596 1812 3662 olim
1868 3597 2000 3662 alia
2061 3595 2355 3679 tentavi]
2444 3596 2828 3680 Mopselum
2885 3604 2980 3660 tu-

676 3701 925 3767 mulum
993 3724 1107 3768 cur
1175 3704 1452 3769 eundem
1520 3726 1660 3771 esse
1721 3726 1798 3771 ac
1854 3705 2186 3790 Mopsium
2245 3703 2562 3790 oppidum
2610 3705 2977 3779 credamuS,

674 3810 861 3875 nulla
906 3816 1006 3875 est
1052 3831 1266 3876 causa.

847 3916 1003 4002 Cap.
1053 3921 1152 3998 62,
1201 3922 1239 3982 6
1286 3917 1381 4000 (in
1426 3920 1720 3987 oratione
1769 3941 2027 4001 eorum,
2073 3922 2188 4005 qui
2232 3920 2475 3986 Perseo
2525 3920 2841 3999 suadent,
2903 3922 2977 3982 ut

501 4034 645 4101 (546)
683 4047 914 4111 pacem
961 4048 1002 4091 a
1044 4026 1354 4091 Romanis
1398 4026 1642 4111 petat):
1709 4028 1978 4113 Neque
2032 4029 2266 4094 finiri
2324 4027 2632 4094 bellum
2675 4028 2974 4113 magni·

675 4134 1070 4200 ficentius
1140 4155 1371 4217 quam
1437 4135 1530 4200 ab
1601 4141 1760 4201 tam
1824 4135 2341 4201 memorabili
2408 4155 2679 4220 pugna
2725 4153 2975 4219 neque

676 4262 898 4326 spem
962 4242 1405 4308 firmiorem
1473 4245 1703 4327 pacis
1780 4250 2200 4329 perpetuae
2280 4244 2485 4325 dari,
2553 4265 2792 4328 quam
2857 4248 2975 4307 cet.

709 4495 778 4562 ·¹)
816 4493 849 4566 §
889 4499 916 4549 1
955 4494 1133 4551 dona
1166 4525 1234 4536 —
1270 4496 1445 4553 dono
1493 4497 1705 4553 dabat
1738 4498 1859 4554 iure
1895 4498 2387 4556 Drakenborehius
2425 4499 2782 4569 improbavit.
2845 4494 2974 4550 Tol·

812 4580 1044 4638 lendum
1079 4581 1269 4637 dona.
