3230 5282
606 638 736 692 Lib.
774 637 843 690 11.
1729 625 1809 684 ‘72

611 810 916 888 vertisse3
987 807 1100 872 sed
1158 808 1332 890 qnod
1393 808 1832 873 secundum
1890 830 2280 890 quosnam
2340 810 2606 889 scribit,
2673 811 2741 875 in
2795 809 2924 875 hac

610 917 1013 1002 pronominis
1073 916 1511 998 geminatione
1569 937 1827 1000 semper
1882 917 2115 982 eadem
2170 917 2382 983 forma
2437 926 2720 1003 utroque
2775 918 2923 983 loco

612 1026 882 1109 ponitur
928 1024 1136 1106 (quis
1183 1044 1426 1106 quem,
1476 1029 1657 1088 uter
1701 1030 1966 1089 utrum
2000 1025 2491 1108 fraudavit?)
2526 1026 2921 1109 minimeque

612 1133 825 1198 altero
891 1131 1037 1197 loco
1109 1132 1368 1215 gravior
1434 1137 1501 1196 et
1569 1131 1825 1216 plenior
1892 1133 2048 1217 poni
2114 1138 2359 1216 potest,
2430 1134 2623 1216 quasi
2689 1135 2914 1217 magiS,

612 1262 777 1323 quos
824 1240 1056 1318 secuti,
1105 1261 1302 1321 quam
1349 1240 1463 1323 qui
1501 1241 1713 1304 secuti
1752 1241 1902 1319 sint,
1948 1248 2202 1323 agatur.
2275 1241 2644 1326 Scripserat
2667 1242 2915 1306 Livius:

612 1348 748 1431 qui
794 1347 1182 1413 consules
1231 1346 1676 1412 secundum
1722 1368 1953 1431 quos3
2010 1369 2140 1413 non
2188 1349 2662 1429 animadverso,
2717 1350 2916 1415 inter-

610 1457 977 1539 rogativum
1023 1476 1184 1534 esse,
1246 1455 1588 1519 substituit
1636 1453 1873 1537 aliquis
1920 1456 2338 1537 quosdam,
2396 1464 2681 1537 secutuS,
2742 1458 2915 1541 quod

612 1570 925 1646 quattuor
969 1562 1262 1627 versibus
1309 1568 1462 1627 ante
1507 1563 1768 1646 legitur,
1815 1563 2027 1646 apud
2074 1565 2478 1646 quosdam.
2591 1564 2724 1647 [Ita
2768 1562 2918 1630 Cre-

609 1671 829 1736 verius
876 1669 1307 1753 dubitanter.]

783 1776 939 1862 Cap.
989 1780 1090 1857 23,
1138 1783 1209 1842 7:
1301 1778 1469 1843 Non
1527 1781 1684 1843 iam
1742 1778 1920 1843 foro
1969 1801 2048 1844 se
2093 1781 2495 1845 tumultus
2542 1782 2917 1858 sustinet,

609 1887 748 1952 sed
826 1886 1124 1970 passim
1200 1892 1456 1951 totam
1532 1887 1809 1952 urbem
1876 1889 2289 1970 pervadit.
2417 1887 2525 1953 Sic
2590 1895 2742 1972 post
2806 1889 2915 1952 Al-

609 1994 1005 2061 schefskium
1073 1994 1377 2059 Hertzius
1454 1994 1664 2059 edidit
1729 1995 1989 2060 codices
2059 2001 2125 2059 et
2184 1997 2464 2079 optimos
2523 1995 2794 2078 (MPLl)
2852 2002 2922 2061 et

610 2103 970 2168 deteriores
1029 2123 1332 2184 sequens3
1398 2102 1553 2167 olim
1615 2103 1936 2168 edebatur
1999 2103 2397 2182 continet,
2467 2104 2642 2186 quod
2702 2105 2769 2168 in
2815 2104 2912 2168 Hl

473 2227 578 2296 (59)
617 2232 760 2277 esse
807 2210 1076 2288 dicitur,
1131 2210 1471 2294 tenuitque
1517 2192 2114 2289 Weissenbornius,
2176 2208 2375 2292 quu'm
2419 2218 2600 2276 recte
2646 2212 2922 2278 sentiret

608 2340 945 2401 nunquam
1026 2318 1431 2382 sustineri
1510 2318 1830 2400 aliquid
1898 2319 2043 2399 (aut
2112 2340 2190 2384 se
2259 2319 2702 2401 sustinere)
2769 2320 2914 2384 loco

610 2432 727 2491 aut
793 2425 1033 2490 finibus
1102 2423 1260 2504 dici3
1327 2425 1653 2490 tumultus
1724 2427 2088 2491 sustinetur
2161 2427 2244 2491 ab
2302 2448 2410 2507 ec,
2478 2429 2590 2509 qui
2660 2429 2719 2493 ei
2787 2447 2915 2492 non

610 2533 801 2600 cedit.
918 2532 1047 2597 Sed
1107 2554 1198 2596 us
1257 2539 1476 2597 ortum
1534 2540 1636 2597 est
1683 2555 1760 2597 ex
1807 2540 2103 2599 extrema
2150 2534 2405 2619 syllaba
2450 2536 2627 2600 vocis
2672 2556 2915 2619 praece-

608 2643 841 2720 dentis,
900 2662 1099 2724 quum
1143 2639 1366 2705 Livius
1413 2640 1812 2726 scripsisset:
1884 2664 1969 2707 se
2013 2643 2415 2708 tumultus
2460 2650 2713 2710 tenet.
2816 2643 2916 2710 Si-

605 2751 878 2814 millimo
926 2769 1149 2813 errore
1193 2748 1305 2813 lib.
1342 2749 1540 2829 XXV,
1589 2755 1649 2828 4,
1697 2755 1734 2813 6
1783 2772 1861 2815 ex
1906 2751 2068 2834 ipsi
2117 2752 2624 2816 sustulerint
2667 2753 2918 2818 factum

608 2880 749 2924 esse
796 2858 1059 2941 ipsius
1107 2857 1639 2937 sustulerint,
1700 2857 2007 2924 Dukerus
2053 2859 2231 2923 vidit.
2345 2859 2649 2925 Proximo
2698 2861 2919 2944 capite

608 2966 638 3049 ξ
688 2972 724 3030 5
774 2967 911 3050 ipse
959 2986 1220 3048 quoque
1266 2987 1439 3029 nunc
1483 2967 1551 3030 in
1599 2988 1745 3031 eam
1780 2966 2021 3031 inclino
2061 2973 2339 3051 partem,
2387 2989 2585 3050 quam
2609 2968 2917 3033 Hertzius

605 3082 868 3140 secutus
905 3080 1024 3152 est,
1073 3079 1145 3138 ut
1178 3074 1400 3157 potius
1436 3075 1817 3157 praeverti
1863 3096 1983 3157 pro
2030 3075 2550 3158 praevertisse
2587 3076 2922 3141 scribatur

605 3184 778 3264 (orto
837 3204 1058 3249 errore
1117 3203 1195 3247 ex
1256 3204 1361 3261 60,
1432 3182 1609 3264 (111οᾱ
1679 3181 2024 3266 praecedit,
2091 3184 2648 3248 intervenisse
2716 3189 2782 3249 et
2838 3205 2919 3248 ex

606 3292 928 3376 cepisse
1010 3297 1077 3355 et
1156 3290 1709 3366 consuluisse,
1793 3311 1935 3371 quae
2017 3290 2438 3371 sequuntur),
2520 3313 2718 3374 quam
2795 3314 2917 3376 pro

604 3420 850 3483 posse
909 3398 1355 3463 substituatur
1414 3419 1611 3462 coss.
1663 3396 1931 3480 (Opusc.
1978 3397 2178 3462 Acad.
2227 3398 2290 3462 II
2350 3421 2412 3482 p.
2468 3399 2635 3480 127).
2750 3397 2918 3463 Con·

603 3509 927 3571 iecturam
996 3505 1178 3568 illam
1249 3511 1315 3568 et
1372 3504 1742 3570 Schellerus
1809 3504 2057 3570 fecerat
2125 3513 2192 3570 et
2265 3528 2382 3589 ego
2453 3506 2915 3588 significaram.

604 3613 828 3697 [Quod
872 3612 1440 3677 Weissenbornius
1486 3612 1723 3676 edidit:
1781 3634 1923 3677 nec
1968 3634 2205 3697 posse
2401 3616 2790 3698 praeverti
2836 3636 2921 3679 se

605 3723 1034 3805 quicquam
1091 3719 1193 3800 (ut
1246 3721 1624 3804 praeverti
1679 3722 1891 3785 active
1948 3720 2371 3805 accipiatur),
2431 3744 2789 3806 pronomen
2835 3743 2918 3788 se

604 3851 878 3914 prorsus
922 3827 1430 3894 intolerabiliter
1475 3849 1515 3893 a
1558 3850 1799 3912 posse
1847 3830 2213 3911 seiungitur
2259 3835 2326 3893 et
2367 3829 2711 3912 reiicitur.]

779 3936 935 4021 Cap.
995 3940 1107 4016 25,
1177 3942 1214 4001 6
1271 3944 1408 4001 tam
1472 3937 1707 4019 ignave
1777 3943 1844 4003 et
1908 3937 2320 4002 incommode
2393 3944 2546 4020 post
2601 3938 2919 4003 Romam

604 4045 931 4112 reduxit
1008 4045 1382 4110 subiicitur:
1461 4043 1997 4110 Decedentem
2066 4045 2415 4123 Romam,
2487 4050 2561 4109 ut
2630 4045 2917 4110 dubitari

604 4174 734 4218 non
780 4152 1049 4234 debeat,
1106 4154 1262 4235 quin
1321 4174 1542 4218 errore
1589 4153 1773 4218 urbis
1818 4174 2054 4218 nomen
2098 4152 2202 4218 bis
2249 4155 2538 4237 positum
2586 4154 2691 4219 sit.
2779 4153 2923 4217 Nec

606 4285 658 4326 c.
702 4266 804 4342 27,
852 4265 889 4325 2
936 4267 1020 4327 ut
1066 4266 1203 4325 aut
1251 4310 1263 4323 .
1304 4311 1316 4323 .
1355 4311 1367 4324 .
1416 4266 1556 4325 aut
1599 4262 1795 4326 utin
1839 4260 1962 4326 hac
2005 4262 2333 4326 brevitate
2380 4267 2447 4326 et
2494 4261 2946 4351 simplicitate·

607 4371 922 4435 orationis
1002 4368 1492 4433 excusationem
1568 4368 1815 4434 habere
1894 4369 2184 4449 videtur,
2276 4369 2392 4434 sed
2471 4375 2556 4434 ut
2624 4391 2703 4434 ex
2771 4375 2924 4433 aut

606 4477 917 4542 auxilio
965 4481 1181 4543 ortum
1230 4496 1387 4540 esse.
1481 4475 1724 4557 (1861.)
