3230 5282
537 823 647 891 (60)

678 640 801 694 Lib.
839 639 909 693 11.
1792 626 1875 686 74

856 809 1015 895 Cap.
1064 815 1175 890 33,
1235 816 1271 874 7
1329 810 1445 876 ubi
1499 812 1719 892 agitur
1765 808 1846 875 de
1893 807 2006 874 On.
2052 809 2301 876 Marcio
2347 810 2414 874 in
2460 807 2756 877 Coriolos
2801 815 2991 897 oppi-

678 920 836 983 dum
877 920 1303 1002 irrumpente,
1355 918 1624 998 frustra‚
1684 918 1937 1001 opinor,
1986 917 2337 983 defendere
2383 917 2671 984 editores
2718 921 2992 988 student

675 1027 847 1092 hanc
923 1027 1271 1092 verborum
1350 1027 1906 1092 coniunctionem:
1999 1025 2384 1108 caedeque
2465 1026 2543 1090 in
2624 1030 2989 1107 proxima

676 1135 906 1200 urbis
962 1135 1223 1215 facta3
1290 1155 1504 1218 neque
1548 1141 1800 1213 tamen,
1869 1134 1985 1217 qui
2030 1134 2356 1216 corrigere
2400 1133 2777 1215 voluerunt,
2833 1160 2990 1221 pro-

674 1243 925 1308 babilia
991 1243 1467 1325 excogitarunt.
1578 1241 1744 1305 Mihi
1810 1261 1945 1306 una
2011 1261 2134 1305 vox
2194 1241 2627 1326 (caedeque)
2676 1265 2792 1309 suo
2840 1244 2988 1311 loco

676 1356 857 1415 mota
913 1356 981 1416 et
1037 1351 1251 1416 alieno
1308 1350 1561 1415 inserta
1605 1349 1895 1430 videtur,
1964 1364 2097 1433 qua
2159 1350 2456 1434 reposita
2524 1351 2618 1415 sic
2684 1350 2992 1417 decurret

674 1460 814 1523 sine
870 1458 1010 1523 ulla
1069 1457 1427 1523 offensione
1485 1457 1731 1522 oratio:
1799 1456 2028 1522 ferox
2094 1458 2401 1541 irrupit
2466 1460 2546 1522 in
2613 1460 2990 1543 proxima

672 1566 936 1647 urbis,
994 1566 1371 1649 caedeque
1425 1564 1650 1630 facta
1705 1565 1971 1647 ignem
2015 1571 2320 1630 temere
2367 1565 2796 1650 abreptum
2841 1569 2988 1632 im-

672 1674 1170 1739 minentibus
1227 1694 1451 1739 muro
1512 1671 1899 1737 aedificiis
1957 1673 2265 1738 iniecit.
2370 1671 2527 1754 (cfr.
2576 1677 2985 1758 prooemium

671 1806 734 1866 p.
787 1783 912 1865 12.)
1025 1781 1154 1848 Sed
1211 1802 1331 1866 pro
1393 1781 1819 1863 abreptum
1877 1780 2077 1845 scribi
2136 1780 2337 1847 debet
2392 1790 2837 1866 arreptum,
2907 1792 2987 1849 ut

670 1897 826 1956 ante
892 1890 1221 1956 Drakenb.
1292 1889 1635 1955 edebatur.
1749 1887 1919 1953 Nam
1986 1889 2232 1971 ignem,
2307 1890 2420 1972 qui
2488 1890 2604 1955 ubi
2671 1892 2782 1970 sit,
2851 1913 2986 1957 non

671 1999 940 2079 dicitur,
1009 1999 1242 2082 arripit
1298 1996 1602 2062 alicunde
1659 1996 1932 2079 aliquis,
1990 2003 2064 2061 ut
2123 2018 2243 2081 pro
2287 1999 2423 2062 telo
2468 1998 2986 2065 instrumentove

670 2112 917 2184 utatur,
967 2127 1096 2171 non
1142 2106 1407 2189 abripit.
1489 2105 1644 2169 Mox
1678 2103 1711 2187 ξ
1750 2109 1807 2184 8,
1853 2104 1967 2170 ubi
2002 2104 2070 2167 in
2106 2104 2445 2170 codicibus
2483 2112 2610 2171 est:
2662 2104 2984 2173 Clamor

668 2213 856 2278 inde
948 2213 1545 2297 oppidanorum
1637 2213 1935 2277 mixtus
2026 2212 2408 2277 muliebri
2489 2215 2983 2299 puerilique

669 2320 1004 2404 ploratu
1073 2320 1170 2385 ad
1226 2327 1656 2399 terrorem,
1714 2327 1802 2386 ut
1862 2320 2108 2400 solet,
2165 2320 2421 2404 primo
2481 2330 2661 2387 ortu
2709 2329 2785 2387 et
2829 2323 2984 2388 Ro-

669 2429 924 2494 manis
982 2429 1214 2493 auxit
1270 2428 1622 2492 animum
1679 2433 1833 2506 cet.,
1891 2447 2021 2493 non
2067 2448 2215 2492 cum
2265 2428 2591 2493 Gronovio
2636 2432 2983 2513 primum

668 2541 902 2601 ortus
960 2536 1158 2601 scribi
1215 2535 1441 2615 debet,
1498 2534 1615 2600 sed
1658 2535 1993 2619 primum
2040 2542 2233 2600 ort0.
2345 2536 2514 2601 Nam
2559 2558 2679 2602 nec
2723 2545 2982 2603 utrum-

669 2666 794 2728 que
839 2645 1265 2729 participium
1310 2643 1640 2726 (mixtus
1680 2694 1735 2708 ..
1768 2641 2061 2725 .ortus)
2109 2645 2446 2710 commode
2493 2646 2578 2710 ad
2625 2647 2982 2712 clamorem

665 2752 950 2818 refertur
1018 2761 1085 2818 et
1150 2752 1487 2818 muliebris
1555 2751 1956 2836 puerilisque
2025 2752 2321 2836 ploratus
2393 2754 2497 2818 vel
2553 2756 2833 2820 maxime
2891 2757 2983 2821 ad

667 2862 947 2944 primum
994 2868 1311 2926 terrorem
1360 2862 1517 2925 oriri
1564 2862 1751 2926 solet.
1844 2858 2089 2941 (1861.)

837 2967 995 3053 Cap.
1023 2972 1121 3050 36,
1147 2972 1184 3032 2
1211 2969 1305 3050 (in
1328 2968 1562 3048 verbiS,
1598 2990 1745 3052 quae
1772 2967 1842 3033 Τ.
1873 2968 2172 3034 Latinius
2207 2969 2273 3031 in
2311 2970 2562 3034 somnio
2596 2970 2825 3035 audire
2851 2971 2981 3036 sibi

662 3077 839 3142 visus
890 3077 1017 3159 est)
1053 3077 1400 3160 geminatis
1451 3077 1709 3142 duabus
1745 3077 1985 3141 litteris
2026 3076 2441 3141 scribendum
2477 3077 2767 3142 videtur:
2814 3079 2980 3143 iret

662 3191 740 3250 et
776 3184 923 3269 (pro
959 3183 1143 3265 iret)
1180 3207 1274 3251 ea
1313 3185 1800 3250 consulibus
1835 3185 2274 3264 nuntiaret,
2311 3184 2489 3268 quod
2524 3185 2979 3270 etinobliqua

660 3294 958 3358 oratione
994 3295 1088 3359 sic
1123 3292 1251 3358 dici
1287 3291 1473 3371 solet,
1511 3292 1779 3357 sublata
1802 3299 2000 3357 rectae
2023 3292 2391 3361 vehementi
2414 3292 2753 3374 brevitate,
2795 3292 2977 3375 [con-

658 3406 765 3465 tra
800 3405 1022 3466 tamen
1048 3400 1182 3479 VH,
1211 3405 1268 3480 6,
1300 3398 1421 3482 10,]
1462 3405 1528 3464 et
1564 3400 1744 3482 quod
1781 3400 2076 3482 alioquin
2118 3420 2246 3464 non
2287 3405 2465 3465 recte
2503 3401 2778 3483 erigitur
2813 3424 2976 3467 sono

659 3529 1019 3591 pronomen
1065 3507 1245 3589 ea.¹)
1329 3506 1489 3588 (Sed
1537 3508 1803 3590 gravius
1840 3506 2151 3572 mendum
2185 3508 2485 3592 proxima
2519 3509 2780 3588 insidet,
2829 3508 2862 3592 ἓ
2902 3513 2973 3573 3;

718 3729 760 3792 ¹)
798 3726 882 3780 De
919 3744 964 3779 c.
1002 3729 1099 3793 40,
1145 3729 1179 3781 8
1226 3727 1360 3795 quid
1397 3727 1688 3795 sentirem,
1728 3727 2048 3797 'significavi
2083 3746 2255 3798 supra
2289 3746 2342 3797 p.
2387 3730 2464 3782 13.
2547 3727 2613 3782 In
2649 3727 2847 3781 eodem
2882 3744 2974 3782 ca-

793 3811 910 3879 pite
930 3810 1085 3865 aliud
1101 3812 1163 3867 in
1179 3817 1510 3867 transcursu
1531 3811 1820 3882 attingam.
1877 3813 2052 3867 Miror
2070 3813 2236 3882 enim,
2258 3814 2355 3882 qui
2370 3812 2580 3868 factum
2602 3813 2692 3880 sit,
2713 3818 2777 3866 ut
2794 3812 2971 3866 homo

795 3897 991 3951 doctus
1029 3902 1086 3951 et
1120 3897 1391 3966 prudens,
1439 3897 1736 3951 meliorum
1773 3898 2030 3952 codicum
2067 3903 2332 3966 sectator,
2379 3898 2649 3963 Hertzius,
2698 3915 2866 3966 quum
2905 3898 2976 3954 in

794 3982 1053 4036 omnibus
1107 3982 1298 4050 codd,
1357 3999 1591 4050 quorum
1651 3983 1766 4036 ulla
1819 3989 1905 4037 est
1964 3984 2271 4038 auctoritas
2333 3983 2657 4050 (MPL1H1,
2710 3982 2859 4035 Flor.
2912 3982 2968 4036 S.

791 4067 995 4135 Marci,
1048 4067 1325 4136 Rottend,
1379 4068 1611 4121 Helmst.
1661 4068 1810 4137 apud
1876 4067 2067 4137 Gron.)
2134 4075 2191 4123 et
2242 4069 2301 4123 in
2368 4069 2741 4123 deterioribus
2796 4068 2971 4121 etiam

790 4151 1010 4220 aliquot
1046 4151 1225 4218 (Voss.
1260 4157 1305 4220 1,
1342 4152 1496 4206 Leid.
1518 4153 1569 4219 2)
1608 4154 1883 4222 scriptum
1920 4155 2113 4208 sciret:
2151 4172 2286 4208 non
2321 4154 2730 4210 inviderunt
2766 4153 2970 4206 laude

792 4253 908 4291 sua
941 4237 1369 4305 mulieribus,
1416 4254 1483 4292 ea
1517 4242 1819 4306 structura,
1858 4257 2026 4308 quam
2062 4238 2279 4294 Seneca
2316 4239 2406 4307 (de
2436 4239 2571 4294 Vita
2597 4239 2769 4292 Beata
2805 4240 2871 4291 23
2908 4244 2970 4292 et

789 4321 898 4388 24),
944 4321 1343 4390 Quintilianus,
1399 4322 1613 4377 Plinius
1673 4330 1927 4393 uterque,
1981 4323 2208 4379 Tacitus
2246 4325 2426 4380 secuti
2465 4328 2625 4392 sunt,
2680 4322 2846 4392 idque
2893 4323 2968 4374 ab

790 4406 1144 4461 Alschefskio
1209 4413 1267 4462 et
1320 4409 1778 4463 Weissenbornio
1844 4410 2172 4463 restitutum
2225 4415 2399 4477 esset,
2466 4425 2536 4462 ex
2589 4407 2968 4462 deterioribus

787 4491 1080 4547 codicibus
1125 4493 1368 4561 primum
1410 4493 1654 4549 laudes
1703 4511 1855 4549 suas
1899 4500 2192 4551 revocaret
2226 4496 2442 4563 (ortum
2477 4511 2547 4549 ex
2583 4493 2968 4564 geminatione
