3230 5282
1768 619 1808 677 4

634 825 756 870 sua
813 802 1109 886 exempla
1164 802 1244 866 de
1304 822 1449 866 meo
1506 801 2015 883 transtulerant3
2070 809 2369 886 poteram
2427 804 2495 868 in
2541 803 2752 869 multo
2796 804 2926 889 plu·

632 912 837 977 ribus.
904 910 973 977 Si
1010 911 1121 995 qui
1158 917 1368 991 erunt,
1414 910 1547 994 qui,
1593 932 1796 995 quum
1829 931 2087 976 omnem
2124 910 2648 978 emendationum
2683 914 2925 998 copiam

634 1022 701 1085 in
768 1041 968 1085 unum
1043 1010 1385 1085 collectam
1450 1018 1718 1085 videant
1784 1039 1903 1084 nec
1961 1020 2323 1104 quidquam
2380 1042 2460 1085 ex
2516 1022 2646 1087 alio
2704 1043 2926 1104 genere

633 1129 1123 1212 interpositum,
1206 1128 1333 1194 nisi
1411 1128 1588 1210 quod
1670 1128 1756 1192 ad
1832 1127 1979 1193 illas
2047 1127 2527 1194 confirmandas
2592 1131 2927 1213 pertineat,

630 1239 851 1321 ipsum
916 1222 1259 1302 numerum
1324 1234 1755 1302 reformident
1822 1256 1943 1302 nec
2010 1242 2113 1302 tot
2180 1238 2597 1304 coniecturas
2666 1238 2750 1304 ab
2807 1260 2927 1304 uno

631 1345 890 1410 homine
959 1346 1254 1430 accipere
1323 1366 1469 1409 cum
1536 1366 1812 1410 assensu
1880 1345 2199 1426 audeant,
2281 1353 2515 1412 contra
2593 1367 2708 1413 eos
2776 1347 2928 1413 nihil

633 1454 982 1519 (licendum
1027 1460 1156 1533 est3
1225 1453 1371 1519 aliis
1431 1454 1603 1519 enim
1661 1453 2062 1537 ponderibus
2108 1460 2174 1519 et
2221 1456 2357 1519 suis
2403 1456 2754 1522 momentis
2799 1457 2929 1520 haec

632 1562 1068 1628 examinanda
1144 1569 1328 1641 sunt3
1409 1583 1613 1626 unum
1693 1561 1887 1627 velim
1967 1562 2420 1642 considerent,
2501 1570 2665 1648 quot
2741 1565 2926 1629 unius

632 1671 892 1755 Grynaei
952 1672 1019 1735 in
1078 1669 1237 1736 solis
1296 1670 1585 1753 quinque
1643 1670 1831 1735 libris
1890 1672 2135 1755 quintae
2195 1671 2463 1738 decadis
2523 1673 2929 1738 coniecturas

632 1786 1009 1862 sequantur,
1060 1800 1458 1864 quamquam
1505 1780 1919 1844 coniecturas
1956 1800 2065 1843 eas
2100 1800 2246 1845 esse
2284 1786 2436 1845 ante
2472 1780 2928 1864 Kreyssigium,

531 1894 602 1963 (4)
640 1886 1040 1968 Bekkerum,
1096 1909 1198 1952 me
1242 1886 1655 1969 ignorabant.
1754 1886 1852 1950 De
1907 1888 2069 1971 ipsis
2115 1887 2312 1953 rebus
2359 1910 2399 1952 a
2445 1889 2630 1953 Livio
2674 1890 2931 1955 traditis

631 2018 887 2061 omnem
936 1998 1386 2079 quaestionem,
1434 2015 1579 2078 quae
1626 2014 1757 2059 non
1805 2015 1953 2058 cum
2002 1995 2219 2060 verbis
2267 2003 2335 2060 et
2372 1998 2689 2061 orationis
2726 1997 2930 2064 forma

629 2125 928 2187 veraeque
976 2105 1317 2187 scripturae
1359 2102 1835 2168 constitutione
1871 2103 2226 2167 coniuncta
2259 2110 2451 2181 esset,
2501 2104 2794 2170 studiose
2830 2106 2932 2169 hic

628 2211 858 2291 vitavi;
932 2233 1053 2294 per
1112 2232 1179 2288 se
1228 2211 1399 2275 enim
1447 2209 1708 2293 aliaque
1757 2209 2086 2274 scribendi
2130 2209 2373 2291 forma,
2434 2233 2579 2294 quae
2627 2234 2704 2278 eo
2751 2235 2931 2296 spec-

629 2324 801 2398 tant,
858 2318 1209 2383 tractanda
1269 2323 1455 2397 sunt;
1522 2339 1604 2381 ne
1663 2318 1813 2401 quis
1873 2318 2100 2383 credat
2155 2341 2258 2383 me
2317 2320 2670 2403 quicquam
2727 2321 2810 2385 iis
2868 2327 2935 2386 et

627 2427 829 2492 verba
875 2433 941 2490 et
985 2428 1296 2491 instituta
1339 2432 1561 2503 ‚vetera
1606 2426 1957 2491 enarrandi
2004 2426 2299 2491 artificiis
2335 2426 2645 2506 tribuere,
2693 2428 2934 2511 quibus

630 2536 698 2599 in
767 2534 939 2600 libro
998 2534 1151 2599 VIII
1210 2556 1263 2597 c.
1320 2537 1359 2597 8
1427 2532 1536 2615 (de
1605 2533 1862 2617 legione
1932 2541 1999 2599 et
2067 2536 2204 2600 acie
2263 2535 2559 2601 Romana
2630 2537 2931 2619 antiqua)

629 2651 749 2708 aut
810 2666 862 2708 c.
927 2649 1003 2708 14
1076 2643 1182 2726 (de
1254 2643 1517 2707 civitate
1573 2640 1825 2708 Latinis
1897 2643 2081 2724 data)
2155 2650 2272 2709 aut
2337 2646 2401 2709 in
2473 2645 2644 2711 libro
2703 2646 2932 2726 XXVI,

631 2755 713 2816 34
759 2751 867 2834 (de
927 2750 1308 2835 Campanis)
1369 2751 1772 2816 similibusve
1829 2752 1991 2816 locis
2037 2751 2200 2816 Livii
2258 2753 2324 2817 in
2382 2754 2581 2819 rebus
2639 2756 2931 2839 antiquis

629 2881 884 2925 errores
957 2861 1358 2943 obteguntur
1424 2865 1539 2923 aut
1606 2860 1871 2923 incertae
1932 2859 2358 2945 obscuraeque
2421 2863 2621 2926 animi
2677 2864 2931 2928 notitiae

626 2968 842 3033 verbis
910 2968 1235 3051 ambiguis
1304 2975 1371 3032 et
1438 2968 1773 3050 suspensis
1842 2989 2166 3051 expressae
2234 2976 2546 3051 tanquam
2614 2976 2806 3035 certae
2866 2978 2935 3035 et

628 3098 794 3141 verae
842 3077 1269 3160 explicantur.

1550 3248 1563 3255 -
1592 3248 2009 3256 ——-—--—-—

802 3400 1123 3477 Quoniam
1170 3402 1399 3480 omnis,
1448 3401 1561 3484 qui
1607 3401 1694 3464 ad
1742 3400 1934 3484 plura
1980 3407 2047 3466 et
2084 3402 2268 3466 varia
2303 3424 2337 3465 e
2374 3402 2614 3467 veteris
2650 3402 2935 3467 alicuius

628 3511 965 3592 scriptoris
1034 3508 1343 3591 operibus
1419 3509 1655 3573 menda
1719 3508 2015 3574 tollenda
2083 3511 2443 3593 suscipitur
2499 3517 2806 3590 conatus,
2879 3511 2937 3574 si

628 3617 891 3699 quidem
937 3623 1075 3681 arte
1120 3638 1196 3680 ac
1239 3617 1496 3681 ratione
1545 3617 1919 3700 suscipitur,
1981 3638 2022 3682 a
2066 3618 2388 3699 codicum,
2434 3618 2678 3702 quibus
2727 3639 2932 3701 opera

627 3726 744 3790 illa
790 3726 1224 3804 continentur,
1271 3726 1707 3790 aestimatione
1753 3724 2077 3808 proficisci
2124 3726 2338 3803 debet,
2384 3728 2451 3791 in
2497 3726 2662 3790 Livii
2706 3731 2935 3790 autem

556 3821 560 3824 Δ
631 3855 860 3918 opere,
941 3833 1115 3916 quod
1181 3838 1452 3916 propter
1518 3832 2016 3916 amplitudinem
2083 3835 2531 3918 particulatim
2600 3833 2938 3898 describe-

628 3942 854 4020 batur,
924 3963 1111 4006 suum
1181 3948 1281 4006 est
1339 3939 1744 4023 singularum
1805 3941 2126 4006 decadum
2188 3963 2222 4007 e
2270 3943 2540 4007 diversis
2589 3941 2938 4007 codicibus

628 4048 996 4133 archetypis
1040 4070 1157 4132 per
1195 4055 1536 4132 separatas
1577 4048 1876 4113 codicum
1913 4052 2151 4134 stirpes
2186 4057 2698 4134 propagatarum
2736 4051 2939 4135 quasi

628 4159 1174 4234 instrumentum,
1245 4179 1402 4221 suus
1465 4156 1908 4221 subsidiorum
1965 4165 2357 4242 apparatuS,
2425 4165 2784 4243 antequam
2842 4157 2938 4222 ad

631 4265 920 4348 singulos
967 4266 1191 4330 decem
1237 4265 1598 4348 primorum
1656 4264 1974 4329 librorum
2021 4267 2228 4344 locos,
2287 4267 2366 4330 de
2413 4267 2653 4350 quibus
2700 4266 2938 4349 dispu-

627 4373 898 4439 tandum
959 4375 1109 4453 erit,
1170 4372 1776 4437 commemorandos
1833 4375 2046 4452 venio,
2107 4373 2384 4439 dicenda
2429 4373 2726 4456 quaedam
2774 4381 2942 4438 sunt

631 4481 710 4546 de
756 4482 1089 4558 codicum,
1158 4479 1397 4563 quibus
1453 4479 1522 4543 hi
1578 4479 1730 4544 libri
1786 4482 2235 4561 continentur,
2304 4490 2370 4547 et
2425 4482 2810 4564 cognatione
2862 4488 2940 4546 et
