<?xml version="1.0" encoding="UTF-8"?>
<!DOCTYPE html PUBLIC "-//W3C//DTD XHTML 1.0 Transitional//EN"
    "http://www.w3.org/TR/xhtml1/DTD/xhtml1-transitional.dtd">
<html xmlns="http://www.w3.org/1999/xhtml" xml:lang="en" lang="en">
 <head>
  <title>
</title>
<meta http-equiv="Content-Type" content="text/html;charset=utf-8" />
  <meta name='ocr-system' content='tesseract 3.04.00' />
  <meta name='ocr-capabilities' content='ocr_page ocr_carea ocr_par ocr_line ocrx_word'/>
</head>
<body>
  <div class='ocr_page' id='page_1' title='image "./emendationesliv03madvgoog_0736.png"; bbox 0 0 3230 5282; ppageno 0'>
   <div class='ocr_carea' id='block_1_1' title="bbox 620 595 1819 662">
    <p class='ocr_par' dir='ltr' id='par_1_1' title="bbox 620 595 1819 662">
     <span class='ocr_line' id='line_1_1' title="bbox 620 595 1819 662; baseline -0.006 0"><span class='ocrx_word' id='word_1_1' title='bbox 620 607 745 662; x_wconf 90' lang='lat' dir='ltr'>Lib.</span> <span class='ocrx_word' id='word_1_2' title='bbox 780 607 946 661; x_wconf 85' lang='lat' dir='ltr'><strong>XLV.</strong></span> <span class='ocrx_word' id='word_1_3' title='bbox 1696 595 1819 655; x_wconf 85' lang='grc'>718</span> 
     </span>
    </p>
   </div>
   <div class='ocr_carea' id='block_1_2' title="bbox 359 777 2919 4648">
    <p class='ocr_par' dir='ltr' id='par_1_2' title="bbox 612 777 2899 1295">
     <span class='ocr_line' id='line_1_2' title="bbox 613 777 2898 864; baseline -0.001 -19"><span class='ocrx_word' id='word_1_4' title='bbox 613 801 806 864; x_wconf 87' lang='lat' dir='ltr'>gens</span> <span class='ocrx_word' id='word_1_5' title='bbox 865 778 1420 861; x_wconf 83' lang='lat' dir='ltr'>(Macedonum</span> <span class='ocrx_word' id='word_1_6' title='bbox 1487 800 1678 862; x_wconf 87' lang='lat' dir='ltr'>gens</span> <span class='ocrx_word' id='word_1_7' title='bbox 1735 779 2082 844; x_wconf 88' lang='lat' dir='ltr'>obscura</span> <span class='ocrx_word' id='word_1_8' title='bbox 2137 779 2309 861; x_wconf 92' lang='lat' dir='ltr'>cet.).</span> <span class='ocrx_word' id='word_1_9' title='bbox 2398 777 2660 843; x_wconf 87' lang='lat' dir='ltr'>Erroris</span> <span class='ocrx_word' id='word_1_10' title='bbox 2705 799 2898 843; x_wconf 87' lang='lat' dir='ltr'>causa</span> 
     </span>
     <span class='ocr_line' id='line_1_3' title="bbox 614 887 2897 970; baseline -0.001 -17"><span class='ocrx_word' id='word_1_11' title='bbox 614 894 729 953; x_wconf 89' lang='lat' dir='ltr'>aut</span> <span class='ocrx_word' id='word_1_12' title='bbox 770 887 1185 970; x_wconf 81' lang='lat' dir='ltr'>neglegentia</span> <span class='ocrx_word' id='word_1_13' title='bbox 1228 887 1354 952; x_wconf 86' lang='lat' dir='ltr'>suit</span> <span class='ocrx_word' id='word_1_14' title='bbox 1398 894 1527 966; x_wconf 86' lang='lat' dir='ltr'>aut,</span> <span class='ocrx_word' id='word_1_15' title='bbox 1573 887 1747 970; x_wconf 90' lang='lat' dir='ltr'>quod</span> <span class='ocrx_word' id='word_1_16' title='bbox 1793 887 1824 952; x_wconf 86' lang='lat' dir='ltr'>s</span> <span class='ocrx_word' id='word_1_17' title='bbox 1832 908 2003 952; x_wconf 88' lang='lat' dir='ltr'>ama</span> <span class='ocrx_word' id='word_1_18' title='bbox 2045 887 2478 953; x_wconf 81' lang='lat' dir='ltr'>nominativus</span> <span class='ocrx_word' id='word_1_19' title='bbox 2524 907 2669 951; x_wconf 86' lang='lat' dir='ltr'>esse</span> <span class='ocrx_word' id='word_1_20' title='bbox 2712 894 2897 970; x_wconf 85' lang='lat' dir='ltr'>puta-</span> 
     </span>
     <span class='ocr_line' id='line_1_4' title="bbox 613 993 2897 1079; baseline -0.001 -19"><span class='ocrx_word' id='word_1_21' title='bbox 613 995 826 1060; x_wconf 81' lang='lat' dir='ltr'><strong>batur.</strong></span> <span class='ocrx_word' id='word_1_22' title='bbox 896 995 1235 1077; x_wconf 82' lang='lat' dir='ltr'>(Extremo</span> <span class='ocrx_word' id='word_1_23' title='bbox 1282 996 1515 1079; x_wconf 85' lang='lat' dir='ltr'>capite,</span> <span class='ocrx_word' id='word_1_24' title='bbox 1562 993 1595 1078; x_wconf 66' lang='grc' dir='ltr'>ἓ</span> <span class='ocrx_word' id='word_1_25' title='bbox 1643 1000 1700 1074; x_wconf 89' lang='grc'>’7,</span> <span class='ocrx_word' id='word_1_26' title='bbox 1748 996 1862 1060; x_wconf 91' lang='lat' dir='ltr'>ubi</span> <span class='ocrx_word' id='word_1_27' title='bbox 1905 997 1970 1060; x_wconf 90' lang='lat' dir='ltr'>in</span> <span class='ocrx_word' id='word_1_28' title='bbox 2016 994 2240 1060; x_wconf 88' lang='lat' dir='ltr'>codice</span> <span class='ocrx_word' id='word_1_29' title='bbox 2286 1001 2389 1060; x_wconf 89' lang='lat' dir='ltr'>est</span> <span class='ocrx_word' id='word_1_30' title='bbox 2430 994 2897 1059; x_wconf 79' lang='lat' dir='ltr'>lacerantes</span> 
     </span>
     <span class='ocr_line' id='line_1_5' title="bbox 612 1102 2899 1184; baseline -0.001 -17"><span class='ocrx_word' id='word_1_31' title='bbox 612 1103 964 1184; x_wconf 76' lang='lat' dir='ltr'>viribu8‚</span> <span class='ocrx_word' id='word_1_32' title='bbox 1010 1108 1191 1169; x_wconf 89' lang='lat' dir='ltr'>recte</span> <span class='ocrx_word' id='word_1_33' title='bbox 1239 1102 1608 1169; x_wconf 82' lang='lat' dir='ltr'>Gronovius</span> <span class='ocrx_word' id='word_1_34' title='bbox 1668 1102 1867 1169; x_wconf 84' lang='lat' dir='ltr'>scribi</span> <span class='ocrx_word' id='word_1_35' title='bbox 1913 1103 2118 1168; x_wconf 88' lang='lat' dir='ltr'>voluit</span> <span class='ocrx_word' id='word_1_36' title='bbox 2161 1102 2578 1182; x_wconf 88' lang='lat' dir='ltr'>laceratis;</span> <span class='ocrx_word' id='word_1_37' title='bbox 2641 1122 2793 1166; x_wconf 89' lang='lat' dir='ltr'>nam</span> <span class='ocrx_word' id='word_1_38' title='bbox 2838 1109 2899 1166; x_wconf 92' lang='lat' dir='ltr'>et</span> 
     </span>
     <span class='ocr_line' id='line_1_6' title="bbox 612 1209 2898 1295; baseline -0.001 -19"><span class='ocrx_word' id='word_1_39' title='bbox 612 1213 844 1294; x_wconf 87' lang='lat' dir='ltr'>ignave</span> <span class='ocrx_word' id='word_1_40' title='bbox 913 1212 1209 1277; x_wconf 86' lang='lat' dir='ltr'>adhaeret</span> <span class='ocrx_word' id='word_1_41' title='bbox 1273 1211 1745 1277; x_wconf 81' lang='lat' dir='ltr'>lacerantes</span> <span class='ocrx_word' id='word_1_42' title='bbox 1821 1211 2150 1276; x_wconf 91' lang='lat' dir='ltr'>viribus</span> <span class='ocrx_word' id='word_1_43' title='bbox 2228 1217 2382 1295; x_wconf 90' lang='lat' dir='ltr'>post</span> <span class='ocrx_word' id='word_1_44' title='bbox 2447 1209 2613 1274; x_wconf 84' lang='lat' dir='ltr'>ina:-</span> <span class='ocrx_word' id='word_1_45' title='bbox 2659 1209 2754 1273; x_wconf 88' lang='lat' dir='ltr'>ad</span> <span class='ocrx_word' id='word_1_46' title='bbox 2820 1231 2898 1274; x_wconf 89' lang='lat' dir='ltr'>se</span> 
     </span>
    </p>

    <p class='ocr_par' dir='ltr' id='par_1_3' title="bbox 541 1317 2902 1512">
     <span class='ocr_line' id='line_1_7' title="bbox 541 1317 2902 1409; baseline -0.002 -24"><span class='ocrx_word' id='word_1_47' title='bbox 541 1401 548 1409; x_wconf 31' lang='lat'><em>¹</em></span> <span class='ocrx_word' id='word_1_48' title='bbox 613 1321 969 1404; x_wconf 85' lang='lat' dir='ltr'>quisque</span> <span class='ocrx_word' id='word_1_49' title='bbox 1038 1341 1230 1404; x_wconf 88' lang='lat' dir='ltr'>opes</span> <span class='ocrx_word' id='word_1_50' title='bbox 1296 1320 1633 1403; x_wconf 89' lang='lat' dir='ltr'>rapiunt</span> <span class='ocrx_word' id='word_1_51' title='bbox 1698 1325 1766 1385; x_wconf 90' lang='lat' dir='ltr'>et</span> <span class='ocrx_word' id='word_1_52' title='bbox 1821 1321 2051 1385; x_wconf 88' lang='lat' dir='ltr'>vitiose</span> <span class='ocrx_word' id='word_1_53' title='bbox 2118 1319 2445 1384; x_wconf 89' lang='lat' dir='ltr'>obiectum</span> <span class='ocrx_word' id='word_1_54' title='bbox 2499 1317 2713 1394; x_wconf 81' lang='lat' dir='ltr'>deest,</span> <span class='ocrx_word' id='word_1_55' title='bbox 2780 1318 2902 1382; x_wconf 87' lang='lat' dir='ltr'>uisi</span> 
     </span>
     <span class='ocr_line' id='line_1_8' title="bbox 615 1427 2444 1512; baseline -0.002 -18"><span class='ocrx_word' id='word_1_56' title='bbox 615 1428 760 1512; x_wconf 88' lang='lat' dir='ltr'>quis</span> <span class='ocrx_word' id='word_1_57' title='bbox 806 1434 984 1494; x_wconf 89' lang='lat' dir='ltr'>recte</span> <span class='ocrx_word' id='word_1_58' title='bbox 1031 1428 1160 1494; x_wconf 90' lang='lat' dir='ltr'>dici</span> <span class='ocrx_word' id='word_1_59' title='bbox 1203 1433 1394 1512; x_wconf 88' lang='lat' dir='ltr'>putat</span> <span class='ocrx_word' id='word_1_60' title='bbox 1439 1449 1629 1511; x_wconf 89' lang='lat' dir='ltr'>opes</span> <span class='ocrx_word' id='word_1_61' title='bbox 1671 1427 1978 1493; x_wconf 91' lang='lat' dir='ltr'>viribus</span> <span class='ocrx_word' id='word_1_62' title='bbox 2022 1427 2444 1506; x_wconf 88' lang='lat' dir='ltr'>lacerare.)</span> 
     </span>
    </p>

    <p class='ocr_par' dir='ltr' id='par_1_4' title="bbox 612 1534 2905 2702">
     <span class='ocr_line' id='line_1_9' title="bbox 784 1534 2898 1619; baseline 0 -19"><span class='ocrx_word' id='word_1_63' title='bbox 784 1534 939 1619; x_wconf 85' lang='lat' dir='ltr'>Cap.</span> <span class='ocrx_word' id='word_1_64' title='bbox 986 1541 1081 1616; x_wconf 88' lang='lat'>10,</span> <span class='ocrx_word' id='word_1_65' title='bbox 1129 1541 1186 1617; x_wconf 82' lang='lat'>2,</span> <span class='ocrx_word' id='word_1_66' title='bbox 1234 1536 1350 1601; x_wconf 89' lang='lat' dir='ltr'>ubi</span> <span class='ocrx_word' id='word_1_67' title='bbox 1384 1536 1632 1600; x_wconf 78' lang='lat' dir='ltr'>editur:</span> <span class='ocrx_word' id='word_1_68' title='bbox 1669 1536 2037 1601; x_wconf 86' lang='lat' dir='ltr'>dimissis</span> <span class='ocrx_word' id='word_1_69' title='bbox 2067 1571 2154 1580; x_wconf 92' lang='lat'><strong>—</strong></span> <span class='ocrx_word' id='word_1_70' title='bbox 2186 1536 2497 1600; x_wconf 85' lang='lat' dir='ltr'>Atticis</span> <span class='ocrx_word' id='word_1_71' title='bbox 2534 1534 2898 1613; x_wconf 88' lang='lat' dir='ltr'>navibus,</span> 
     </span>
     <span class='ocr_line' id='line_1_10' title="bbox 613 1644 2902 1728; baseline -0 -19"><span class='ocrx_word' id='word_1_72' title='bbox 613 1644 680 1709; x_wconf 91' lang='lat' dir='ltr'>in</span> <span class='ocrx_word' id='word_1_73' title='bbox 726 1644 867 1710; x_wconf 90' lang='lat' dir='ltr'>cod.</span> <span class='ocrx_word' id='word_1_74' title='bbox 895 1644 1208 1710; x_wconf 87' lang='lat' dir='ltr'>scribitur</span> <span class='ocrx_word' id='word_1_75' title='bbox 1251 1644 1570 1709; x_wconf 80' lang='lat' dir='ltr'>adticis.</span> <span class='ocrx_word' id='word_1_76' title='bbox 1639 1644 1836 1709; x_wconf 86' lang='lat' dir='ltr'>Aliud</span> <span class='ocrx_word' id='word_1_77' title='bbox 1880 1644 2089 1710; x_wconf 89' lang='lat' dir='ltr'>latere</span> <span class='ocrx_word' id='word_1_78' title='bbox 2124 1649 2432 1728; x_wconf 84' lang='lat' dir='ltr'>apparet3</span> <span class='ocrx_word' id='word_1_79' title='bbox 2477 1663 2689 1726; x_wconf 88' lang='lat' dir='ltr'>neque</span> <span class='ocrx_word' id='word_1_80' title='bbox 2736 1645 2902 1708; x_wconf 88' lang='lat' dir='ltr'>enim</span> 
     </span>
     <span class='ocr_line' id='line_1_11' title="bbox 612 1749 2902 1832; baseline 0 -17"><span class='ocrx_word' id='word_1_81' title='bbox 612 1750 831 1832; x_wconf 86' lang='lat' dir='ltr'>XLIV,</span> <span class='ocrx_word' id='word_1_82' title='bbox 878 1756 957 1818; x_wconf 82' lang='lat'>29</span> <span class='ocrx_word' id='word_1_83' title='bbox 1004 1752 1138 1818; x_wconf 88' lang='lat' dir='ltr'>ulla</span> <span class='ocrx_word' id='word_1_84' title='bbox 1195 1751 1269 1817; x_wconf 88' lang='lat' dir='ltr'>fit</span> <span class='ocrx_word' id='word_1_85' title='bbox 1312 1752 1686 1818; x_wconf 88' lang='lat' dir='ltr'>Atticarum</span> <span class='ocrx_word' id='word_1_86' title='bbox 1743 1752 2006 1817; x_wconf 83' lang='lat' dir='ltr'>navium</span> <span class='ocrx_word' id='word_1_87' title='bbox 2049 1753 2313 1817; x_wconf 89' lang='lat' dir='ltr'>mentio.</span> <span class='ocrx_word' id='word_1_88' title='bbox 2406 1749 2684 1816; x_wconf 89' lang='lat' dir='ltr'>Subesse</span> <span class='ocrx_word' id='word_1_89' title='bbox 2731 1751 2902 1815; x_wconf 87' lang='lat' dir='ltr'>vide-</span> 
     </span>
     <span class='ocr_line' id='line_1_12' title="bbox 612 1859 2901 1943; baseline -0 -19"><span class='ocrx_word' id='word_1_90' title='bbox 612 1866 722 1925; x_wconf 91' lang='lat' dir='ltr'>tur</span> <span class='ocrx_word' id='word_1_91' title='bbox 787 1859 1308 1927; x_wconf 85' lang='lat' dir='ltr'>adventiciis.</span> <span class='ocrx_word' id='word_1_92' title='bbox 1379 1860 1623 1943; x_wconf 84' lang='grc'>(1864.)</span> <span class='ocrx_word' id='word_1_93' title='bbox 1713 1859 1746 1943; x_wconf 63' lang='grc' dir='ltr'>ξ</span> <span class='ocrx_word' id='word_1_94' title='bbox 1797 1866 1873 1926; x_wconf 84' lang='grc'>15</span> <span class='ocrx_word' id='word_1_95' title='bbox 1920 1862 1985 1925; x_wconf 97' lang='lat' dir='ltr'>in</span> <span class='ocrx_word' id='word_1_96' title='bbox 2040 1859 2164 1925; x_wconf 88' lang='lat' dir='ltr'>hac</span> <span class='ocrx_word' id='word_1_97' title='bbox 2229 1859 2472 1925; x_wconf 88' lang='lat' dir='ltr'>codicis</span> <span class='ocrx_word' id='word_1_98' title='bbox 2531 1860 2901 1943; x_wconf 80' lang='lat' dir='ltr'>scriptura:</span> 
     </span>
     <span class='ocr_line' id='line_1_13' title="bbox 612 1966 2899 2051; baseline -0 -19"><span class='ocrx_word' id='word_1_99' title='bbox 612 1989 756 2033; x_wconf 91' lang='lat' dir='ltr'>nec</span> <span class='ocrx_word' id='word_1_100' title='bbox 824 1989 911 2033; x_wconf 91' lang='lat' dir='ltr'>eo</span> <span class='ocrx_word' id='word_1_101' title='bbox 980 1970 1313 2051; x_wconf 88' lang='lat' dir='ltr'>segnius</span> <span class='ocrx_word' id='word_1_102' title='bbox 1379 1970 1698 2035; x_wconf 88' lang='lat' dir='ltr'>iudicia</span> <span class='ocrx_word' id='word_1_103' title='bbox 1763 1991 1853 2034; x_wconf 82' lang='lat' dir='ltr'>ex</span> <span class='ocrx_word' id='word_1_104' title='bbox 1922 1969 2258 2036; x_wconf 88' lang='lat' dir='ltr'>decreto</span> <span class='ocrx_word' id='word_1_105' title='bbox 2319 1989 2587 2033; x_wconf 90' lang='lat' dir='ltr'>coram</span> <span class='ocrx_word' id='word_1_106' title='bbox 2630 1967 2761 2032; x_wconf 89' lang='lat' dir='ltr'>his</span> <span class='ocrx_word' id='word_1_107' title='bbox 2806 1966 2899 2047; x_wconf 91' lang='lat' dir='ltr'>(C.</span> 
     </span>
     <span class='ocr_line' id='line_1_14' title="bbox 612 2076 2902 2161; baseline 0 -21"><span class='ocrx_word' id='word_1_108' title='bbox 612 2076 866 2160; x_wconf 90' lang='lat' dir='ltr'>Popilio</span> <span class='ocrx_word' id='word_1_109' title='bbox 898 2084 963 2142; x_wconf 88' lang='lat' dir='ltr'>et</span> <span class='ocrx_word' id='word_1_110' title='bbox 998 2077 1067 2142; x_wconf 87' lang='lat' dir='ltr'>C.</span> <span class='ocrx_word' id='word_1_111' title='bbox 1101 2078 1421 2161; x_wconf 87' lang='lat' dir='ltr'>Decimio)</span> <span class='ocrx_word' id='word_1_112' title='bbox 1466 2078 1671 2144; x_wconf 86' lang='lat' dir='ltr'>facti</span> <span class='ocrx_word' id='word_1_113' title='bbox 1715 2078 1986 2143; x_wconf 90' lang='lat' dir='ltr'>rhodii</span> <span class='ocrx_word' id='word_1_114' title='bbox 2032 2076 2628 2142; x_wconf 82' lang='lat' dir='ltr'>exercebantur</span> <span class='ocrx_word' id='word_1_115' title='bbox 2673 2094 2902 2159; x_wconf 90' lang='lat' dir='ltr'>quam</span> 
     </span>
     <span class='ocr_line' id='line_1_15' title="bbox 612 2183 2903 2270; baseline -0.001 -20"><span class='ocrx_word' id='word_1_116' title='bbox 612 2186 1272 2268; x_wconf 88' lang='lat' dir='ltr'>perseuerabant</span> <span class='ocrx_word' id='word_1_117' title='bbox 1336 2192 1497 2251; x_wconf 88' lang='lat' dir='ltr'>tam</span> <span class='ocrx_word' id='word_1_118' title='bbox 1563 2184 2131 2270; x_wconf 83' lang='lat' dir='ltr'>inexequenda</span> <span class='ocrx_word' id='word_1_119' title='bbox 2196 2205 2281 2249; x_wconf 91' lang='lat' dir='ltr'>re</span> <span class='ocrx_word' id='word_1_120' title='bbox 2347 2190 2507 2249; x_wconf 89' lang='lat' dir='ltr'>tam</span> <span class='ocrx_word' id='word_1_121' title='bbox 2573 2183 2903 2248; x_wconf 78' lang='lat' dir='ltr'>decimae</span> 
     </span>
     <span class='ocr_line' id='line_1_16' title="bbox 612 2290 2904 2378; baseline 0 -21"><span class='ocrx_word' id='word_1_122' title='bbox 612 2291 919 2358; x_wconf 86' lang='lat' dir='ltr'>lenitas</span> <span class='ocrx_word' id='word_1_123' title='bbox 966 2315 1194 2377; x_wconf 89' lang='lat' dir='ltr'>quam</span> <span class='ocrx_word' id='word_1_124' title='bbox 1239 2295 1401 2360; x_wconf 88' lang='lat' dir='ltr'>haec</span> <span class='ocrx_word' id='word_1_125' title='bbox 1435 2300 1931 2378; x_wconf 85' lang='lat' dir='ltr'>gererentur</span> <span class='ocrx_word' id='word_1_126' title='bbox 1973 2295 2254 2378; x_wconf 91' lang='lat' dir='ltr'>primum</span> <span class='ocrx_word' id='word_1_127' title='bbox 2286 2294 2507 2360; x_wconf 35' lang='lat' dir='ltr'>fetiam</span> <span class='ocrx_word' id='word_1_128' title='bbox 2552 2290 2904 2357; x_wconf 87' lang='lat' dir='ltr'>Vahlenius</span> 
     </span>
     <span class='ocr_line' id='line_1_17' title="bbox 613 2399 2905 2485; baseline 0.001 -23"><span class='ocrx_word' id='word_1_129' title='bbox 613 2399 778 2465; x_wconf 90' lang='lat' dir='ltr'>vidit</span> <span class='ocrx_word' id='word_1_130' title='bbox 845 2422 923 2466; x_wconf 83' lang='lat' dir='ltr'>ex</span> <span class='ocrx_word' id='word_1_131' title='bbox 990 2401 1586 2468; x_wconf 84' lang='lat' dir='ltr'>exercebantur</span> <span class='ocrx_word' id='word_1_132' title='bbox 1652 2402 2015 2467; x_wconf 88' lang='lat' dir='ltr'>faciendum</span> <span class='ocrx_word' id='word_1_133' title='bbox 2073 2422 2247 2479; x_wconf 89' lang='lat' dir='ltr'>esse,</span> <span class='ocrx_word' id='word_1_134' title='bbox 2306 2407 2382 2466; x_wconf 92' lang='lat' dir='ltr'>ut</span> <span class='ocrx_word' id='word_1_135' title='bbox 2439 2401 2795 2485; x_wconf 67' lang='lat' dir='ltr'>saepissime</span> <span class='ocrx_word' id='word_1_136' title='bbox 2839 2402 2905 2465; x_wconf 92' lang='lat' dir='ltr'>in</span> 
     </span>
     <span class='ocr_line' id='line_1_18' title="bbox 612 2508 2905 2594; baseline 0 -22"><span class='ocrx_word' id='word_1_137' title='bbox 612 2509 679 2572; x_wconf 92' lang='lat' dir='ltr'>in</span> <span class='ocrx_word' id='word_1_138' title='bbox 723 2509 849 2572; x_wconf 91' lang='lat' dir='ltr'>hoc</span> <span class='ocrx_word' id='word_1_139' title='bbox 915 2509 1155 2589; x_wconf 87' lang='lat' dir='ltr'>codice,</span> <span class='ocrx_word' id='word_1_140' title='bbox 1224 2511 1741 2576; x_wconf 83' lang='lat' dir='ltr'>exercebant.</span> <span class='ocrx_word' id='word_1_141' title='bbox 1832 2510 1998 2575; x_wconf 91' lang='lat' dir='ltr'>Dein</span> <span class='ocrx_word' id='word_1_142' title='bbox 2067 2510 2389 2594; x_wconf 88' lang='lat' dir='ltr'>separatis</span> <span class='ocrx_word' id='word_1_143' title='bbox 2449 2508 2562 2588; x_wconf 90' lang='lat' dir='ltr'>iis,</span> <span class='ocrx_word' id='word_1_144' title='bbox 2620 2529 2767 2591; x_wconf 83' lang='lat' dir='ltr'>quae</span> <span class='ocrx_word' id='word_1_145' title='bbox 2822 2509 2905 2573; x_wconf 91' lang='lat' dir='ltr'>ad</span> 
     </span>
     <span class='ocr_line' id='line_1_19' title="bbox 614 2616 2904 2702; baseline 0 -21"><span class='ocrx_word' id='word_1_146' title='bbox 614 2617 912 2700; x_wconf 84' lang='lat' dir='ltr'>proxima</span> <span class='ocrx_word' id='word_1_147' title='bbox 934 2618 1265 2701; x_wconf 80' lang='lat' dir='ltr'>pertinent</span> <span class='ocrx_word' id='word_1_148' title='bbox 1299 2618 1571 2699; x_wconf 85' lang='lat' dir='ltr'>(Quum</span> <span class='ocrx_word' id='word_1_149' title='bbox 1618 2618 1782 2685; x_wconf 86' lang='lat' dir='ltr'>haec</span> <span class='ocrx_word' id='word_1_150' title='bbox 1827 2618 2333 2702; x_wconf 84' lang='lat' dir='ltr'>gererentur)</span> <span class='ocrx_word' id='word_1_151' title='bbox 2361 2624 2429 2684; x_wconf 91' lang='lat' dir='ltr'>et</span> <span class='ocrx_word' id='word_1_152' title='bbox 2450 2616 2904 2683; x_wconf 82' lang='lat' dir='ltr'>animadversa</span> 
     </span>
    </p>

    <p class='ocr_par' dir='ltr' id='par_1_5' title="bbox 527 2724 2902 3674">
     <span class='ocr_line' id='line_1_20' title="bbox 527 2724 2902 2812; baseline -0.001 -22"><span class='ocrx_word' id='word_1_153' title='bbox 527 2766 539 2775; x_wconf 84' lang='lat'><em>-</em></span> <span class='ocrx_word' id='word_1_154' title='bbox 614 2726 881 2805; x_wconf 89' lang='lat' dir='ltr'>lacuna,</span> <span class='ocrx_word' id='word_1_155' title='bbox 950 2727 1126 2809; x_wconf 89' lang='lat' dir='ltr'>quod</span> <span class='ocrx_word' id='word_1_156' title='bbox 1192 2728 1325 2792; x_wconf 89' lang='lat' dir='ltr'>iam</span> <span class='ocrx_word' id='word_1_157' title='bbox 1371 2728 1685 2812; x_wconf 82' lang='lat' dir='ltr'>Grynaeus</span> <span class='ocrx_word' id='word_1_158' title='bbox 1754 2727 2031 2805; x_wconf 87' lang='lat' dir='ltr'>fecerat,</span> <span class='ocrx_word' id='word_1_159' title='bbox 2092 2727 2283 2797; x_wconf 88' lang='lat' dir='ltr'>facile</span> <span class='ocrx_word' id='word_1_160' title='bbox 2327 2731 2512 2810; x_wconf 88' lang='lat' dir='ltr'>patet</span> <span class='ocrx_word' id='word_1_161' title='bbox 2554 2724 2718 2790; x_wconf 82' lang='lat' dir='ltr'>illud</span> <span class='ocrx_word' id='word_1_162' title='bbox 2763 2744 2902 2789; x_wconf 86' lang='lat' dir='ltr'>nec</span> 
     </span>
     <span class='ocr_line' id='line_1_21' title="bbox 616 2835 2899 2919; baseline -0.002 -19"><span class='ocrx_word' id='word_1_163' title='bbox 616 2856 705 2900; x_wconf 90' lang='lat' dir='ltr'>eo</span> <span class='ocrx_word' id='word_1_164' title='bbox 752 2837 1090 2918; x_wconf 89' lang='lat' dir='ltr'>segnius</span> <span class='ocrx_word' id='word_1_165' title='bbox 1125 2835 1355 2901; x_wconf 85' lang='lat' dir='ltr'>referri</span> <span class='ocrx_word' id='word_1_166' title='bbox 1391 2836 1474 2901; x_wconf 88' lang='lat' dir='ltr'>ad</span> <span class='ocrx_word' id='word_1_167' title='bbox 1520 2836 1860 2919; x_wconf 87' lang='lat' dir='ltr'>superiora</span> <span class='ocrx_word' id='word_1_168' title='bbox 1902 2836 2027 2900; x_wconf 89' lang='lat' dir='ltr'>hac</span> <span class='ocrx_word' id='word_1_169' title='bbox 2062 2836 2415 2900; x_wconf 87' lang='lat' dir='ltr'>sententia:</span> <span class='ocrx_word' id='word_1_170' title='bbox 2465 2854 2899 2918; x_wconf 88' lang='lat' dir='ltr'>„quamquam</span> 
     </span>
     <span class='ocr_line' id='line_1_22' title="bbox 615 2942 2900 3028; baseline -0.001 -20"><span class='ocrx_word' id='word_1_171' title='bbox 615 2943 1053 3009; x_wconf 88' lang='lat' dir='ltr'>discesserant</span> <span class='ocrx_word' id='word_1_172' title='bbox 1117 2943 1391 3026; x_wconf 86' lang='lat' dir='ltr'>legati“;</span> <span class='ocrx_word' id='word_1_173' title='bbox 1458 2945 1682 3028; x_wconf 87' lang='lat' dir='ltr'>itaque</span> <span class='ocrx_word' id='word_1_174' title='bbox 1748 2964 1995 3025; x_wconf 88' lang='lat' dir='ltr'>quam,</span> <span class='ocrx_word' id='word_1_175' title='bbox 2066 2951 2141 3008; x_wconf 92' lang='lat' dir='ltr'>ut</span> <span class='ocrx_word' id='word_1_176' title='bbox 2196 2943 2381 3023; x_wconf 87' lang='lat' dir='ltr'>alibi,</span> <span class='ocrx_word' id='word_1_177' title='bbox 2437 2942 2739 3007; x_wconf 89' lang='lat' dir='ltr'>additum</span> <span class='ocrx_word' id='word_1_178' title='bbox 2802 2948 2900 3006; x_wconf 87' lang='lat' dir='ltr'>est</span> 
     </span>
     <span class='ocr_line' id='line_1_23' title="bbox 613 3049 2897 3136; baseline -0.002 -21"><span class='ocrx_word' id='word_1_179' title='bbox 613 3058 886 3136; x_wconf 89' lang='lat' dir='ltr'>propter</span> <span class='ocrx_word' id='word_1_180' title='bbox 930 3052 1402 3134; x_wconf 73' lang='lat' dir='ltr'>praecedentem</span> <span class='ocrx_word' id='word_1_181' title='bbox 1448 3054 1979 3136; x_wconf 84' lang='lat' dir='ltr'>comparativum.</span> <span class='ocrx_word' id='word_1_182' title='bbox 2060 3052 2222 3116; x_wconf 92' lang='lat' dir='ltr'>Tum</span> <span class='ocrx_word' id='word_1_183' title='bbox 2265 3073 2395 3116; x_wconf 91' lang='lat' dir='ltr'>non</span> <span class='ocrx_word' id='word_1_184' title='bbox 2441 3050 2522 3115; x_wconf 91' lang='lat' dir='ltr'>de</span> <span class='ocrx_word' id='word_1_185' title='bbox 2566 3070 2636 3114; x_wconf 92' lang='lat' dir='ltr'>re</span> <span class='ocrx_word' id='word_1_186' title='bbox 2679 3049 2897 3114; x_wconf 85' lang='lat' dir='ltr'>nescio</span> 
     </span>
     <span class='ocr_line' id='line_1_24' title="bbox 614 3142 2897 3243; baseline -0.002 -18"><span class='ocrx_word' id='word_1_187' title='bbox 614 3180 743 3242; x_wconf 89' lang='lat' dir='ltr'>qua</span> <span class='ocrx_word' id='word_1_188' title='bbox 798 3159 1212 3241; x_wconf 74' lang='lat' dir='ltr'>exsequenda</span> <span class='ocrx_word' id='word_1_189' title='bbox 1256 3161 1494 3241; x_wconf 88' lang='lat' dir='ltr'>agitur,</span> <span class='ocrx_word' id='word_1_190' title='bbox 1541 3161 1655 3226; x_wconf 83' lang='lat' dir='ltr'>sed</span> <span class='ocrx_word' id='word_1_191' title='bbox 1702 3146 1791 3225; x_wconf 28' lang='lat' dir='ltr'>de·</span> <span class='ocrx_word' id='word_1_192' title='bbox 1829 3160 2121 3243; x_wconf 86' lang='lat' dir='ltr'>urgenda</span> <span class='ocrx_word' id='word_1_193' title='bbox 2164 3167 2231 3224; x_wconf 92' lang='lat' dir='ltr'>et</span> <span class='ocrx_word' id='word_1_194' title='bbox 2287 3142 2372 3225; x_wconf 87' lang='lat' dir='ltr'>ad</span> <span class='ocrx_word' id='word_1_195' title='bbox 2426 3157 2622 3223; x_wconf 88' lang='lat' dir='ltr'>finem</span> <span class='ocrx_word' id='word_1_196' title='bbox 2667 3157 2897 3241; x_wconf 89' lang='lat' dir='ltr'>perdu-</span> 
     </span>
     <span class='ocr_line' id='line_1_25' title="bbox 613 3265 2899 3353; baseline -0.001 -21"><span class='ocrx_word' id='word_1_197' title='bbox 613 3267 820 3332; x_wconf 87' lang='lat' dir='ltr'>cenda</span> <span class='ocrx_word' id='word_1_198' title='bbox 863 3288 975 3350; x_wconf 90' lang='lat' dir='ltr'>spe</span> <span class='ocrx_word' id='word_1_199' title='bbox 1021 3288 1062 3333; x_wconf 90' lang='lat' dir='ltr'>a</span> <span class='ocrx_word' id='word_1_200' title='bbox 1104 3268 1391 3332; x_wconf 89' lang='lat' dir='ltr'>Decimio</span> <span class='ocrx_word' id='word_1_201' title='bbox 1436 3267 1644 3349; x_wconf 85' lang='lat' dir='ltr'>facta,</span> <span class='ocrx_word' id='word_1_202' title='bbox 1688 3291 1881 3353; x_wconf 90' lang='lat' dir='ltr'>posse</span> <span class='ocrx_word' id='word_1_203' title='bbox 1927 3267 2304 3334; x_wconf 88' lang='lat' dir='ltr'>auctoribus</span> <span class='ocrx_word' id='word_1_204' title='bbox 2361 3266 2599 3332; x_wconf 88' lang='lat' dir='ltr'>Perseo</span> <span class='ocrx_word' id='word_1_205' title='bbox 2644 3265 2899 3330; x_wconf 85' lang='lat' dir='ltr'>favendi</span> 
     </span>
     <span class='ocr_line' id='line_1_26' title="bbox 613 3374 2897 3459; baseline -0.001 -19"><span class='ocrx_word' id='word_1_206' title='bbox 613 3374 890 3440; x_wconf 89' lang='lat' dir='ltr'>sublatis</span> <span class='ocrx_word' id='word_1_207' title='bbox 935 3375 1378 3440; x_wconf 87' lang='lat' dir='ltr'>Romanorum</span> <span class='ocrx_word' id='word_1_208' title='bbox 1433 3378 1715 3459; x_wconf 83' lang='lat' dir='ltr'>gratiam</span> <span class='ocrx_word' id='word_1_209' title='bbox 1769 3376 2200 3443; x_wconf 89' lang='lat' dir='ltr'>reconciliari.</span> <span class='ocrx_word' id='word_1_210' title='bbox 2291 3375 2524 3459; x_wconf 87' lang='lat' dir='ltr'>Itaque</span> <span class='ocrx_word' id='word_1_211' title='bbox 2583 3394 2897 3457; x_wconf 87' lang='lat' dir='ltr'>reponen-</span> 
     </span>
     <span class='ocr_line' id='line_1_27' title="bbox 614 3482 2897 3566; baseline -0.001 -20"><span class='ocrx_word' id='word_1_212' title='bbox 614 3482 768 3546; x_wconf 89' lang='lat' dir='ltr'>dum</span> <span class='ocrx_word' id='word_1_213' title='bbox 793 3489 920 3547; x_wconf 82' lang='lat' dir='ltr'>est:</span> <span class='ocrx_word' id='word_1_214' title='bbox 956 3484 1602 3566; x_wconf 89' lang='lat' dir='ltr'>perseverabant</span> <span class='ocrx_word' id='word_1_215' title='bbox 1636 3486 1787 3550; x_wconf 93' lang='lat' dir='ltr'>iam</span> <span class='ocrx_word' id='word_1_216' title='bbox 1820 3486 1898 3549; x_wconf 90' lang='lat' dir='ltr'>in</span> <span class='ocrx_word' id='word_1_217' title='bbox 1937 3484 2455 3566; x_wconf 75' lang='lat' dir='ltr'>exsequenda</span> <span class='ocrx_word' id='word_1_218' title='bbox 2489 3502 2647 3565; x_wconf 86' lang='lat' dir='ltr'>spe,</span> <span class='ocrx_word' id='word_1_219' title='bbox 2672 3501 2897 3564; x_wconf 90' lang='lat' dir='ltr'>quam</span> 
     </span>
     <span class='ocr_line' id='line_1_28' title="bbox 612 3589 2185 3674; baseline 0.001 -21"><span class='ocrx_word' id='word_1_220' title='bbox 612 3589 956 3656; x_wconf 88' lang='lat' dir='ltr'>Decimii</span> <span class='ocrx_word' id='word_1_221' title='bbox 1000 3592 1308 3657; x_wconf 87' lang='lat' dir='ltr'>lenitas</span> <span class='ocrx_word' id='word_1_222' title='bbox 1354 3593 1851 3658; x_wconf 87' lang='lat' dir='ltr'>ostenderat.</span> <span class='ocrx_word' id='word_1_223' title='bbox 1942 3591 2185 3674; x_wconf 81' lang='lat'>(1864.)</span> 
     </span>
    </p>

    <p class='ocr_par' dir='ltr' id='par_1_6' title="bbox 359 3688 2895 3783">
     <span class='ocr_line' id='line_1_29' title="bbox 359 3688 2895 3783; baseline -0.002 -20"><span class='ocrx_word' id='word_1_224' title='bbox 359 3714 367 3722; x_wconf 91' lang='lat'>·</span> <span class='ocrx_word' id='word_1_225' title='bbox 442 3688 583 3757; x_wconf 75' lang='lat'>(59⁹7)</span> <span class='ocrx_word' id='word_1_226' title='bbox 794 3698 949 3783; x_wconf 88' lang='lat' dir='ltr'>Cap.</span> <span class='ocrx_word' id='word_1_227' title='bbox 1004 3703 1096 3777; x_wconf 89' lang='lat'>13,</span> <span class='ocrx_word' id='word_1_228' title='bbox 1149 3704 1223 3764; x_wconf 88' lang='lat'>13</span> <span class='ocrx_word' id='word_1_229' title='bbox 1293 3701 1387 3781; x_wconf 92' lang='lat' dir='ltr'>(in</span> <span class='ocrx_word' id='word_1_230' title='bbox 1454 3702 1750 3766; x_wconf 85' lang='lat' dir='ltr'>oratione</span> <span class='ocrx_word' id='word_1_231' title='bbox 1795 3699 2140 3783; x_wconf 65' lang='lat' dir='ltr'>Masgabae,</span> <span class='ocrx_word' id='word_1_232' title='bbox 2194 3699 2560 3764; x_wconf 65' lang='lat' dir='ltr'>Masinissae</span> <span class='ocrx_word' id='word_1_233' title='bbox 2624 3695 2775 3774; x_wconf 85' lang='lat' dir='ltr'>filii,</span> <span class='ocrx_word' id='word_1_234' title='bbox 2833 3696 2895 3759; x_wconf 88' lang='lat' dir='ltr'>in</span> 
     </span>
    </p>

    <p class='ocr_par' dir='ltr' id='par_1_7' title="bbox 609 3805 2919 4218">
     <span class='ocr_line' id='line_1_30' title="bbox 612 3805 2894 3893; baseline -0.001 -23"><span class='ocrx_word' id='word_1_235' title='bbox 612 3805 902 3888; x_wconf 89' lang='lat' dir='ltr'>senatu):</span> <span class='ocrx_word' id='word_1_236' title='bbox 952 3805 1633 3889; x_wconf 86' lang='lat' dir='ltr'>Commemoravit,</span> <span class='ocrx_word' id='word_1_237' title='bbox 1681 3816 1874 3893; x_wconf 89' lang='lat' dir='ltr'>quot</span> <span class='ocrx_word' id='word_1_238' title='bbox 1918 3809 2244 3893; x_wconf 88' lang='lat' dir='ltr'>pedites</span> <span class='ocrx_word' id='word_1_239' title='bbox 2290 3807 2894 3892; x_wconf 88' lang='lat' dir='ltr'>equitesque—-</span> 
     </span>
     <span class='ocr_line' id='line_1_31' title="bbox 609 3915 2892 3997; baseline -0.001 -19"><span class='ocrx_word' id='word_1_240' title='bbox 609 3921 846 3997; x_wconf 88' lang='lat' dir='ltr'>pater</span> <span class='ocrx_word' id='word_1_241' title='bbox 893 3936 1090 3979; x_wconf 89' lang='lat' dir='ltr'>suus</span> <span class='ocrx_word' id='word_1_242' title='bbox 1135 3916 1203 3979; x_wconf 91' lang='lat' dir='ltr'>in</span> <span class='ocrx_word' id='word_1_243' title='bbox 1246 3916 1799 3981; x_wconf 89' lang='lat' dir='ltr'>Macedoniam</span> <span class='ocrx_word' id='word_1_244' title='bbox 1844 3917 2229 3983; x_wconf 90' lang='lat' dir='ltr'>misisset.</span> <span class='ocrx_word' id='word_1_245' title='bbox 2322 3915 2477 3982; x_wconf 86' lang='lat' dir='ltr'>Sed</span> <span class='ocrx_word' id='word_1_246' title='bbox 2524 3915 2731 3979; x_wconf 87' lang='lat' dir='ltr'>duas</span> <span class='ocrx_word' id='word_1_247' title='bbox 2775 3932 2892 3977; x_wconf 90' lang='lat' dir='ltr'>res</span> 
     </span>
     <span class='ocr_line' id='line_1_32' title="bbox 610 4021 2919 4105; baseline -0.002 -18"><span class='ocrx_word' id='word_1_248' title='bbox 610 4022 683 4087; x_wconf 89' lang='lat' dir='ltr'>ei</span> <span class='ocrx_word' id='word_1_249' title='bbox 727 4023 1010 4089; x_wconf 89' lang='lat' dir='ltr'>rubori</span> <span class='ocrx_word' id='word_1_250' title='bbox 1055 4023 1335 4089; x_wconf 86' lang='lat' dir='ltr'>fuisse.</span> <span class='ocrx_word' id='word_1_251' title='bbox 1428 4022 1583 4090; x_wconf 84' lang='lat' dir='ltr'>Cod.</span> <span class='ocrx_word' id='word_1_252' title='bbox 1654 4025 2027 4091; x_wconf 87' lang='lat' dir='ltr'>misitsed</span> <span class='ocrx_word' id='word_1_253' title='bbox 2095 4026 2320 4105; x_wconf 88' lang='lat' dir='ltr'>duas‚·</span> <span class='ocrx_word' id='word_1_254' title='bbox 2386 4023 2509 4088; x_wconf 92' lang='lat' dir='ltr'>hoc</span> <span class='ocrx_word' id='word_1_255' title='bbox 2575 4028 2709 4087; x_wconf 89' lang='lat' dir='ltr'>est:</span> <span class='ocrx_word' id='word_1_256' title='bbox 2770 4021 2919 4095; x_wconf 51' lang='lat' dir='ltr'>mis</span> 
     </span>
     <span class='ocr_line' id='line_1_33' title="bbox 611 4130 2890 4218; baseline -0.002 -23"><span class='ocrx_word' id='word_1_257' title='bbox 611 4130 877 4196; x_wconf 88' lang='lat' dir='ltr'>sisset.</span> <span class='ocrx_word' id='word_1_258' title='bbox 967 4132 1180 4196; x_wconf 90' lang='lat' dir='ltr'>Duas</span> <span class='ocrx_word' id='word_1_259' title='bbox 1225 4140 1347 4197; x_wconf 90' lang='lat' dir='ltr'>cet.</span> <span class='ocrx_word' id='word_1_260' title='bbox 1436 4132 1511 4197; x_wconf 91' lang='lat' dir='ltr'>In</span> <span class='ocrx_word' id='word_1_261' title='bbox 1556 4133 1658 4213; x_wconf 87' lang='lat' dir='ltr'>iis,</span> <span class='ocrx_word' id='word_1_262' title='bbox 1705 4155 1848 4217; x_wconf 83' lang='lat' dir='ltr'>quae</span> <span class='ocrx_word' id='word_1_263' title='bbox 1894 4135 2091 4218; x_wconf 90' lang='lat' dir='ltr'>paulo</span> <span class='ocrx_word' id='word_1_264' title='bbox 2149 4141 2296 4216; x_wconf 89' lang='lat' dir='ltr'>post</span> <span class='ocrx_word' id='word_1_265' title='bbox 2341 4131 2375 4216; x_wconf 65' lang='grc' dir='ltr'>ἓ</span> <span class='ocrx_word' id='word_1_266' title='bbox 2424 4136 2499 4197; x_wconf 92' lang='grc'>16</span> <span class='ocrx_word' id='word_1_267' title='bbox 2555 4131 2890 4214; x_wconf 88' lang='lat' dir='ltr'>leguntur:</span> 
     </span>
    </p>

    <p class='ocr_par' dir='ltr' id='par_1_8' title="bbox 611 4237 2889 4324">
     <span class='ocr_line' id='line_1_34' title="bbox 611 4237 2889 4324; baseline 0 -21"><span class='ocrx_word' id='word_1_268' title='bbox 611 4237 940 4305; x_wconf 89' lang='lat' dir='ltr'>Sumere</span> <span class='ocrx_word' id='word_1_269' title='bbox 1008 4241 1283 4324; x_wconf 88' lang='lat' dir='ltr'>itaque</span> <span class='ocrx_word' id='word_1_270' title='bbox 1352 4241 1687 4306; x_wconf 88' lang='lat' dir='ltr'>eosdem</span> <span class='ocrx_word' id='word_1_271' title='bbox 1751 4241 2153 4323; x_wconf 89' lang='lat' dir='ltr'>(Romanos),</span> <span class='ocrx_word' id='word_1_272' title='bbox 2223 4263 2381 4307; x_wconf 89' lang='lat' dir='ltr'>non</span> <span class='ocrx_word' id='word_1_273' title='bbox 2425 4263 2508 4306; x_wconf 90' lang='lat' dir='ltr'>se</span> <span class='ocrx_word' id='word_1_274' title='bbox 2574 4261 2889 4324; x_wconf 85' lang='lat' dir='ltr'>rogare,</span> 
     </span>
    </p>

    <p class='ocr_par' dir='ltr' id='par_1_9' title="bbox 607 4348 2890 4648">
     <span class='ocr_line' id='line_1_35' title="bbox 609 4348 2889 4432; baseline 0 -21"><span class='ocrx_word' id='word_1_275' title='bbox 609 4368 913 4430; x_wconf 86' lang='lat' dir='ltr'>aequum</span> <span class='ocrx_word' id='word_1_276' title='bbox 993 4370 1201 4428; x_wconf 88' lang='lat' dir='ltr'>esse,</span> <span class='ocrx_word' id='word_1_277' title='bbox 1283 4370 1537 4432; x_wconf 88' lang='lat' dir='ltr'>neque</span> <span class='ocrx_word' id='word_1_278' title='bbox 1605 4370 1862 4415; x_wconf 89' lang='lat' dir='ltr'>emere</span> <span class='ocrx_word' id='word_1_279' title='bbox 1921 4371 2010 4415; x_wconf 88' lang='lat' dir='ltr'>ea</span> <span class='ocrx_word' id='word_1_280' title='bbox 2076 4371 2168 4414; x_wconf 85' lang='lat' dir='ltr'>ex</span> <span class='ocrx_word' id='word_1_281' title='bbox 2233 4349 2657 4415; x_wconf 84' lang='lat' dir='ltr'>fructibus</span> <span class='ocrx_word' id='word_1_282' title='bbox 2725 4348 2889 4432; x_wconf 85' lang='lat' dir='ltr'>agri</span> 
     </span>
     <span class='ocr_line' id='line_1_36' title="bbox 609 4455 2890 4541; baseline 0 -23"><span class='ocrx_word' id='word_1_283' title='bbox 609 4455 708 4519; x_wconf 89' lang='lat' dir='ltr'>ab</span> <span class='ocrx_word' id='word_1_284' title='bbox 799 4478 881 4521; x_wconf 87' lang='lat' dir='ltr'>se</span> <span class='ocrx_word' id='word_1_285' title='bbox 958 4456 1166 4527; x_wconf 84' lang='lat' dir='ltr'>dati,</span> <span class='ocrx_word' id='word_1_286' title='bbox 1251 4478 1422 4540; x_wconf 84' lang='lat' dir='ltr'>quae</span> <span class='ocrx_word' id='word_1_287' title='bbox 1513 4457 1627 4522; x_wconf 92' lang='lat' dir='ltr'>ibi</span> <span class='ocrx_word' id='word_1_288' title='bbox 1714 4459 2223 4541; x_wconf 87' lang='lat' dir='ltr'>proveniant,</span> <span class='ocrx_word' id='word_1_289' title='bbox 2312 4458 2378 4522; x_wconf 89' lang='lat' dir='ltr'>in</span> <span class='ocrx_word' id='word_1_290' title='bbox 2457 4455 2890 4522; x_wconf 88' lang='lat' dir='ltr'>concludendo</span> 
     </span>
     <span class='ocr_line' id='line_1_37' title="bbox 607 4564 2888 4648; baseline 0.001 -22"><span class='ocrx_word' id='word_1_291' title='bbox 607 4564 839 4629; x_wconf 87' lang='lat' dir='ltr'>vitiose</span> <span class='ocrx_word' id='word_1_292' title='bbox 907 4565 1226 4629; x_wconf 87' lang='lat' dir='ltr'>eosdem</span> <span class='ocrx_word' id='word_1_293' title='bbox 1293 4587 1410 4648; x_wconf 88' lang='lat' dir='ltr'>pro</span> <span class='ocrx_word' id='word_1_294' title='bbox 1479 4587 1613 4630; x_wconf 91' lang='lat' dir='ltr'>eos</span> <span class='ocrx_word' id='word_1_295' title='bbox 1672 4566 1798 4630; x_wconf 90' lang='lat' dir='ltr'>dici</span> <span class='ocrx_word' id='word_1_296' title='bbox 1859 4566 2312 4632; x_wconf 84' lang='lat' dir='ltr'>manifestum·</span> <span class='ocrx_word' id='word_1_297' title='bbox 2340 4573 2466 4646; x_wconf 84' lang='lat' dir='ltr'>est,</span> <span class='ocrx_word' id='word_1_298' title='bbox 2536 4586 2658 4631; x_wconf 89' lang='lat' dir='ltr'>nec</span> <span class='ocrx_word' id='word_1_299' title='bbox 2721 4572 2888 4631; x_wconf 85' lang='lat' dir='ltr'>recte</span> 
     </span>
    </p>
   </div>
  </div>
 </body>
</html>
