<?xml version="1.0" encoding="UTF-8"?>
<!DOCTYPE html PUBLIC "-//W3C//DTD XHTML 1.0 Transitional//EN"
    "http://www.w3.org/TR/xhtml1/DTD/xhtml1-transitional.dtd">
<html xmlns="http://www.w3.org/1999/xhtml" xml:lang="en" lang="en">
 <head>
  <title>
</title>
<meta http-equiv="Content-Type" content="text/html;charset=utf-8" />
  <meta name='ocr-system' content='tesseract 3.04.00' />
  <meta name='ocr-capabilities' content='ocr_page ocr_carea ocr_par ocr_line ocrx_word'/>
</head>
<body>
  <div class='ocr_page' id='page_1' title='image "./emendationesliv03madvgoog_0664.png"; bbox 0 0 3230 5282; ppageno 0'>
   <div class='ocr_carea' id='block_1_1' title="bbox 669 603 1870 670">
    <p class='ocr_par' dir='ltr' id='par_1_1' title="bbox 669 603 1870 670">
     <span class='ocr_line' id='line_1_1' title="bbox 669 603 1870 670; baseline -0.005 0"><span class='ocrx_word' id='word_1_1' title='bbox 669 615 792 670; x_wconf 88' lang='lat' dir='ltr'><strong>Lib.</strong></span> <span class='ocrx_word' id='word_1_2' title='bbox 827 615 998 670; x_wconf 85' lang='lat' dir='ltr'><strong>XLII.</strong></span> <span class='ocrx_word' id='word_1_3' title='bbox 1750 603 1870 665; x_wconf 89' lang='grc'><strong>646</strong></span> 
     </span>
    </p>
   </div>
   <div class='ocr_carea' id='block_1_2' title="bbox 668 784 2969 1846">
    <p class='ocr_par' dir='ltr' id='par_1_2' title="bbox 668 784 2969 1846">
     <span class='ocr_line' id='line_1_2' title="bbox 842 784 2962 872; baseline -0.001 -21"><span class='ocrx_word' id='word_1_4' title='bbox 842 785 999 871; x_wconf 87' lang='lat' dir='ltr'><strong>Cap.</strong></span> <span class='ocrx_word' id='word_1_5' title='bbox 1047 791 1147 868; x_wconf 86' lang='lat'><strong>43,</strong></span> <span class='ocrx_word' id='word_1_6' title='bbox 1200 792 1251 852; x_wconf 92' lang='lat'><strong>1.</strong></span> <span class='ocrx_word' id='word_1_7' title='bbox 1341 787 1552 853; x_wconf 89' lang='lat' dir='ltr'><strong>Huius</strong></span> <span class='ocrx_word' id='word_1_8' title='bbox 1623 787 1859 872; x_wconf 89' lang='lat' dir='ltr'><strong>capitis</strong></span> <span class='ocrx_word' id='word_1_9' title='bbox 1924 787 2183 852; x_wconf 90' lang='lat' dir='ltr'><strong>initium</strong></span> <span class='ocrx_word' id='word_1_10' title='bbox 2199 838 2214 867; x_wconf 94' lang='lat'><strong>,</strong></span> <span class='ocrx_word' id='word_1_11' title='bbox 2270 786 2618 852; x_wconf 86' lang='lat' dir='ltr'><strong>manifesto</strong></span> <span class='ocrx_word' id='word_1_12' title='bbox 2677 784 2962 870; x_wconf 89' lang='lat' dir='ltr'><strong>plurium</strong></span> 
     </span>
     <span class='ocr_line' id='line_1_3' title="bbox 670 893 2964 980; baseline -0.001 -21"><span class='ocrx_word' id='word_1_13' title='bbox 670 895 1017 961; x_wconf 82' lang='lat' dir='ltr'><strong>verborum</strong></span> <span class='ocrx_word' id='word_1_14' title='bbox 1056 893 1316 961; x_wconf 86' lang='lat' dir='ltr'><strong>defectu</strong></span> <span class='ocrx_word' id='word_1_15' title='bbox 1349 894 1683 976; x_wconf 90' lang='lat' dir='ltr'><strong>laborans,</strong></span> <span class='ocrx_word' id='word_1_16' title='bbox 1725 895 2039 980; x_wconf 83' lang='lat' dir='ltr'><strong>Grynaeus</strong></span> <span class='ocrx_word' id='word_1_17' title='bbox 2072 894 2325 961; x_wconf 84' lang='lat' dir='ltr'><strong>frustra</strong></span> <span class='ocrx_word' id='word_1_18' title='bbox 2368 893 2848 979; x_wconf 87' lang='lat' dir='ltr'><strong>interpolando,</strong></span> <span class='ocrx_word' id='word_1_19' title='bbox 2892 898 2964 957; x_wconf 89' lang='lat' dir='ltr'><strong>ut</strong></span> 
     </span>
     <span class='ocr_line' id='line_1_4' title="bbox 669 1001 2964 1087; baseline -0.001 -18"><span class='ocrx_word' id='word_1_20' title='bbox 669 1005 998 1087; x_wconf 88' lang='lat' dir='ltr'><strong>integrum</strong></span> <span class='ocrx_word' id='word_1_21' title='bbox 1043 1003 1389 1083; x_wconf 83' lang='lat' dir='ltr'><strong>videretur,</strong></span> <span class='ocrx_word' id='word_1_22' title='bbox 1436 1003 1696 1069; x_wconf 85' lang='lat' dir='ltr'><strong>efficere</strong></span> <span class='ocrx_word' id='word_1_23' title='bbox 1743 1012 2019 1070; x_wconf 89' lang='lat' dir='ltr'><strong>conatus</strong></span> <span class='ocrx_word' id='word_1_24' title='bbox 2067 1010 2186 1069; x_wconf 92' lang='lat' dir='ltr'><strong>est.</strong></span> <span class='ocrx_word' id='word_1_25' title='bbox 2274 1002 2350 1068; x_wconf 92' lang='lat' dir='ltr'><strong>In</strong></span> <span class='ocrx_word' id='word_1_26' title='bbox 2397 1003 2619 1069; x_wconf 86' lang='lat' dir='ltr'><strong>codice</strong></span> <span class='ocrx_word' id='word_1_27' title='bbox 2667 1002 2761 1067; x_wconf 89' lang='lat' dir='ltr'><strong>sic</strong></span> <span class='ocrx_word' id='word_1_28' title='bbox 2807 1001 2964 1066; x_wconf 88' lang='lat' dir='ltr'><strong>scri-</strong></span> 
     </span>
     <span class='ocr_line' id='line_1_5' title="bbox 669 1111 2964 1179; baseline -0.002 -1"><span class='ocrx_word' id='word_1_29' title='bbox 669 1111 877 1178; x_wconf 82' lang='lat' dir='ltr'><strong>bitur:</strong></span> <span class='ocrx_word' id='word_1_30' title='bbox 915 1112 1017 1178; x_wconf 87' lang='lat' dir='ltr'><strong>Et</strong></span> <span class='ocrx_word' id='word_1_31' title='bbox 1061 1112 1459 1179; x_wconf 80' lang='lat' dir='ltr'><strong>dicentem</strong></span> <span class='ocrx_word' id='word_1_32' title='bbox 1496 1120 1574 1178; x_wconf 88' lang='lat' dir='ltr'><strong>et</strong></span> <span class='ocrx_word' id='word_1_33' title='bbox 1612 1133 1783 1176; x_wconf 91' lang='lat' dir='ltr'><strong>cum</strong></span> <span class='ocrx_word' id='word_1_34' title='bbox 1817 1111 2239 1178; x_wconf 86' lang='lat' dir='ltr'><strong>adsensum</strong></span> <span class='ocrx_word' id='word_1_35' title='bbox 2277 1111 2637 1177; x_wconf 86' lang='lat' dir='ltr'><strong>Marcius</strong></span> <span class='ocrx_word' id='word_1_36' title='bbox 2676 1115 2964 1176; x_wconf 78' lang='lat' dir='ltr'>auctor</span> 
     </span>
     <span class='ocr_line' id='line_1_6' title="bbox 669 1217 2966 1304; baseline 0 -20"><span class='ocrx_word' id='word_1_37' title='bbox 669 1218 824 1285; x_wconf 85' lang='lat' dir='ltr'><strong>fuit</strong></span> <span class='ocrx_word' id='word_1_38' title='bbox 866 1219 1246 1286; x_wconf 90' lang='lat' dir='ltr'><strong>mittendi</strong></span> <span class='ocrx_word' id='word_1_39' title='bbox 1282 1220 1600 1286; x_wconf 86' lang='lat' dir='ltr'>Romam</span> <span class='ocrx_word' id='word_1_40' title='bbox 1645 1220 1895 1304; x_wconf 87' lang='lat' dir='ltr'><strong>legati</strong></span> <span class='ocrx_word' id='word_1_41' title='bbox 1942 1230 2215 1286; x_wconf 82' lang='lat' dir='ltr'><strong>essent</strong></span> <span class='ocrx_word' id='word_1_42' title='bbox 2260 1241 2434 1285; x_wconf 92' lang='lat' dir='ltr'><strong>cum</strong></span> <span class='ocrx_word' id='word_1_43' title='bbox 2470 1217 2966 1304; x_wconf 80' lang='lat' dir='ltr'><strong>experienda</strong></span> 
     </span>
     <span class='ocr_line' id='line_1_7' title="bbox 672 1326 2964 1414; baseline -0.001 -20"><span class='ocrx_word' id='word_1_44' title='bbox 672 1330 940 1394; x_wconf 91' lang='lat' dir='ltr'><strong>omnia</strong></span> <span class='ocrx_word' id='word_1_45' title='bbox 985 1327 1084 1394; x_wconf 91' lang='lat' dir='ltr'><strong>ad</strong></span> <span class='ocrx_word' id='word_1_46' title='bbox 1128 1329 1502 1394; x_wconf 91' lang='lat' dir='ltr'><strong>ultimum</strong></span> <span class='ocrx_word' id='word_1_47' title='bbox 1545 1349 1692 1394; x_wconf 90' lang='lat' dir='ltr'><strong>nec</strong></span> <span class='ocrx_word' id='word_1_48' title='bbox 1735 1329 2536 1414; x_wconf 80' lang='lat' dir='ltr'><strong>praetermittendum</strong></span> <span class='ocrx_word' id='word_1_49' title='bbox 2582 1349 2797 1413; x_wconf 90' lang='lat' dir='ltr'><strong>spem</strong></span> <span class='ocrx_word' id='word_1_50' title='bbox 2841 1326 2964 1391; x_wconf 92' lang='lat' dir='ltr'><strong>ul-</strong></span> 
     </span>
     <span class='ocr_line' id='line_1_8' title="bbox 669 1434 2966 1518; baseline -0.002 -16"><span class='ocrx_word' id='word_1_51' title='bbox 669 1437 823 1503; x_wconf 89' lang='lat' dir='ltr'><strong>lam</strong></span> <span class='ocrx_word' id='word_1_52' title='bbox 867 1439 1398 1503; x_wconf 85' lang='lat' dir='ltr'><strong>censuissent</strong></span> <span class='ocrx_word' id='word_1_53' title='bbox 1439 1437 1771 1518; x_wconf 88' lang='lat' dir='ltr'><strong>reliqua</strong></span> <span class='ocrx_word' id='word_1_54' title='bbox 1815 1436 2333 1504; x_wconf 79' lang='lat' dir='ltr'><strong>consultatio</strong></span> <span class='ocrx_word' id='word_1_55' title='bbox 2395 1443 2576 1504; x_wconf 88' lang='lat' dir='ltr'><strong>erat</strong></span> <span class='ocrx_word' id='word_1_56' title='bbox 2622 1443 2744 1501; x_wconf 91' lang='lat' dir='ltr'><strong>cet.</strong></span> <span class='ocrx_word' id='word_1_57' title='bbox 2833 1434 2966 1518; x_wconf 86' lang='lat' dir='ltr'><strong>Ap-</strong></span> 
     </span>
     <span class='ocr_line' id='line_1_9' title="bbox 670 1543 2966 1630; baseline -0.002 -19"><span class='ocrx_word' id='word_1_58' title='bbox 670 1553 860 1630; x_wconf 86' lang='lat' dir='ltr'><strong>paret</strong></span> <span class='ocrx_word' id='word_1_59' title='bbox 903 1566 1112 1629; x_wconf 88' lang='lat' dir='ltr'><strong>neque</strong></span> <span class='ocrx_word' id='word_1_60' title='bbox 1157 1545 1476 1610; x_wconf 87' lang='lat' dir='ltr'><strong>Marcium</strong></span> <span class='ocrx_word' id='word_1_61' title='bbox 1520 1546 1714 1611; x_wconf 91' lang='lat' dir='ltr'><strong>unius</strong></span> <span class='ocrx_word' id='word_1_62' title='bbox 1759 1545 1960 1629; x_wconf 88' lang='lat' dir='ltr'><strong>legati</strong></span> <span class='ocrx_word' id='word_1_63' title='bbox 2016 1545 2318 1612; x_wconf 89' lang='lat' dir='ltr'><strong>mittendi</strong></span> <span class='ocrx_word' id='word_1_64' title='bbox 2375 1554 2708 1611; x_wconf 85' lang='lat' dir='ltr'><strong>auctorem</strong></span> <span class='ocrx_word' id='word_1_65' title='bbox 2768 1543 2966 1608; x_wconf 90' lang='lat' dir='ltr'><strong>fuisse</strong></span> 
     </span>
     <span class='ocr_line' id='line_1_10' title="bbox 668 1652 2969 1736; baseline -0.001 -17"><span class='ocrx_word' id='word_1_66' title='bbox 668 1675 878 1736; x_wconf 89' lang='lat' dir='ltr'><strong>neque</strong></span> <span class='ocrx_word' id='word_1_67' title='bbox 921 1654 1153 1718; x_wconf 88' lang='lat' dir='ltr'><strong>Marcii</strong></span> <span class='ocrx_word' id='word_1_68' title='bbox 1218 1654 1487 1720; x_wconf 88' lang='lat' dir='ltr'><strong>consilio</strong></span> <span class='ocrx_word' id='word_1_69' title='bbox 1549 1655 1646 1719; x_wconf 93' lang='lat' dir='ltr'><strong>sic</strong></span> <span class='ocrx_word' id='word_1_70' title='bbox 1688 1675 1827 1720; x_wconf 91' lang='lat' dir='ltr'><strong>rem</strong></span> <span class='ocrx_word' id='word_1_71' title='bbox 1876 1652 2237 1720; x_wconf 86' lang='lat' dir='ltr'><strong>confectam</strong></span> <span class='ocrx_word' id='word_1_72' title='bbox 2283 1653 2483 1720; x_wconf 84' lang='lat' dir='ltr'><strong>fuisse</strong></span> <span class='ocrx_word' id='word_1_73' title='bbox 2498 1707 2512 1732; x_wconf 95' lang='lat'><strong>,</strong></span> <span class='ocrx_word' id='word_1_74' title='bbox 2574 1659 2649 1718; x_wconf 91' lang='lat' dir='ltr'><strong>ut</strong></span> <span class='ocrx_word' id='word_1_75' title='bbox 2706 1658 2969 1717; x_wconf 87' lang='lat' dir='ltr'><strong>tantum</strong></span> 
     </span>
     <span class='ocr_line' id='line_1_11' title="bbox 670 1760 2965 1846; baseline -0.002 -18"><span class='ocrx_word' id='word_1_76' title='bbox 670 1763 752 1828; x_wconf 90' lang='lat' dir='ltr'><strong>de</strong></span> <span class='ocrx_word' id='word_1_77' title='bbox 793 1769 938 1828; x_wconf 90' lang='lat' dir='ltr'><strong>tuto</strong></span> <span class='ocrx_word' id='word_1_78' title='bbox 982 1762 1348 1845; x_wconf 90' lang='lat' dir='ltr'><strong>legatorum</strong></span> <span class='ocrx_word' id='word_1_79' title='bbox 1399 1764 1635 1827; x_wconf 89' lang='lat' dir='ltr'><strong>itinere</strong></span> <span class='ocrx_word' id='word_1_80' title='bbox 1693 1762 2090 1828; x_wconf 86' lang='lat' dir='ltr'><strong>consultatio</strong></span> <span class='ocrx_word' id='word_1_81' title='bbox 2156 1763 2657 1846; x_wconf 84' lang='lat' dir='ltr'><strong>relinqueretur.</strong></span> <span class='ocrx_word' id='word_1_82' title='bbox 2748 1760 2965 1824; x_wconf 82' lang='lat' dir='ltr'><strong>Plenae</strong></span> 
     </span>
    </p>
   </div>
   <div class='ocr_carea' id='block_1_3' title="bbox 501 1868 2967 1949">
    <p class='ocr_par' dir='ltr' id='par_1_3' title="bbox 501 1868 2967 1949">
     <span class='ocr_line' id='line_1_12' title="bbox 501 1868 2967 1949; baseline -0.002 -15"><span class='ocrx_word' id='word_1_83' title='bbox 501 1877 643 1949; x_wconf 78' lang='grc'>(535)</span> <span class='ocrx_word' id='word_1_84' title='bbox 682 1871 995 1936; x_wconf 87' lang='lat' dir='ltr'><strong>orationis</strong></span> <span class='ocrx_word' id='word_1_85' title='bbox 1029 1871 1240 1937; x_wconf 85' lang='lat' dir='ltr'><strong>forma</strong></span> <span class='ocrx_word' id='word_1_86' title='bbox 1283 1871 1422 1936; x_wconf 81' lang='lat' dir='ltr'><strong>haec</strong></span> <span class='ocrx_word' id='word_1_87' title='bbox 1454 1871 1589 1936; x_wconf 85' lang='lat' dir='ltr'><strong>fere</strong></span> <span class='ocrx_word' id='word_1_88' title='bbox 1623 1869 1777 1936; x_wconf 84' lang='lat' dir='ltr'><strong>fuit:</strong></span> <span class='ocrx_word' id='word_1_89' title='bbox 1823 1871 1919 1935; x_wconf 87' lang='lat' dir='ltr'><strong>Et</strong></span> <span class='ocrx_word' id='word_1_90' title='bbox 1964 1872 2373 1938; x_wconf 88' lang='lat' dir='ltr'><strong>dicentem</strong></span> <span class='ocrx_word' id='word_1_91' title='bbox 2409 1893 2581 1937; x_wconf 93' lang='lat' dir='ltr'><strong>cum</strong></span> <span class='ocrx_word' id='word_1_92' title='bbox 2618 1868 2967 1934; x_wconf 87' lang='lat' dir='ltr'><strong>adsensu</strong></span> 
     </span>
    </p>
   </div>
   <div class='ocr_carea' id='block_1_4' title="bbox 662 1976 2967 4016">
    <p class='ocr_par' dir='ltr' id='par_1_4' title="bbox 662 1976 2967 4016">
     <span class='ocr_line' id='line_1_13' title="bbox 666 1976 2967 2064; baseline -0.001 -22"><span class='ocrx_word' id='word_1_93' title='bbox 666 1977 1018 2044; x_wconf 89' lang='lat' dir='ltr'><strong>Marcius</strong></span> <span class='ocrx_word' id='word_1_94' title='bbox 1086 1979 1367 2044; x_wconf 87' lang='lat' dir='ltr'><strong>audire</strong></span> <span class='ocrx_word' id='word_1_95' title='bbox 1422 1981 1646 2045; x_wconf 82' lang='lat' dir='ltr'><strong>visus</strong></span> <span class='ocrx_word' id='word_1_96' title='bbox 1694 1986 1819 2044; x_wconf 87' lang='lat' dir='ltr'><strong>est</strong></span> <span class='ocrx_word' id='word_1_97' title='bbox 1865 1987 1970 2058; x_wconf 85' lang='lat' dir='ltr'><strong>et,</strong></span> <span class='ocrx_word' id='word_1_98' title='bbox 2031 2002 2264 2064; x_wconf 92' lang='lat' dir='ltr'><strong>quum</strong></span> <span class='ocrx_word' id='word_1_99' title='bbox 2323 1978 2651 2045; x_wconf 87' lang='lat' dir='ltr'><strong>dicendi</strong></span> <span class='ocrx_word' id='word_1_100' title='bbox 2709 1976 2967 2042; x_wconf 85' lang='lat' dir='ltr'><strong>finem</strong></span> 
     </span>
     <span class='ocr_line' id='line_1_14' title="bbox 664 2084 2964 2170; baseline -0.001 -20"><span class='ocrx_word' id='word_1_101' title='bbox 664 2085 1035 2166; x_wconf 84' lang='lat' dir='ltr'><strong>fecisset,</strong></span> <span class='ocrx_word' id='word_1_102' title='bbox 1080 2094 1361 2153; x_wconf 87' lang='lat' dir='ltr'><strong>auctor</strong></span> <span class='ocrx_word' id='word_1_103' title='bbox 1394 2088 1552 2153; x_wconf 85' lang='lat' dir='ltr'><strong>fuit</strong></span> <span class='ocrx_word' id='word_1_104' title='bbox 1585 2088 1964 2154; x_wconf 89' lang='lat' dir='ltr'><strong>mittendi</strong></span> <span class='ocrx_word' id='word_1_105' title='bbox 2000 2090 2319 2153; x_wconf 88' lang='lat' dir='ltr'><strong>Romam</strong></span> <span class='ocrx_word' id='word_1_106' title='bbox 2352 2089 2665 2170; x_wconf 77' lang='lat' dir='ltr'><strong>legatos.</strong></span> <span class='ocrx_word' id='word_1_107' title='bbox 2711 2084 2964 2150; x_wconf 86' lang='lat' dir='ltr'><strong>Amici</strong></span> 
     </span>
     <span class='ocr_line' id='line_1_15' title="bbox 667 2193 2963 2280; baseline -0 -22"><span class='ocrx_word' id='word_1_108' title='bbox 667 2214 983 2277; x_wconf 90' lang='lat' dir='ltr'><strong>quoque</strong></span> <span class='ocrx_word' id='word_1_109' title='bbox 1015 2196 1187 2279; x_wconf 89' lang='lat' dir='ltr'><strong>regi</strong></span> <span class='ocrx_word' id='word_1_110' title='bbox 1232 2203 1592 2261; x_wconf 90' lang='lat' dir='ltr'><strong>ssecreto</strong></span> <span class='ocrx_word' id='word_1_111' title='bbox 1629 2197 2150 2280; x_wconf 83' lang='lat' dir='ltr'><strong>interrogati,</strong></span> <span class='ocrx_word' id='word_1_112' title='bbox 2187 2197 2669 2263; x_wconf 87' lang='lat' dir='ltr'><strong>mitt-endine</strong></span> <span class='ocrx_word' id='word_1_113' title='bbox 2702 2193 2963 2277; x_wconf 86' lang='lat' dir='ltr'><strong>legati</strong></span> 
     </span>
     <span class='ocr_line' id='line_1_16' title="bbox 666 2303 2964 2395; baseline 0.001 -30"><span class='ocrx_word' id='word_1_114' title='bbox 666 2308 956 2380; x_wconf 90' lang='lat' dir='ltr'><strong>essent,</strong></span> <span class='ocrx_word' id='word_1_115' title='bbox 1026 2325 1263 2386; x_wconf 88' lang='lat' dir='ltr'><strong>quum</strong></span> <span class='ocrx_word' id='word_1_116' title='bbox 1330 2303 1823 2395; x_wconf 82' lang='lat' dir='ltr'><strong>experienda</strong></span> <span class='ocrx_word' id='word_1_117' title='bbox 1890 2307 2160 2372; x_wconf 89' lang='lat' dir='ltr'><strong>omnia</strong></span> <span class='ocrx_word' id='word_1_118' title='bbox 2212 2306 2320 2372; x_wconf 79' lang='lat' dir='ltr'><strong>ad</strong></span> <span class='ocrx_word' id='word_1_119' title='bbox 2386 2307 2760 2371; x_wconf 90' lang='lat' dir='ltr'><strong>ultimum</strong></span> <span class='ocrx_word' id='word_1_120' title='bbox 2820 2323 2964 2368; x_wconf 84' lang='lat' dir='ltr'><strong>nec</strong></span> 
     </span>
     <span class='ocr_line' id='line_1_17' title="bbox 665 2411 2961 2508; baseline 0.001 -36"><span class='ocrx_word' id='word_1_121' title='bbox 665 2411 1458 2508; x_wconf 62' lang='lat' dir='ltr'><strong>praetermittendam</strong></span> <span class='ocrx_word' id='word_1_122' title='bbox 1526 2435 1630 2498; x_wconf 88' lang='lat' dir='ltr'><strong>sp.</strong></span> <span class='ocrx_word' id='word_1_123' title='bbox 1701 2434 1765 2477; x_wconf 94' lang='lat' dir='ltr'><strong>u.</strong></span> <span class='ocrx_word' id='word_1_124' title='bbox 1835 2415 2380 2491; x_wconf 80' lang='lat' dir='ltr'><strong>censuissent,</strong></span> <span class='ocrx_word' id='word_1_125' title='bbox 2445 2414 2772 2494; x_wconf 83' lang='lat' dir='ltr'><strong>reliqua</strong></span> <span class='ocrx_word' id='word_1_126' title='bbox 2839 2417 2961 2476; x_wconf 85' lang='lat' dir='ltr'><strong>cet.</strong></span> 
     </span>
     <span class='ocr_line' id='line_1_18' title="bbox 665 2516 2961 2604; baseline 0 -23"><span class='ocrx_word' id='word_1_127' title='bbox 665 2516 930 2582; x_wconf 89' lang='lat' dir='ltr'><strong>Partem</strong></span> <span class='ocrx_word' id='word_1_128' title='bbox 996 2518 1290 2602; x_wconf 87' lang='lat' dir='ltr'><strong>aliquam</strong></span> <span class='ocrx_word' id='word_1_129' title='bbox 1353 2523 1490 2586; x_wconf 82' lang='lat' dir='ltr'><strong>veri</strong></span> <span class='ocrx_word' id='word_1_130' title='bbox 1555 2523 1687 2587; x_wconf 92' lang='lat' dir='ltr'><strong>iam</strong></span> <span class='ocrx_word' id='word_1_131' title='bbox 1752 2521 2319 2587; x_wconf 90' lang='lat' dir='ltr'><strong>Weissenbornius</strong></span> <span class='ocrx_word' id='word_1_132' title='bbox 2385 2522 2608 2587; x_wconf 88' lang='lat' dir='ltr'><strong>sensit.</strong></span> <span class='ocrx_word' id='word_1_133' title='bbox 2703 2520 2961 2604; x_wconf 86' lang='lat' dir='ltr'><strong>[Restat</strong></span> 
     </span>
     <span class='ocr_line' id='line_1_19' title="bbox 666 2623 2958 2714; baseline 0 -24"><span class='ocrx_word' id='word_1_134' title='bbox 666 2623 996 2691; x_wconf 87' lang='lat' dir='ltr'><strong>dubitatio</strong></span> <span class='ocrx_word' id='word_1_135' title='bbox 1063 2627 1130 2691; x_wconf 91' lang='lat' dir='ltr'><strong>in</strong></span> <span class='ocrx_word' id='word_1_136' title='bbox 1197 2625 1229 2711; x_wconf 61' lang='grc' dir='ltr'>ξ</span> <span class='ocrx_word' id='word_1_137' title='bbox 1289 2632 1346 2692; x_wconf 88' lang='grc'><strong>2.</strong></span> <span class='ocrx_word' id='word_1_138' title='bbox 1436 2629 1604 2695; x_wconf 92' lang='lat' dir='ltr'><strong>Nam</strong></span> <span class='ocrx_word' id='word_1_139' title='bbox 1662 2629 1821 2713; x_wconf 89' lang='lat' dir='ltr'><strong>quid</strong></span> <span class='ocrx_word' id='word_1_140' title='bbox 1888 2631 1975 2695; x_wconf 92' lang='lat' dir='ltr'><strong>sit</strong></span> <span class='ocrx_word' id='word_1_141' title='bbox 2041 2631 2119 2696; x_wconf 91' lang='lat' dir='ltr'><strong>in</strong></span> <span class='ocrx_word' id='word_1_142' title='bbox 2186 2631 2533 2714; x_wconf 83' lang='lat' dir='ltr'><strong>gratiam</strong></span> <span class='ocrx_word' id='word_1_143' title='bbox 2599 2627 2958 2713; x_wconf 87' lang='lat' dir='ltr'><strong>petentis</strong></span> 
     </span>
     <span class='ocr_line' id='line_1_20' title="bbox 667 2731 2957 2819; baseline 0.002 -22"><span class='ocrx_word' id='word_1_144' title='bbox 667 2731 1077 2817; x_wconf 87' lang='lat' dir='ltr'><strong>(alicuius)</strong></span> <span class='ocrx_word' id='word_1_145' title='bbox 1128 2736 1380 2819; x_wconf 90' lang='lat' dir='ltr'><strong>aliquid</strong></span> <span class='ocrx_word' id='word_1_146' title='bbox 1426 2739 1784 2805; x_wconf 89' lang='lat' dir='ltr'><strong>concedere</strong></span> <span class='ocrx_word' id='word_1_147' title='bbox 1831 2748 1946 2804; x_wconf 91' lang='lat' dir='ltr'><strong>aut</strong></span> <span class='ocrx_word' id='word_1_148' title='bbox 1992 2741 2253 2805; x_wconf 90' lang='lat' dir='ltr'><strong>omnino</strong></span> <span class='ocrx_word' id='word_1_149' title='bbox 2300 2738 2546 2817; x_wconf 84' lang='lat' dir='ltr'><strong>facere,</strong></span> <span class='ocrx_word' id='word_1_150' title='bbox 2596 2739 2761 2803; x_wconf 87' lang='lat' dir='ltr'><strong>satis</strong></span> <span class='ocrx_word' id='word_1_151' title='bbox 2810 2758 2957 2802; x_wconf 90' lang='lat' dir='ltr'><strong>con·</strong></span> 
     </span>
     <span class='ocr_line' id='line_1_21' title="bbox 668 2842 2958 2930; baseline 0.002 -24"><span class='ocrx_word' id='word_1_152' title='bbox 668 2847 804 2907; x_wconf 87' lang='lat' dir='ltr'><strong>stat</strong></span> <span class='ocrx_word' id='word_1_153' title='bbox 861 2842 1047 2923; x_wconf 90' lang='lat' dir='ltr'><strong>(locis</strong></span> <span class='ocrx_word' id='word_1_154' title='bbox 1103 2846 1278 2930; x_wconf 89' lang='lat' dir='ltr'><strong>apud</strong></span> <span class='ocrx_word' id='word_1_155' title='bbox 1326 2844 1728 2912; x_wconf 89' lang='lat' dir='ltr'><strong>Schellerum</strong></span> <span class='ocrx_word' id='word_1_156' title='bbox 1786 2854 1852 2911; x_wconf 90' lang='lat' dir='ltr'><strong>et</strong></span> <span class='ocrx_word' id='word_1_157' title='bbox 1899 2847 2300 2913; x_wconf 88' lang='lat' dir='ltr'><strong>Freundium</strong></span> <span class='ocrx_word' id='word_1_158' title='bbox 2347 2847 2565 2911; x_wconf 90' lang='lat' dir='ltr'><strong>citatis</strong></span> <span class='ocrx_word' id='word_1_159' title='bbox 2611 2846 2767 2912; x_wconf 89' lang='lat' dir='ltr'><strong>addi</strong></span> <span class='ocrx_word' id='word_1_160' title='bbox 2812 2865 2958 2930; x_wconf 90' lang='lat' dir='ltr'><strong>pos-</strong></span> 
     </span>
     <span class='ocr_line' id='line_1_22' title="bbox 668 2951 2957 3039; baseline 0.001 -24"><span class='ocrx_word' id='word_1_161' title='bbox 668 2959 822 3018; x_wconf 88' lang='lat' dir='ltr'><strong>sunt</strong></span> <span class='ocrx_word' id='word_1_162' title='bbox 865 2951 999 3017; x_wconf 82' lang='lat' dir='ltr'><strong>Liv.</strong></span> <span class='ocrx_word' id='word_1_163' title='bbox 1046 2953 1183 3033; x_wconf 88' lang='lat' dir='ltr'><strong>XL,</strong></span> <span class='ocrx_word' id='word_1_164' title='bbox 1238 2959 1332 3035; x_wconf 85' lang='lat'><strong>17,</strong></span> <span class='ocrx_word' id='word_1_165' title='bbox 1378 2959 1436 3033; x_wconf 83' lang='lat'><strong>2,</strong></span> <span class='ocrx_word' id='word_1_166' title='bbox 1487 2953 1710 3020; x_wconf 87' lang='lat' dir='ltr'><strong>Senec.</strong></span> <span class='ocrx_word' id='word_1_167' title='bbox 1748 2953 1938 3020; x_wconf 88' lang='lat' dir='ltr'><strong>Rhet.</strong></span> <span class='ocrx_word' id='word_1_168' title='bbox 1964 2978 2026 3039; x_wconf 89' lang='lat' dir='ltr'><strong>p.</strong></span> <span class='ocrx_word' id='word_1_169' title='bbox 2066 2960 2186 3020; x_wconf 89' lang='lat'><strong>401</strong></span> <span class='ocrx_word' id='word_1_170' title='bbox 2230 2954 2524 3034; x_wconf 81' lang='lat' dir='ltr'><strong>Kiessl.);</strong></span> <span class='ocrx_word' id='word_1_171' title='bbox 2573 2955 2957 3020; x_wconf 77' lang='lat' dir='ltr'><strong>adiectivum</strong></span> 
     </span>
     <span class='ocr_line' id='line_1_23' title="bbox 664 3060 2956 3146; baseline 0.001 -22"><span class='ocrx_word' id='word_1_172' title='bbox 664 3060 946 3144; x_wconf 82' lang='lat' dir='ltr'><strong>augendi</strong></span> <span class='ocrx_word' id='word_1_173' title='bbox 989 3063 1400 3129; x_wconf 88' lang='lat' dir='ltr'><strong>minuendive</strong></span> <span class='ocrx_word' id='word_1_174' title='bbox 1447 3084 1644 3128; x_wconf 90' lang='lat' dir='ltr'><strong>causa</strong></span> <span class='ocrx_word' id='word_1_175' title='bbox 1688 3065 1916 3146; x_wconf 77' lang='lat' dir='ltr'><strong>gratiae</strong></span> <span class='ocrx_word' id='word_1_176' title='bbox 1961 3066 2206 3129; x_wconf 87' lang='lat' dir='ltr'><strong>nomini</strong></span> <span class='ocrx_word' id='word_1_177' title='bbox 2253 3063 2549 3128; x_wconf 88' lang='lat' dir='ltr'><strong>additum</strong></span> <span class='ocrx_word' id='word_1_178' title='bbox 2588 3065 2655 3128; x_wconf 93' lang='lat' dir='ltr'><strong>in</strong></span> <span class='ocrx_word' id='word_1_179' title='bbox 2696 3062 2822 3129; x_wconf 91' lang='lat' dir='ltr'><strong>hoc</strong></span> <span class='ocrx_word' id='word_1_180' title='bbox 2865 3061 2956 3126; x_wconf 95' lang='lat' dir='ltr'><strong>lo-</strong></span> 
     </span>
     <span class='ocr_line' id='line_1_24' title="bbox 664 3169 2955 3256; baseline 0.001 -23"><span class='ocrx_word' id='word_1_181' title='bbox 664 3170 908 3252; x_wconf 88' lang='lat' dir='ltr'><strong>quendi</strong></span> <span class='ocrx_word' id='word_1_182' title='bbox 954 3192 1191 3254; x_wconf 85' lang='lat' dir='ltr'><strong>genere</strong></span> <span class='ocrx_word' id='word_1_183' title='bbox 1246 3194 1572 3256; x_wconf 90' lang='lat' dir='ltr'><strong>nusquam</strong></span> <span class='ocrx_word' id='word_1_184' title='bbox 1635 3173 1929 3251; x_wconf 88' lang='lat' dir='ltr'><strong>memini,</strong></span> <span class='ocrx_word' id='word_1_185' title='bbox 1997 3194 2210 3256; x_wconf 92' lang='lat' dir='ltr'><strong>neque</strong></span> <span class='ocrx_word' id='word_1_186' title='bbox 2275 3173 2482 3255; x_wconf 88' lang='lat' dir='ltr'><strong>magis</strong></span> <span class='ocrx_word' id='word_1_187' title='bbox 2526 3174 2593 3236; x_wconf 90' lang='lat' dir='ltr'><strong>in</strong></span> <span class='ocrx_word' id='word_1_188' title='bbox 2640 3169 2955 3237; x_wconf 86' lang='lat' dir='ltr'><strong>consimili</strong></span> 
     </span>
     <span class='ocr_line' id='line_1_25' title="bbox 662 3276 2954 3363; baseline -0 -21"><span class='ocrx_word' id='word_1_189' title='bbox 662 3276 963 3359; x_wconf 85' lang='lat' dir='ltr'><strong>formula,</strong></span> <span class='ocrx_word' id='word_1_190' title='bbox 1007 3302 1140 3363; x_wconf 91' lang='lat' dir='ltr'><strong>qua</strong></span> <span class='ocrx_word' id='word_1_191' title='bbox 1204 3282 1284 3345; x_wconf 93' lang='lat' dir='ltr'><strong>in</strong></span> <span class='ocrx_word' id='word_1_192' title='bbox 1349 3282 1727 3347; x_wconf 88' lang='lat' dir='ltr'><strong>honorem</strong></span> <span class='ocrx_word' id='word_1_193' title='bbox 1794 3280 2151 3346; x_wconf 90' lang='lat' dir='ltr'><strong>alicuius</strong></span> <span class='ocrx_word' id='word_1_194' title='bbox 2218 3280 2468 3362; x_wconf 91' lang='lat' dir='ltr'><strong>aliquid</strong></span> <span class='ocrx_word' id='word_1_195' title='bbox 2521 3280 2662 3344; x_wconf 87' lang='lat' dir='ltr'><strong>fieri</strong></span> <span class='ocrx_word' id='word_1_196' title='bbox 2719 3279 2954 3344; x_wconf 88' lang='lat' dir='ltr'><strong>dicitur</strong></span> 
     </span>
     <span class='ocr_line' id='line_1_26' title="bbox 665 3383 2953 3472; baseline -0 -21"><span class='ocrx_word' id='word_1_197' title='bbox 665 3383 932 3471; x_wconf 87' lang='lat' dir='ltr'><strong>(Opusc.</strong></span> <span class='ocrx_word' id='word_1_198' title='bbox 967 3388 1170 3453; x_wconf 87' lang='lat' dir='ltr'><strong>Acad.</strong></span> <span class='ocrx_word' id='word_1_199' title='bbox 1203 3389 1253 3469; x_wconf 94' lang='lat' dir='ltr'><strong>I,</strong></span> <span class='ocrx_word' id='word_1_200' title='bbox 1305 3388 1471 3471; x_wconf 84' lang='grc'>168.)</span> <span class='ocrx_word' id='word_1_201' title='bbox 1562 3387 1861 3472; x_wconf 83' lang='lat' dir='ltr'><strong>[Legitur</strong></span> <span class='ocrx_word' id='word_1_202' title='bbox 1904 3395 2127 3453; x_wconf 86' lang='lat' dir='ltr'><strong>tamen</strong></span> <span class='ocrx_word' id='word_1_203' title='bbox 2172 3388 2344 3467; x_wconf 85' lang='lat' dir='ltr'>VIIL</span> <span class='ocrx_word' id='word_1_204' title='bbox 2392 3392 2491 3467; x_wconf 85' lang='grc'><strong>22,</strong></span> <span class='ocrx_word' id='word_1_205' title='bbox 2537 3395 2606 3451; x_wconf 84' lang='lat'><strong>4:</strong></span> <span class='ocrx_word' id='word_1_206' title='bbox 2651 3389 2729 3451; x_wconf 90' lang='lat' dir='ltr'><strong>in</strong></span> <span class='ocrx_word' id='word_1_207' title='bbox 2775 3406 2953 3470; x_wconf 84' lang='lat' dir='ltr'><strong>prae·</strong></span> 
     </span>
     <span class='ocr_line' id='line_1_27' title="bbox 663 3494 2953 3581; baseline -0.001 -21"><span class='ocrx_word' id='word_1_208' title='bbox 663 3497 1001 3561; x_wconf 91' lang='lat' dir='ltr'><strong>teritam</strong></span> <span class='ocrx_word' id='word_1_209' title='bbox 1056 3496 1342 3563; x_wconf 80' lang='lat' dir='ltr'><strong>iudicii</strong></span> <span class='ocrx_word' id='word_1_210' title='bbox 1400 3498 1774 3581; x_wconf 87' lang='lat' dir='ltr'><strong>gratiam,</strong></span> <span class='ocrx_word' id='word_1_211' title='bbox 1843 3496 1956 3561; x_wconf 88' lang='lat' dir='ltr'><strong>sed</strong></span> <span class='ocrx_word' id='word_1_212' title='bbox 2012 3495 2183 3561; x_wconf 88' lang='lat' dir='ltr'><strong>alius</strong></span> <span class='ocrx_word' id='word_1_213' title='bbox 2241 3498 2496 3580; x_wconf 88' lang='lat' dir='ltr'><strong>generis</strong></span> <span class='ocrx_word' id='word_1_214' title='bbox 2564 3496 2632 3561; x_wconf 86' lang='lat' dir='ltr'><strong>id</strong></span> <span class='ocrx_word' id='word_1_215' title='bbox 2690 3494 2953 3560; x_wconf 86' lang='lat' dir='ltr'><strong>adiecti-</strong></span> 
     </span>
     <span class='ocr_line' id='line_1_28' title="bbox 662 3604 2951 3691; baseline -0.002 -21"><span class='ocrx_word' id='word_1_216' title='bbox 662 3626 813 3670; x_wconf 81' lang='lat' dir='ltr'><strong>vum</strong></span> <span class='ocrx_word' id='word_1_217' title='bbox 894 3604 1041 3689; x_wconf 74' lang='lat' dir='ltr'><strong>est]</strong></span> <span class='ocrx_word' id='word_1_218' title='bbox 1129 3606 1366 3691; x_wconf 87' lang='lat' dir='ltr'><strong>Itaque</strong></span> <span class='ocrx_word' id='word_1_219' title='bbox 1444 3624 1646 3687; x_wconf 92' lang='lat' dir='ltr'><strong>quum</strong></span> <span class='ocrx_word' id='word_1_220' title='bbox 1723 3608 1791 3670; x_wconf 89' lang='lat' dir='ltr'><strong>in</strong></span> <span class='ocrx_word' id='word_1_221' title='bbox 1859 3605 2082 3670; x_wconf 89' lang='lat' dir='ltr'><strong>codice</strong></span> <span class='ocrx_word' id='word_1_222' title='bbox 2151 3606 2237 3670; x_wconf 92' lang='lat' dir='ltr'><strong>sit</strong></span> <span class='ocrx_word' id='word_1_223' title='bbox 2303 3606 2544 3671; x_wconf 89' lang='lat' dir='ltr'><strong>etiam</strong></span> <span class='ocrx_word' id='word_1_224' title='bbox 2603 3622 2951 3686; x_wconf 88' lang='lat' dir='ltr'><strong>magnam</strong></span> 
     </span>
     <span class='ocr_line' id='line_1_29' title="bbox 666 3712 2947 3799; baseline -0.001 -22"><span class='ocrx_word' id='word_1_225' title='bbox 666 3714 1042 3797; x_wconf 85' lang='lat' dir='ltr'><strong>gratiam,</strong></span> <span class='ocrx_word' id='word_1_226' title='bbox 1122 3716 1419 3799; x_wconf 90' lang='lat' dir='ltr'><strong>suspicor</strong></span> <span class='ocrx_word' id='word_1_227' title='bbox 1486 3714 1743 3778; x_wconf 84' lang='lat' dir='ltr'><strong>Livium</strong></span> <span class='ocrx_word' id='word_1_228' title='bbox 1808 3715 2173 3798; x_wconf 86' lang='lat' dir='ltr'><strong>scripsisse:</strong></span> <span class='ocrx_word' id='word_1_229' title='bbox 2243 3722 2320 3779; x_wconf 88' lang='lat' dir='ltr'><strong>et</strong></span> <span class='ocrx_word' id='word_1_230' title='bbox 2385 3719 2785 3799; x_wconf 88' lang='lat' dir='ltr'><strong>tamquam</strong></span> <span class='ocrx_word' id='word_1_231' title='bbox 2870 3712 2947 3776; x_wconf 88' lang='lat' dir='ltr'><strong>in</strong></span> 
     </span>
     <span class='ocr_line' id='line_1_30' title="bbox 662 3819 2948 3905; baseline -0.001 -20"><span class='ocrx_word' id='word_1_232' title='bbox 662 3823 1010 3905; x_wconf 86' lang='lat' dir='ltr'><strong>gratiam</strong></span> <span class='ocrx_word' id='word_1_233' title='bbox 1077 3824 1458 3905; x_wconf 88' lang='lat' dir='ltr'><strong>petentis.</strong></span> <span class='ocrx_word' id='word_1_234' title='bbox 1558 3822 1729 3887; x_wconf 91' lang='lat' dir='ltr'><strong>Nam</strong></span> <span class='ocrx_word' id='word_1_235' title='bbox 1793 3821 1951 3887; x_wconf 90' lang='lat' dir='ltr'><strong>ficta</strong></span> <span class='ocrx_word' id='word_1_236' title='bbox 2008 3823 2206 3887; x_wconf 90' lang='lat' dir='ltr'><strong>etiam</strong></span> <span class='ocrx_word' id='word_1_237' title='bbox 2272 3823 2512 3905; x_wconf 90' lang='lat' dir='ltr'><strong>speciei</strong></span> <span class='ocrx_word' id='word_1_238' title='bbox 2569 3819 2948 3905; x_wconf 83' lang='lat' dir='ltr'><strong>significatio</strong></span> 
     </span>
     <span class='ocr_line' id='line_1_31' title="bbox 662 3929 2947 4016; baseline -0.001 -22"><span class='ocrx_word' id='word_1_239' title='bbox 662 3937 943 4014; x_wconf 87' lang='lat' dir='ltr'><strong>perapta</strong></span> <span class='ocrx_word' id='word_1_240' title='bbox 1008 3936 1073 3995; x_wconf 92' lang='lat' dir='ltr'><strong>et</strong></span> <span class='ocrx_word' id='word_1_241' title='bbox 1137 3952 1342 4016; x_wconf 88' lang='lat' dir='ltr'><strong>prope</strong></span> <span class='ocrx_word' id='word_1_242' title='bbox 1407 3931 1778 3996; x_wconf 89' lang='lat' dir='ltr'><strong>necessaria</strong></span> <span class='ocrx_word' id='word_1_243' title='bbox 1844 3938 1964 3996; x_wconf 91' lang='lat' dir='ltr'><strong>est.</strong></span> <span class='ocrx_word' id='word_1_244' title='bbox 2054 3929 2087 4014; x_wconf 63' lang='grc' dir='ltr'>ξ</span> <span class='ocrx_word' id='word_1_245' title='bbox 2152 3934 2229 3996; x_wconf 92' lang='grc'><strong>10</strong></span> <span class='ocrx_word' id='word_1_246' title='bbox 2273 3951 2392 4014; x_wconf 88' lang='lat' dir='ltr'><strong>pro</strong></span> <span class='ocrx_word' id='word_1_247' title='bbox 2457 3930 2564 3994; x_wconf 84' lang='lat' dir='ltr'><strong>Ex</strong></span> <span class='ocrx_word' id='word_1_248' title='bbox 2632 3939 2947 3995; x_wconf 87' lang='lat' dir='ltr'><strong>conten·</strong></span> 
     </span>
    </p>
   </div>
   <div class='ocr_carea' id='block_1_5' title="bbox 535 4038 2944 4107">
    <p class='ocr_par' dir='ltr' id='par_1_5' title="bbox 535 4038 2944 4107">
     <span class='ocr_line' id='line_1_32' title="bbox 535 4038 2944 4107; baseline -0.004 0"><span class='ocrx_word' id='word_1_249' title='bbox 535 4098 538 4107; x_wconf 93' lang='lat'>.</span> <span class='ocrx_word' id='word_1_250' title='bbox 663 4039 890 4105; x_wconf 90' lang='lat' dir='ltr'><strong>tione</strong></span> <span class='ocrx_word' id='word_1_251' title='bbox 950 4046 1212 4106; x_wconf 91' lang='lat' dir='ltr'><strong>ortum</strong></span> <span class='ocrx_word' id='word_1_252' title='bbox 1285 4049 1698 4107; x_wconf 90' lang='lat' dir='ltr'><strong>certamen</strong></span> <span class='ocrx_word' id='word_1_253' title='bbox 1764 4038 2215 4105; x_wconf 89' lang='lat' dir='ltr'><strong>scribendum:</strong></span> <span class='ocrx_word' id='word_1_254' title='bbox 2285 4038 2397 4103; x_wconf 81' lang='lat' dir='ltr'><strong>Ex</strong></span> <span class='ocrx_word' id='word_1_255' title='bbox 2466 4058 2556 4103; x_wconf 89' lang='lat' dir='ltr'><strong>ea</strong></span> <span class='ocrx_word' id='word_1_256' title='bbox 2622 4042 2944 4102; x_wconf 88' lang='lat' dir='ltr'><strong>conten-</strong></span> 
     </span>
    </p>
   </div>
   <div class='ocr_carea' id='block_1_6' title="bbox 662 4137 2939 4666">
    <p class='ocr_par' dir='ltr' id='par_1_6' title="bbox 665 4137 2939 4233">
     <span class='ocr_line' id='line_1_33' title="bbox 665 4137 2939 4233; baseline -0.005 -18"><span class='ocrx_word' id='word_1_257' title='bbox 665 4151 888 4216; x_wconf 86' lang='lat' dir='ltr'><strong>tione</strong></span> <span class='ocrx_word' id='word_1_258' title='bbox 946 4149 1122 4233; x_wconf 85' lang='lat' dir='ltr'><strong>(quae</strong></span> <span class='ocrx_word' id='word_1_259' title='bbox 1171 4156 1325 4214; x_wconf 88' lang='lat' dir='ltr'><strong>ante</strong></span> <span class='ocrx_word' id='word_1_260' title='bbox 1373 4148 1742 4233; x_wconf 87' lang='lat' dir='ltr'><strong>significata</strong></span> <span class='ocrx_word' id='word_1_261' title='bbox 1775 4148 1903 4231; x_wconf 87' lang='lat' dir='ltr'><strong>est)</strong></span> <span class='ocrx_word' id='word_1_262' title='bbox 1941 4155 2203 4215; x_wconf 91' lang='lat' dir='ltr'><strong>ortum</strong></span> <span class='ocrx_word' id='word_1_263' title='bbox 2244 4154 2661 4212; x_wconf 88' lang='lat' dir='ltr'><strong>certamen.</strong></span> <span class='ocrx_word' id='word_1_264' title='bbox 2746 4137 2939 4222; x_wconf 62' lang='lat'>1864]</span> 
     </span>
    </p>

    <p class='ocr_par' dir='ltr' id='par_1_7' title="bbox 662 4249 2937 4666">
     <span class='ocr_line' id='line_1_34' title="bbox 837 4249 2937 4342; baseline -0.005 -19"><span class='ocrx_word' id='word_1_265' title='bbox 837 4257 993 4342; x_wconf 90' lang='lat' dir='ltr'><strong>Cap.</strong></span> <span class='ocrx_word' id='word_1_266' title='bbox 1041 4263 1142 4337; x_wconf 85' lang='lat'><strong>44,</strong></span> <span class='ocrx_word' id='word_1_267' title='bbox 1194 4263 1256 4322; x_wconf 89' lang='lat'><strong>1:</strong></span> <span class='ocrx_word' id='word_1_268' title='bbox 1326 4256 1793 4323; x_wconf 87' lang='lat' dir='ltr'><strong>Chalcidem</strong></span> <span class='ocrx_word' id='word_1_269' title='bbox 1859 4264 1944 4322; x_wconf 92' lang='lat' dir='ltr'><strong>ut</strong></span> <span class='ocrx_word' id='word_1_270' title='bbox 2008 4266 2327 4322; x_wconf 89' lang='lat' dir='ltr'><strong>ventum</strong></span> <span class='ocrx_word' id='word_1_271' title='bbox 2392 4262 2515 4321; x_wconf 90' lang='lat' dir='ltr'><strong>est</strong></span> <span class='ocrx_word' id='word_1_272' title='bbox 2576 4255 2818 4338; x_wconf 87' lang='lat' dir='ltr'><strong>(agitur</strong></span> <span class='ocrx_word' id='word_1_273' title='bbox 2869 4249 2937 4314; x_wconf 85' lang='lat' dir='ltr'><strong>de</strong></span> 
     </span>
     <span class='ocr_line' id='line_1_35' title="bbox 665 4364 2936 4447; baseline -0.004 -16"><span class='ocrx_word' id='word_1_274' title='bbox 665 4366 739 4444; x_wconf 88' lang='lat' dir='ltr'><strong>Q.</strong></span> <span class='ocrx_word' id='word_1_275' title='bbox 786 4366 1032 4432; x_wconf 90' lang='lat' dir='ltr'><strong>Marcio</strong></span> <span class='ocrx_word' id='word_1_276' title='bbox 1079 4373 1147 4432; x_wconf 88' lang='lat' dir='ltr'><strong>et</strong></span> <span class='ocrx_word' id='word_1_277' title='bbox 1189 4367 1263 4431; x_wconf 90' lang='lat' dir='ltr'><strong>A.</strong></span> <span class='ocrx_word' id='word_1_278' title='bbox 1310 4366 1558 4447; x_wconf 86' lang='lat' dir='ltr'><strong>Atilio),</strong></span> <span class='ocrx_word' id='word_1_279' title='bbox 1607 4364 1955 4431; x_wconf 88' lang='lat' dir='ltr'><strong>aliarum</strong></span> <span class='ocrx_word' id='word_1_280' title='bbox 2022 4365 2455 4430; x_wconf 82' lang='lat' dir='ltr'><strong>civitatum</strong></span> <span class='ocrx_word' id='word_1_281' title='bbox 2520 4364 2936 4446; x_wconf 61' lang='lat' dir='ltr'><strong>principes</strong></span> 
     </span>
     <span class='ocr_line' id='line_1_36' title="bbox 662 4470 2935 4559; baseline -0.004 -21"><span class='ocrx_word' id='word_1_282' title='bbox 662 4475 747 4539; x_wconf 91' lang='lat' dir='ltr'><strong>id</strong></span> <span class='ocrx_word' id='word_1_283' title='bbox 792 4475 1004 4559; x_wconf 89' lang='lat' dir='ltr'><strong>quod</strong></span> <span class='ocrx_word' id='word_1_284' title='bbox 1048 4475 1380 4540; x_wconf 82' lang='lat' dir='ltr'><strong>maxime</strong></span> <span class='ocrx_word' id='word_1_285' title='bbox 1425 4480 1740 4557; x_wconf 86' lang='lat' dir='ltr'><strong>gratum</strong></span> <span class='ocrx_word' id='word_1_286' title='bbox 1786 4481 1962 4539; x_wconf 88' lang='lat' dir='ltr'><strong>erat</strong></span> <span class='ocrx_word' id='word_1_287' title='bbox 1999 4472 2378 4539; x_wconf 89' lang='lat' dir='ltr'><strong>Romanis</strong></span> <span class='ocrx_word' id='word_1_288' title='bbox 2416 4470 2584 4552; x_wconf 88' lang='lat' dir='ltr'><strong>(tolli</strong></span> <span class='ocrx_word' id='word_1_289' title='bbox 2622 4484 2935 4537; x_wconf 86' lang='lat' dir='ltr'><strong>commune</strong></span> 
     </span>
     <span class='ocr_line' id='line_1_37' title="bbox 662 4569 2935 4666; baseline -0.004 -19"><span class='ocrx_word' id='word_1_290' title='bbox 662 4582 954 4651; x_wconf 84' lang='lat' dir='ltr'><strong>Boeotiae</strong></span> <span class='ocrx_word' id='word_1_291' title='bbox 999 4583 1348 4650; x_wconf 89' lang='lat' dir='ltr'><strong>concilium</strong></span> <span class='ocrx_word' id='word_1_292' title='bbox 1383 4581 1849 4666; x_wconf 89' lang='lat' dir='ltr'><strong>cupientibus),</strong></span> <span class='ocrx_word' id='word_1_293' title='bbox 1886 4603 2028 4648; x_wconf 88' lang='lat' dir='ltr'><strong>suo</strong></span> <span class='ocrx_word' id='word_1_294' title='bbox 2065 4582 2365 4665; x_wconf 89' lang='lat' dir='ltr'><strong>quique</strong></span> <span class='ocrx_word' id='word_1_295' title='bbox 2403 4578 2568 4661; x_wconf 91' lang='lat' dir='ltr'><strong>(cod.</strong></span> <span class='ocrx_word' id='word_1_296' title='bbox 2607 4569 2935 4661; x_wconf 89' lang='lat' dir='ltr'><strong>quoque)</strong></span> 
     </span>
    </p>
   </div>
   <div class='ocr_carea' id='block_1_7' title="bbox 3158 3708 3160 4728">
    <p class='ocr_par' dir='ltr' id='par_1_8' title="bbox 3158 3708 3160 4728">
     <span class='ocr_line' id='line_1_38' title="bbox 3158 3708 3160 4728; baseline 0 0"><span class='ocrx_word' id='word_1_297' title='bbox 3158 3708 3160 4728; x_wconf 95' lang='lat' dir='ltr'><strong> </strong></span> 
     </span>
    </p>
   </div>
  </div>
 </body>
</html>
