3230 5282
604 583 727 638 Lib.
767 581 958 637 XLIV.
1694 569 1817 630 684

606 757 904 841 primum,
939 761 1174 838 postea
1205 760 1426 818 autem
1464 753 1817 836 aliquoties
1851 752 2160 818 obiicitur
2181 774 2416 818 nomen
2439 751 2686 819 fluvioli
2711 756 2894 839 quin·

607 885 733 948 que
776 862 1067 928 millibus
1112 884 1426 947 passuum
1471 862 1554 926 ab
1600 861 1727 926 Dio
1773 861 1859 926 ad
1901 860 2240 926 meridiem
2293 882 2522 927 versus
2568 863 2895 943 distantis,

607 971 691 1037 ad
758 992 951 1054 quem
1015 971 1295 1036 Perseus
1362 977 1579 1036 castra
1647 976 1715 1034 et
1777 976 2012 1036 contra
2057 968 2130 1045 Q.
2176 969 2497 1036 Marcium
2554 978 2622 1036 et
2665 979 2899 1056 postea

605 1086 839 1145 contra
906 1079 977 1144 L.
1044 1079 1381 1144 AEmilium
1444 1077 1696 1143 habuit.
1796 1077 1861 1143 Is
1927 1078 1996 1142 in
2062 1076 2464 1144 editionibus
2531 1079 2901 1164 appellatur

604 1181 981 1272 Enipeus.
1072 1185 1294 1253 Codex
1359 1186 1421 1251 h.
1469 1186 1511 1251 l.
1559 1186 1805 1270 Enipi
1858 1185 2089 1265 habet,
2156 1187 2452 1270 proximo
2507 1188 2726 1272 capite
2782 1188 2816 1272 ξ
2861 1193 2898 1253 2

605 1296 1007 1380 Elipeum,
1053 1316 1107 1361 c.
1156 1299 1256 1375 20,
1303 1299 1339 1359 3
1385 1294 1656 1379 Epela‚
1704 1314 1758 1360 c.
1807 1298 1907 1373 26,
1957 1299 1994 1358 5
2040 1293 2345 1379 Elpeio,
2390 1315 2444 1359 c.
2492 1298 2592 1376 32,
2644 1300 2723 1361 10
2767 1297 2899 1362 El-

605 1406 767 1490 pei,
814 1425 867 1469 c.
917 1408 1015 1483 35,
1063 1407 1099 1468 7
1146 1410 1214 1469 et
1257 1407 1296 1468 8
1342 1403 1580 1487 Elpei
1627 1424 1680 1468 c.
1730 1407 1829 1482 39,
1876 1406 1914 1466 9
1960 1402 2355 1487 Elpeium,
2400 1424 2455 1468 c.
2492 1407 2594 1484 23,
2643 1409 2680 1469 7
2725 1404 2901 1470 Eni-

605 1513 806 1597 peio,
852 1534 905 1577 c.
954 1516 1054 1592 27,
1102 1518 1141 1576 4
1187 1512 1589 1596 Enipeum,
1637 1513 1753 1594 sed
1799 1517 1836 1576 5
1873 1510 2279 1595 Nelpeum.
2350 1510 2744 1596 Comparato
2782 1513 2901 1579 Zo-

605 1641 783 1700 nara,
830 1620 1005 1704 apud
1052 1641 1245 1705 quem
1288 1620 1396 1700 IX,
1444 1625 1523 1685 23
1571 1622 1661 1704 (p.
1709 1625 1833 1685 457
1879 1617 2068 1701 Duc.)
2100 1624 2323 1692 Ἐλπιος
2367 1619 2635 1702 dicitur,
2697 1644 2899 1708 appa-

604 1735 710 1794 ret
751 1728 1069 1812 Elpium
1114 1733 1231 1793 aut
1272 1728 1604 1813 Elpeum
1650 1749 1690 1793 a
1733 1728 1918 1794 Livio
1963 1726 2368 1812 appellatum
2415 1750 2577 1795 esse.
2666 1730 2901 1816 Enipei

604 1839 828 1903 notius
874 1858 1108 1902 nomen
1154 1857 1194 1901 a
1239 1835 1537 1921 Grynaeo,
1581 1853 1772 1920 quem
1819 1838 2069 1920 primus
2114 1835 2368 1901 librarii
2400 1859 2586 1904 error
2621 1839 2897 1936 decepit,

608 1967 642 2011 e
685 1945 1030 2011 Thessalia
1083 1945 1152 2008 in
1206 1943 1661 2011 Macedoniam
1715 1945 2114 2010 translatum
2160 1946 2349 2028 est.¹)
2436 1945 2748 2013 Extremo
2794 1967 2899 2012 ca-

605 2056 744 2140 pite
792 2053 854 2138 (ξ
902 2059 960 2134 7,
1008 2053 1123 2119 ubi
1167 2051 1765 2120 Weissenbornius'
1785 2055 2162 2138 occupavit,
2228 2054 2404 2138 quod
2460 2074 2581 2135 ego
2642 2075 2900 2138 quoque

607 2165 1042 2243 conieceram‚
1110 2162 1557 2246 obsaeptum
1599 2163 1762 2227 iter
1817 2183 1895 2227 ex
1942 2161 2184 2227 codicis
2240 2164 2568 2246 scriptura
2610 2162 2899 2248 hospe-

609 2277 1060 2354 setseptum
1125 2270 1315 2351 iter)
1381 2271 1449 2335 in
1515 2270 1621 2335 bis
1677 2270 1925 2336 verbis:
1995 2269 2430 2336 extrahere
2494 2269 2903 2356 reliquum

607 2385 925 2462 tempus
971 2379 1141 2444 eius
1186 2380 1499 2445 aestatis
1543 2380 1624 2444 in
1669 2380 1930 2445 animo
1974 2378 2363 2459 habebat,
2418 2379 2655 2444 vitiose
2700 2379 2902 2445 abun-

609 2489 725 2553 dat
769 2486 976 2567 eius3
1022 2487 1092 2552 in
1136 2487 1361 2553 codice
1406 2494 1511 2553 est
1565 2488 2351 2573 tempuseaaestatis‚
2408 2488 2759 2571 geminatis
2804 2510 2900 2554 er-

606 2616 754 2662 rore
796 2595 1036 2662 litteris
1081 2616 1188 2662 ae.

778 2703 933 2789 Cap.
982 2711 1041 2784 9,
1087 2710 1126 2770 8
1185 2705 1324 2787 (ubi
1371 2705 1762 2770 describitur
1806 2706 2115 2771 circensis
2169 2702 2405 2771 ludicri
2458 2706 2528 2770 in
2572 2705 2903 2772 testudine

608 2812 951 2879 efficienda
1013 2813 1252 2879 bellica
1314 2814 1382 2877 in
1427 2815 1916 2897 oppugnatione
1960 2812 2263 2879 Heraclei
2331 2813 2638 2895 imitatio)
2709 2821 2905 2881 antea

606 2922 698 2987 sic
756 2921 1104 2987 edebatur:
1184 2921 1391 2986 Huic
1456 2921 1862 2987 testudini
1930 2922 2351 2988 simillima
2414 2923 2635 3006 parti
2702 2924 2903 2987 muri

607 3031 935 3096 admota
1001 3029 1171 3112 (cod.
1239 3029 1648 3113 permota),
1718 3051 1888 3095 cum
1955 3031 2248 3096 armati
2318 3037 2905 3114 superstantes

607 3137 1249 3231 subissent-(cod.
1300 3136 1843 3222 subipssent),
1889 3137 2645 3223 propugnatoribus
2702 3140 2906 3205 muri

606 3246 944 3327 fastigio
1014 3245 1498 3311 altitudinis
1565 3247 2125 3329 aequabantur.
2216 3247 2654 3332 Kreyssigius‚
2702 3270 2905 3333 quum

606 3357 674 3419 in
721 3355 949 3420 codice
993 3354 1268 3421 vidisset
1312 3355 1545 3420 scribi:
1594 3355 1799 3420 Huic
1841 3356 2178 3421 testudo
2227 3355 2641 3421 simillime
2688 3359 2906 3440 parti

607 3465 836 3543 muri,
904 3470 1084 3529 recte
1149 3464 1624 3529 nominativum
1689 3462 2076 3546 (testudo)
2144 3464 2391 3543 tenuit,
2458 3470 2640 3530 recte
2700 3466 2903 3532 etiam

438 3575 580 3645 (667)
617 3571 1082 3637 humillimae
1126 3572 1347 3656 parti
1391 3572 1591 3637 muri
1636 3573 1889 3655 posuit3
1944 3593 2157 3665 neque
2201 3578 2425 3637 tamen
2484 3573 2909 3639 simillima

607 3678 1080 3744 humillimae
1136 3678 1554 3745 scribendum
1598 3678 1860 3745 videtur
1903 3680 2141 3759 fuisse,
2186 3679 2304 3746 sed
2347 3687 2634 3747 tantum:
2692 3682 2907 3748 ‘Huic

607 3789 936 3854 testudo
1004 3787 1302 3853 similis
1368 3787 1842 3854 humillimae
1909 3810 1972 3873 p.
2010 3794 2101 3853 ‘m.
2150 3796 2297 3868 cet.‚
2355 3789 2594 3855 deinde
2649 3798 2901 3856 autem:

608 3916 843 3979 quum
887 3896 1177 3962 armati
1232 3917 1475 3980 super
1541 3904 1860 3963 stantes
1927 3897 2365 3964 subissent.
2452 3896 2685 3980 Neque
2733 3900 2903 3964 enim

607 4006 739 4070 iam
784 4004 1270 4089 superstabant,
1317 4026 1517 4088 quum
1558 4004 1947 4071 movebatur
1989 4005 2272 4085 testudo,
2319 4006 2433 4072 sed
2476 4005 2594 4071 illa
2638 4007 2906 4075 admota

606 4112 972 4180 insilientes
1019 4136 1218 4197 super
1256 4135 1394 4194 eos,
1442 4114 1555 4197 qui
1602 4114 1808 4179 scutis
1855 4135 2057 4198 supra
2102 4115 2339 4198 capitis
2384 4114 2572 4180 elatis
2619 4116 2900 4194 stabant,

661 4367 707 4437 ¹)
747 4366 880 4437 [Sed
935 4369 1102 4422 etiam
1146 4366 1448 4423 Thessaliae
1496 4369 1676 4423 amnis
1721 4369 2005 4424 interdum
2058 4367 2351 4439 Elipeus
2408 4368 2590 4425 dictus
2645 4371 2894 4438 videtum

745 4452 857 4508 vid.
901 4453 1158 4508 Meineke
1195 4453 1352 4523 proef.
1393 4453 1573 4509 Strab.
1611 4456 1720 4510 vol.
1756 4454 1816 4509 11
1849 4473 1902 4525 p.
1938 4453 2031 4524 ἶ]

2556 4635 2578 4668 ἱ
