3230 5282
1582 656 1700 717 3'71
2430 666 2553 720 Lib.
2591 665 2795 721 XXVI.

483 842 717 906 vitiis
763 840 1176 905 imbuisse.
1260 840 1549 905 Primum
1596 841 1897 905 universe
1942 859 2046 904 res
2092 836 2514 921 significatur,
2560 839 2796 904 deinde

486 950 833 1032 utriusque
889 948 1167 1012 hominis
1223 948 1479 1030 imperii
1536 948 2022 1012 administratio
2081 953 2534 1030 comparatum
2601 946 2669 1010 in
2716 967 2795 1011 ea
2855 978 2862 987 ·

486 1057 980 1141 comparatione
1036 1062 1323 1138 utraque
1381 1057 1712 1121 sententia
1766 1076 1807 1120 a
1850 1056 2111 1119 nomine
2165 1053 2448 1120 hominis
2505 1055 2795 1140 incipere

487 1164 702 1231 debet.
827 1146 1010 1245 (Mon
1086 1164 1300 1228 minus
1378 1162 1713 1246 eleganter
1779 1162 1918 1227 haec
1986 1163 2326 1227 dicuntur:
2367 1191 2383 1202 κ
2417 1169 2504 1228 ut
2570 1183 2793 1227 nemo

482 1309 571 1319 —
636 1279 881 1353 esset,
959 1307 1044 1317 —
1122 1278 1414 1336 essent.
1549 1270 1854 1335 Fortasse
1935 1271 2157 1335 Livius
2242 1271 2626 1352 scripserat:
2710 1277 2795 1334 ut

485 1402 708 1446 nemo
776 1415 863 1425 —
921 1381 1047 1444 sui
1114 1400 1406 1445 memor
1463 1379 1540 1442 in
1599 1379 1803 1457 acie,
1873 1384 1988 1440 set
2045 1378 2424 1460 praesidio
2483 1378 2653 1442 suis
2708 1412 2795 1422 —-

488 1495 785 1555 essent.
882 1488 1098 1569 1863.)

658 1596 819 1681 Cap.
870 1601 936 1675 3,
993 1603 1033 1659 4
1080 1594 1176 1677 (in
1224 1594 1601 1660 defensione
1650 1593 1762 1658 Cn.
1811 1593 2085 1676 Fulvii):
2152 1615 2306 1659 non
2366 1615 2447 1659 se
2504 1595 2794 1677 inopia

485 1711 974 1770 commeatus
1022 1702 1101 1783 (P
1148 1702 1675 1784 commentus)
1741 1723 1892 1767 non
1957 1704 2035 1766 in
2095 1702 2277 1767 loca
2334 1702 2618 1784 iniqua
2674 1702 2793 1765 in-

485 1819 720 1877 caute
780 1812 1243 1889 deductum,
1314 1832 1470 1876 non
1528 1811 1840 1893 agmine
1896 1810 2417 1893 inexplorato
2477 1815 2793 1874 euntem

483 1921 809 1985 insidiis
855 1921 1487 1984 circumventum
1531 1918 1608 2001 (P
1654 1924 1915 1983 tantum
1958 1917 2314 2000 circum);
2358 1918 2433 1981 vi
2480 1924 2783 2000 aperta,
2824 1925 2964 1992 (304)

485 2029 762 2107 armis,
832 2029 1004 2093 acie
1071 2029 1390 2093 victum.
1502 2025 1735 2091 Priora
1802 2028 1940 2092 sine
1996 2027 2527 2109 interpunctione
2583 2027 2795 2109 posui,

483 2139 641 2221 quia
698 2137 778 2202 de
835 2136 1181 2202 verborum
1228 2136 1688 2201 coniunctione
1733 2135 2101 2213 dubitatur,
2156 2135 2600 2218 maximeque,
2661 2154 2793 2216 quo

484 2246 814 2330 pertineat
859 2244 1190 2309 ablativus
1227 2244 1533 2327 (inopia
1578 2243 2093 2325 commeatus)
2129 2244 2213 2307 ab
2260 2251 2545 2327 utroque
2589 2242 2793 2325 parti-

484 2354 652 2438 cipio
720 2352 1183 2434 (deductum
1263 2360 1330 2417 et
1395 2351 2058 2432 circumventum)
2128 2352 2523 2434 interposita
2598 2371 2795 2430 nega-

482 2462 660 2527 tione
718 2468 1084 2544 separatus.
1195 2461 1357 2525 Duae
1415 2480 1551 2538 res,
1621 2461 1688 2523 in
1746 2460 1987 2542 quibus
2046 2458 2467 2542 neglegentia
2511 2459 2793 2540 impera—

483 2571 647 2634 toris
713 2568 1108 2654 reprehendi
1179 2589 1467 2652 curaque
1538 2567 1900 2632 desiderari
1964 2573 2221 2652 potest,
2301 2566 2599 2651 negando
2667 2565 2793 2629 tol-

480 2679 737 2758 luntur;
814 2677 1238 2761 relinquitur,
1317 2698 1464 2759 quae
1545 2678 1613 2740 in
1681 2678 2100 2760 imperatoris
2168 2681 2503 2761 potestate
2572 2676 2796 2757 posita

481 2810 609 2852 non
670 2794 801 2866 est,
860 2806 1093 2869 pugnae
1140 2792 1386 2868 apertae
1442 2783 1727 2849 fortuna.
1828 2784 2065 2867 Itaque
2110 2783 2375 2850 sublata
2420 2803 2554 2847 una
2594 2802 2795 2862 nega-

376 2933 379 2935 ·
479 2897 660 2960 tione
727 2892 1149 2959 scribendum
1218 2898 1348 2957 est:
1418 2892 1586 2957 Non
1654 2914 1735 2957 se
1801 2894 2084 2975 inopia
2151 2896 2645 2956 commeatus
2713 2889 2794 2952 in

481 3001 662 3067 loca
738 3002 1022 3084 iniqua
1101 3001 1435 3065 incaute
1514 3000 1980 3079 deductum,
2059 3021 2213 3064 non
2293 2997 2605 3080 agmine
2674 2997 2794 3059 in-

485 3108 922 3192 explorato
961 3115 1275 3174 euntem
1310 3107 1648 3173 insidiis
1689 3109 2347 3184 circumventum3
2394 3106 2466 3169 vi
2503 3109 2795 3187 aperta

485 3224 606 3281 cet.
719 3216 1063 3281 Exercitus
1127 3218 1196 3281 in
1260 3216 1411 3282 loca
1476 3217 1706 3298 iniqua
1764 3216 2148 3280 demittendi
2205 3214 2539 3297 praecipua
2595 3232 2797 3277 causa

482 3344 626 3389 esse
694 3330 961 3407 poterat
1023 3325 1251 3408 inopia
1317 3329 1722 3389 commeatus
1790 3345 1870 3388 ex
1936 3322 2357 3406 neglegentia
2422 3328 2575 3386 ante
2643 3341 2794 3404 pro-

482 3431 802 3517 spiciendi
881 3433 1150 3515 eiusque
1233 3432 1668 3516 undecunque
1752 3431 2088 3513 quaerendi
2155 3431 2533 3496 necessitas.
2660 3428 2795 3511 [Sic

480 3538 929 3624 Doeringius.]

653 3648 810 3733 Cap.
859 3654 930 3728 4,
998 3654 1035 3712 3
1094 3647 1203 3728 (de
1263 3646 1617 3733 Campanis
1688 3647 1976 3714 obsessis
2046 3654 2115 3714 et
2183 3648 2495 3715 adversus
2551 3646 2794 3711 Roma-

480 3778 598 3822 nos
662 3756 1172 3841 pugnantibus):
1258 3754 1628 3822 Ceterum
1705 3758 1782 3821 in
1849 3757 2133 3824 multis
2200 3753 2794 3821 certaminibus

481 3865 913 3947 equestria
978 3865 1304 3948 proelia
1369 3864 1618 3930 ferme
1687 3886 2087 3950 prospera
2150 3864 2599 3941 faciebant,
2665 3882 2794 3947 pe-

482 3970 695 4037 dites
787 3970 1415 4055 superabantur.
1541 3972 1759 4039 Minus
1855 3979 2033 4039 recte
2111 3994 2153 4038 a
2229 3971 2617 4055 Campanis,
2710 3969 2793 4034 de

480 4101 758 4164 quorum
833 4079 1104 4145 fortuna
1185 4081 1530 4163 pugnandi
1605 4084 1855 4165 agitur,
1937 4082 2149 4147 oratio
2227 4078 2629 4146 transfertur
2706 4076 2793 4141 ad
2844 4124 2851 4132 .

479 4188 655 4270 ipsos
721 4188 1002 4270 pedites.
1139 4186 1286 4252 Una
1362 4188 1589 4253 littera
1684 4210 1816 4255 non
1893 4195 2071 4254 recte
2154 4187 2490 4272 geminata
2569 4185 2793 4249 detra-

477 4293 700 4361 henda
766 4304 898 4361 est:
966 4295 1249 4379 pedite
1317 4295 1637 4379 (pedestri
1706 4298 2047 4381 copiarum
2118 4305 2185 4361 et
2238 4295 2472 4381 proelii
2527 4292 2793 4378 genere)

479 4404 1101 4488 superabantur.
1207 4402 1334 4468 Cfr.
1383 4403 1688 4484 XXXIII,
1739 4407 1794 4484 7,
1848 4409 1955 4470 13:
2016 4404 2300 4487 pedite
2346 4404 2567 4467 inter
2610 4401 2794 4464 fini-
