3230 5282
1519 623 1642 683 329
2117 642 2126 651 ·
2373 631 2495 687 Lib.
2532 630 2714 686 mv
2733 673 2743 685 .

601 806 758 892 Cap.
806 813 919 886 48,
977 812 1047 872 8:
1121 807 1440 872 tributo
1499 812 1878 890 sumptus
1937 804 2496 889 suppeditari3
2571 825 2741 869 eum

428 918 693 999 ipsum
761 915 1168 981 tributum
1226 915 1823 981 conferentium
1879 935 2288 979 numerum
2345 949 2433 959 —
2486 914 2745 980 immi-

429 1031 725 1090 nutum.
786 1024 1063 1089 Tributo
1109 1024 1447 1089 nominato
1492 1024 1811 1089 transitur
1844 1023 1930 1088 ad
1965 1023 2181 1106 ipsum
2215 1044 2558 1087 numerum
2592 1043 2746 1087 con-

427 1132 807 1213 ferentium3
848 1154 1209 1216 pronomen
1235 1154 1422 1209 eum,
1462 1131 1646 1215 quod
1681 1152 1880 1215 prave
1915 1129 2261 1213 significat,
2307 1130 2563 1212 aliquid
2585 1139 2742 1196 ante

430 1241 511 1306 ‹le
554 1242 680 1306 hoc
723 1262 995 1307 numero
1044 1242 1296 1306 dictum
1341 1261 1509 1319 esse,
1576 1240 1942 1306 tollendum
1989 1247 2106 1317 est,
2175 1239 2302 1303 nisi
2348 1238 2508 1322 quid
2556 1239 2741 1305 aliud

430 1349 649 1414 mendi
701 1350 822 1415 sub
873 1370 950 1414 eo
984 1349 1170 1414 latet.
1241 1348 1487 1430 (1862.)
1567 1347 1600 1431 ἓ
1643 1353 1720 1412 12
1758 1370 2029 1432 prorsus
2066 1349 2288 1429 inepte
2329 1346 2467 1411 sine
2503 1348 2741 1431 copula

429 1465 765 1539 ponuntur
820 1459 1331 1536 vestimenta,
1389 1457 1909 1534 frumentum,
1968 1458 2034 1520 in
2091 1455 2331 1539 quibus
2377 1455 2541 1519 nihil
2587 1456 2738 1521 rhe-

430 1567 622 1632 torici
668 1566 981 1650 ponderis
1027 1572 1142 1630 aut
1186 1564 1446 1630 artificii
1493 1572 1596 1631 est
1611 1588 1636 1646 ς’
1674 1566 1918 1631 excidit
1962 1583 2041 1627 ae
2087 1571 2237 1647 post
2282 1581 2333 1627 a.
2404 1564 2648 1646 (1862.)

1261 1744 1445 1874 Lib.
1508 1789 1887 1899 XXIV.¹)
2763 1832 2904 1902 (2⁹71)

594 1923 751 2009 Cap.
781 1930 837 2004 2,
888 1930 924 1989 9
973 1923 1116 2005 (ubi
1162 1924 1436 2008 perfuga
1457 1923 1738 1989 Bruttiis
1786 1924 2070 2007 exponit,
2118 1942 2313 2006 quam
2360 1931 2735 2008 opportuna

422 2031 582 2098 urbs
632 2032 829 2098 Croto
879 2032 1132 2099 occulte
1181 2032 1718 2115 aggredientibus
1765 2032 1910 2115 sit):
1980 2039 2060 2096 et
2114 2032 2193 2095 in
2249 2038 2483 2097 vasta
2529 2033 2730 2098 urbe

421 2139 752 2223 lateque
836 2141 1204 2207 omnibus
1284 2141 1673 2206 disiectis
1752 2139 2176 2206 moenibus
2255 2160 2492 2205 raras
2561 2147 2728 2206 sta-

421 2249 690 2314 tiones
757 2249 1358 2333 custodiasque
1427 2256 1890 2314 senatorum
1959 2270 2166 2327 esse3
2248 2269 2726 2333 quacunque

420 2357 902 2424 custodiant
994 2358 1268 2442 plebis
1360 2357 1755 2437 hominm,
1851 2379 1939 2423 ea
2030 2363 2314 2441 patere
2397 2358 2726 2422 aditum.

419 2466 671 2531 Raras
719 2468 1042 2533 stationes
1088 2473 1266 2531 recte
1316 2468 1682 2531 Gronovius
1729 2488 1763 2531 e
1812 2466 2056 2531 codicis
2101 2465 2153 2530 P
2198 2468 2529 2549 scriptura
2574 2466 2726 2549 (pa-

416 2580 640 2639 raset
710 2576 1148 2659 stationes)
1217 2575 1509 2640 effecisse
1576 2575 1854 2640 videtur.
1982 2573 2110 2640 Sed
2176 2581 2499 2658 praeterea
2566 2596 2725 2639 om·

414 2682 654 2748 nibus
698 2706 831 2750 non
879 2685 1090 2750 solum
1135 2685 1483 2763 redundat,
1538 2685 1654 2750 sed
1701 2685 2006 2751 vitiosam
2053 2686 2446 2750 sententiam
2492 2682 2724 2764 efficit3

414 2812 626 2874 neque
688 2794 860 2857 enim
915 2795 982 2858 in
1039 2793 1165 2859 hac
1209 2815 1279 2858 re
1325 2792 1464 2858 ulla
1506 2795 1712 2858 totius
1758 2794 2174 2877 partiumque
2222 2791 2556 2874 separatio
2603 2800 2722 2872 est,

416 2900 605 2980 quasi
662 2901 860 2965 etiam
906 2922 1062 2984 pars
1109 2901 1333 2986 aliqua
1376 2901 1513 2967 late
1558 2901 1835 2966 disiecta
1879 2921 2023 2966 esse
2070 2901 2380 2983 potuerit.
2480 2900 2723 2965 Verum

411 3007 479 3070 in
538 3028 614 3071 eo
672 3010 989 3075 vocabulo
1048 3010 1240 3090 nihil,
1309 3010 1569 3093 opinor,
1640 3008 1819 3073 aliud
1890 3009 2120 3075 subest
2183 3007 2313 3071 nisi
2384 3007 2531 3090 ipsa
2598 3030 2723 3072 vox

412 3117 831 3183 moenibus
900 3140 1021 3185 suo
1090 3118 1234 3184 loco
1303 3138 1507 3200 prava
1572 3118 1847 3201 scripta,
1926 3115 2164 3182 deinde
2229 3122 2411 3180 recte
2478 3115 2720 3197 posita,

386 3224 968 3305 'quemadmodum
1023 3225 1276 3305 XXIII,
1345 3229 1457 3306 26,
1532 3230 1610 3290 10
1668 3247 1869 3310 quum
1932 3246 2010 3290 ex
2067 3223 2393 3289 obiecto
2452 3230 2719 3290 tutum

410 3331 655 3396 factum
691 3340 864 3399 esset
909 3334 1230 3400 obiecto
1276 3340 1455 3413 tum,
1504 3334 1743 3399 deinde
1787 3340 2046 3399 tutum
2093 3334 2337 3398 etiam
2382 3331 2719 3399 flumine

408 3439 738 3505 obiecto
784 3448 949 3507 tum
996 3443 1316 3526 scriptum
1362 3442 1663 3507 vidimus.
1730 3443 1817 3507 In
1861 3452 2096 3508 vasta
2141 3443 2340 3509 urbe
2384 3442 2717 3527 lateque

408 3549 831 3614 moenibus
890 3551 1276 3616 disiectis
1322 3551 1545 3616 Livius
1602 3552 1870 3635 scripsit
1930 3552 2158 3617 ordine
2217 3551 2394 3634 apud
2441 3551 2711 3617 Latinos

404 3656 469 3718 in
539 3678 741 3739 prosa
799 3660 1097 3725 oratione
1154 3680 1282 3724 non
1338 3681 1612 3742 prorsus
1670 3660 1953 3742 vulgari,
2021 3682 2153 3742 qua
2208 3668 2429 3725 tamen
2486 3659 2709 3724 Livius

402 3785 533 3828 non
600 3788 753 3831 raro
822 3768 1063 3846 utitur,
1142 3774 1218 3832 ut
1283 3768 1367 3832 ab
1436 3768 1760 3834 adiectivo
1828 3770 2259 3852 participiove
2326 3769 2710 3834 attributive

534 4053 730 4105 neque,
769 4039 977 4093 omisso
1013 4040 1365 4108 imperativo,
1404 4041 1493 4094 sis
1531 4040 1670 4109 poni
1706 4042 1956 4110 potuisse
1991 4042 2218 4097 videtur
2255 4045 2446 4112 (quum
2481 4056 2716 4113 proeser-

535 4123 634 4175 tim
683 4123 807 4178 haec
852 4125 1203 4179 familiariter
1245 4126 1513 4194 precandi
1561 4126 1745 4180 forma
1790 4144 1892 4197 per
1935 4144 1993 4181 se
2029 4145 2226 4197 parum
2263 4136 2395 4199 apta
2432 4129 2717 4198 proverbii

533 4208 794 4265 brevitati
841 4216 901 4265 et
943 4215 1229 4281 praecepto
1276 4212 1370 4278 sit)
1407 4229 1511 4265 nec
1544 4213 1820 4266 minime
1859 4212 1917 4266 in
1952 4212 2055 4266 tali
2093 4229 2300 4282 genere
2337 4215 2583 4284 elliptice
2619 4232 2711 4268 ve·

532 4294 688 4348 tandi
723 4302 878 4352 recte
904 4314 1009 4365 pro
1038 4313 1118 4350 ne
1146 4297 1361 4352 dictum
1390 4313 1524 4351 esse.
1578 4296 1687 4352 Sed
1715 4297 1855 4351 nihil
1885 4299 2103 4366 melius,
2137 4299 2284 4368 quod
2317 4299 2581 4365 adferam,
2612 4311 2712 4352 est.

450 4379 497 4442 ¹)
532 4377 603 4432 In
656 4380 766 4436 hoc
818 4387 878 4436 et
931 4383 1137 4438 ceteris
1197 4382 1356 4435 libris
1409 4400 1524 4436 non
1578 4383 1820 4436 collatus
1875 4390 1960 4437 est
2015 4386 2193 4440 codex
2241 4384 2308 4451 C,
2361 4385 2471 4439 nisi
2515 4386 2610 4440 ubi
2656 4387 2715 4439 in

532 4464 687 4518 XXX
722 4465 766 4519 P
804 4465 1015 4522 deficit.
