3230 5282
1479 648 1600 709 293
2363 660 2486 714 Lib.
2523 659 2698 714 XXII.

382 831 634 896 consilii
690 832 1080 914 significatio
1138 835 1206 898 in
1265 830 1795 897 deducendas
1853 838 2014 916 apta
2072 840 2174 898 est
2231 839 2296 898 et
2352 831 2697 897 vehemen-

379 941 627 1005 tissime
688 939 960 1006 offendit
1017 940 1305 1006 secunda
1363 960 1653 1023 persona
1708 939 2056 1022 singularis
2112 941 2362 1005 numeri
2425 939 2538 1021 (ut
2581 941 2699 1004 vir

380 1068 547 1114 cum
625 1050 798 1113 viro
878 1047 1481 1132 congrediaris)
1561 1054 1713 1131 post
1792 1046 1958 1112 illud
2039 1050 2348 1112 armari
2415 1050 2696 1132 copias

380 1163 726 1240 oportet.
849 1156 980 1222 Sed
1057 1158 1126 1222 in
1194 1155 1531 1222 codicibus
1599 1154 1901 1220 omnibus
1969 1155 2312 1220 scribitur:
2395 1157 2695 1220 armari

376 1264 652 1348 copias
741 1270 1074 1347 oportet
1152 1270 1230 1329 et
1312 1263 1830 1329 deducendas
1908 1264 1993 1328 in
2061 1284 2364 1345 aequum
2431 1270 2508 1329 et
2574 1264 2697 1328 vir

378 1391 547 1437 cum
602 1372 772 1437 viro
834 1371 1442 1454 congrediaris,
1509 1371 1634 1435 nisi
1691 1370 1868 1455 quod
1924 1370 1976 1435 P
2032 1391 2166 1436 una
2220 1371 2450 1437 littera
2507 1393 2546 1435 a
2592 1393 2695 1435 ce-

376 1481 534 1544 teris
594 1479 976 1564 discrepans
1035 1479 1371 1561 (armari
1429 1479 1740 1562 capias)
1801 1499 2025 1543 verum
2082 1486 2422 1544 monstrat.
2526 1479 2695 1545 Scri-

374 1586 663 1652 bendum
720 1595 823 1653 est
868 1590 1042 1653 enim
1088 1587 1579 1669 elegantissima
1624 1592 1691 1652 et
1736 1588 2078 1671 aptissima
2123 1588 2440 1653 orationis
2485 1585 2698 1652 forma

374 1701 442 1759 et
522 1694 648 1760 sibi
717 1695 800 1761 ab
869 1695 1054 1760 initio
1125 1695 1210 1760 ad
1278 1702 1644 1760 extremum
1712 1697 2070 1761 constanti:
2162 1697 2367 1757 Arna
2434 1695 2696 1777 capias

374 1808 711 1885 oportet
791 1809 859 1868 et
936 1805 1355 1866 descendas
1434 1804 1515 1867 in
1582 1824 1886 1885 aequum
1955 1810 2033 1868 et
2101 1805 2218 1867 vir
2285 1808 2453 1868 cum
2521 1805 2694 1869 viro

374 1910 963 1993 congrediaris.
1054 1911 1155 1975 Ex
1202 1931 1418 1976 arma
1465 1911 1549 1975 ob
1594 1910 1973 1994 praecedens
2021 1911 2429 1976 debellari
2476 1920 2694 1978 ortum

374 2019 692 2097 armari,
735 2025 875 2083 tum
923 2020 1225 2102 capiaS,
1272 2017 1849 2102 quodPservavit,
1892 2020 1961 2084 in
2008 2021 2244 2084 ceteris
2288 2021 2355 2085 in
2403 2022 2685 2104 copias
2722 2030 2864 2097 (239)

369 2132 714 2191 mutatum.
772 2125 1232 2192 Descendas
1266 2123 1575 2191 facillime
1608 2128 1678 2190 in
1712 2126 2230 2193 deducendas
2268 2127 2687 2211 transibat.¹)

547 2231 704 2317 Cap.
757 2238 863 2313 17,
936 2239 972 2298 3
1034 2234 1143 2316 (de
1189 2234 1404 2300 bubus
1446 2234 1662 2299 fasces
1708 2236 2040 2317 virgarum
2088 2242 2156 2299 et
2201 2243 2688 2301 sarmentorum

370 2340 677 2406 cornibus
724 2341 1049 2425 adligatos
1095 2342 1515 2427 portantibus
1561 2350 1631 2408 et
1677 2348 1833 2408 ante
1882 2344 2246 2409 exercitum
2292 2366 2411 2427 per
2448 2344 2689 2410 saltum

367 2455 438 2513 et
482 2456 737 2513 montes
785 2449 1009 2528 actis):
1081 2471 1233 2534 quo
1303 2457 1647 2533 repente
1717 2450 2115 2529 discursu,
2182 2451 2389 2517 haud
2458 2474 2688 2517 secus

368 2575 607 2637 quam
676 2552 1545 2640 silvis‘montibusque
1603 2560 2003 2637 accensiS,
2062 2562 2332 2625 omnia
2387 2561 2689 2625 circum

370 2663 737 2746 virgulta
783 2665 1090 2731 ardere.
1175 2666 1241 2732 Si
1289 2668 1385 2732 sic
1430 2666 1652 2731 Livius
1698 2669 1978 2750 scripsit,
2025 2689 2154 2733 non
2200 2669 2410 2734 solum
2457 2691 2690 2752 parum

432 2888 480 2955 ¹)
515 2857 676 2943 {lanc
731 2879 1184 2944 emendationem
1230 2908 1402 2959 quum
1449 2892 1943 2947 Weissenbornius
1989 2896 2169 2946 totam
2216 2894 2287 2947 ab
2333 2892 2688 2963 Ingerslevio

513 2991 730 3028 sumere
775 2980 995 3044 posset,
1049 2976 1249 3029 maluit
1301 2981 1519 3045 partem
1575 2978 1950 3043 posteriorem
2010 2978 2570 3045 (et-descendas)
2618 2980 2688 3033 ab

510 3058 913 3128 Heerwagenio
949 3062 1230 3131 accipere,
1285 3062 1487 3117 relicta
1529 3062 1637 3116 hac
1673 3063 2084 3132 inaequalitate:
2141 3065 2400 3118 armari
2448 3065 2687 3133 copias

512 3150 805 3212 oportet
857 3150 924 3200 et
968 3146 1370 3201 descendas.
1458 3147 1525 3200 In
1571 3149 1777 3216 capitis
1828 3150 1891 3201 15
1937 3149 2102 3202 initio
2145 3147 2355 3203 frustra
2404 3149 2683 3203 Weissen-

507 3230 742 3283 bornius
780 3247 837 3284 se
874 3235 1127 3299 torquet,
1181 3235 1245 3285 ut
1290 3248 1359 3285 ex
1403 3233 1672 3287 mendosa
1720 3232 1976 3288 codicum
2025 3234 2303 3303 scriptura
2351 3235 2688 3290 sententiam

510 3313 734 3369 efficiat.
822 3313 966 3369 Nam
1020 3320 1086 3369 ut
1132 3317 1389 3371 omittam
1434 3318 1777 3372 intentum
1820 3319 2007 3373 inter
2056 3336 2218 3373 suos
2264 3319 2530 3374 Latinum
2576 3338 2692 3375 non

510 3415 631 3454 esse
676 3405 733 3454 et
779 3400 1177 3456 obscurissime
1224 3402 1335 3455 dici
1378 3401 1518 3457 illud
1561 3403 1762 3472 prius
1810 3404 1888 3457 ab
1938 3404 2102 3458 aliis
2148 3405 2483 3459 invictum
2521 3405 2602 3473 (et
2637 3407 2696 3461 in

509 3486 713 3553 prius
749 3503 855 3555 pro
894 3490 1096 3540 antea
1129 3486 1380 3553 vitiose),
1426 3504 1658 3557 prorsus
1700 3506 2030 3558 perversum
2064 3494 2152 3543 est
2185 3496 2522 3560 praestare
2558 3493 2695 3546 ani·

508 3587 681 3623 mum
724 3570 919 3639 prius
969 3571 1330 3638 invictum,
1387 3573 1656 3640 quoniam
1703 3574 1874 3627 animi
1922 3575 2122 3628 invicti
2165 3577 2459 3645 praestatio
2504 3578 2577 3631 ad
2619 3577 2697 3646 id,

512 3654 665 3722 quod
700 3672 852 3710 nunc
890 3656 1108 3725 agitur,
1154 3661 1375 3725 tempus
1420 3658 1675 3727 pertinet
1711 3661 2169 3729 comparatioque
2206 3662 2515 3731 superioris
2552 3668 2695 3717 tem·

511 3740 664 3808 poris
712 3740 883 3809 longe
932 3741 1098 3794 aliter
1142 3741 1517 3810 significanda
1551 3741 1674 3796 fuit.
1759 3743 1903 3811 Quid
1943 3744 2226 3799 sententia
2260 3748 2529 3816 postulet,
2566 3765 2692 3818 per·

509 3824 766 3892 spicuum
803 3831 903 3879 est.
986 3825 1165 3879 Fabio
1211 3832 1270 3880 et
1313 3832 1512 3881 contra
1557 3829 1711 3884 cives
1757 3834 1816 3883 et
1862 3835 2065 3885 contra
2099 3831 2291 3886 hostes
2326 3833 2698 3902 pugnandum

512 3916 661 3976 erat;
713 3911 869 3979 prius
912 3911 1210 3979 praestitit,
1268 3913 1422 3980 quod
1469 3914 1667 3968 ordine
1713 3931 1898 3969 rerum
1943 3917 2100 3985 prius
2146 3921 2287 3983 erat,
2345 3935 2417 3972 ne
2465 3918 2695 3972 illorum

508 3995 698 4064 pravis
745 3995 971 4049 iudiciis
1025 4000 1085 4050 et
1131 3998 1453 4051 rumoribus
1501 4006 1839 4054 moveretur.
1930 4002 2126 4056 Inter
2170 4020 2275 4071 pro
2322 4003 2391 4057 in
2436 4020 2506 4057 ex
2551 4004 2696 4058 male

507 4081 753 4149 repetita
790 4085 1041 4134 extrema
1077 4081 1298 4149 syllaba
1334 4083 1489 4136 vocis
1525 4084 1794 4158 pariter
1830 4090 2019 4142 ortum
2057 4091 2162 4154 est,
2200 4086 2361 4141 aliis
2397 4105 2500 4157 pro
2539 4088 2693 4142 illis

506 4169 820 4234 pervagato
867 4182 1070 4221 errore.
1164 4165 1219 4235 [ἕ
1269 4168 1302 4220 5
1348 4171 1479 4236 post
1524 4167 1858 4223 Numidas
1913 4171 2124 4225 excidit
2166 4157 2283 4227 non
2328 4173 2542 4240 vidit,
2597 4173 2695 4226 sed

505 4251 693 4305 vidit
746 4256 830 4305 et.
910 4253 1057 4305 1862.
1171 4251 1300 4322 Cap.
1362 4254 1451 4320 16,
1504 4255 1541 4305 4
1592 4271 1663 4307 ex
1717 4254 1939 4308 situas
1993 4261 2148 4311 recte
2201 4257 2691 4312 Weissenbornius

507 4336 722 4390 silvas
776 4335 937 4402 fecit3
992 4336 1089 4390 sed
1135 4353 1260 4405 quoe
1303 4337 1635 4405 praecedunt
1678 4339 1908 4406 litterae,
1963 4341 2174 4395 rectius
2221 4342 2573 4412 separandae,
2631 4348 2695 4396 ut

508 4421 817 4474 scribatur:
855 4438 975 4489 per
1009 4421 1335 4476 horridas
1373 4423 1612 4491 silvas,
1649 4441 1764 4480 non
1800 4424 2285 4493 perhorridas;
2324 4444 2504 4496 neque
2541 4429 2691 4481 enim

505 4507 691 4559 inter
726 4506 935 4560 silvas
971 4505 1368 4561 hibernaturus
1405 4513 1526 4560 erat
1559 4508 1858 4564 Hannibal.
1936 4509 2108 4578 1872]
