3230 5282
627 597 750 651 Lib.
790 596 883 650 IX.
1727 585 1850 645 220

630 789 826 833 cursu
870 768 1224 833 verborum
1269 769 1543 847 insuavi,
1603 768 1722 833 sed
1768 767 2018 848 eodem,
2081 770 2195 852 qui
2242 776 2346 834 est
2390 768 2692 849 XXXIII,
2755 773 2815 848 6,
2873 774 2939 833 5:

633 876 1185 955 occurrisset,
1283 875 1753 940 faciendum
1841 883 2104 957 esset,
2204 877 2777 957 consulerent,
2877 883 2944 941 et

627 982 987 1063 XXXVIII,
1047 988 1148 1063 58,
1195 987 1264 1047 8:
1339 989 1580 1062 esset,
1640 984 2069 1066 gessisset,
2127 991 2757 1068 praetereantur3
2826 983 2940 1048 cfr.

457 1096 596 1164 (185)
632 1089 894 1170 XXXV,
950 1095 1052 1171 45,
1110 1094 1147 1154 9
1198 1097 1265 1155 et
1322 1094 1422 1170 50,
1480 1095 1538 1155 9.
1632 1090 1876 1173 (1861.)
1965 1092 2215 1157 Eodem
2271 1093 2488 1176 capite
2546 1090 2578 1175 ξ
2635 1096 2703 1155 8;
2764 1090 2946 1156 Tar-

629 1198 1138 1279 quiniensem
1193 1204 1414 1263 metu
1473 1197 1919 1279 subegerat
1975 1198 2069 1280 (P.
2128 1200 2397 1281 Decius)
2458 1199 2948 1264 frumentum

629 1305 1037 1370 exercitui
1073 1305 1436 1389 praebere
1476 1311 1597 1370 cet.
1662 1304 1988 1382 Quoniam
2023 1308 2406 1391 praecedunt
2430 1306 2948 1372 Samnitibus

625 1446 712 1456 —
754 1413 1008 1478 Marsi
1053 1448 1140 1458 —
1183 1413 1524 1496 Peligni,
1589 1415 1891 1497 sequitur
1937 1413 2630 1494 Vulsiniensium,
2698 1415 2947 1493 nescio,

628 1540 713 1585 an
760 1541 906 1585 cum
963 1520 1152 1587 codd.
1199 1541 1368 1586 rece.
1416 1521 1838 1586 scribendum
1883 1523 1970 1586 sit
1996 1521 2677 1605 Tarquinienses;
2744 1541 2948 1605 quam

624 1626 818 1693 facile
875 1650 910 1693 e
967 1649 1012 1693 s.
1051 1635 1206 1694 ante
1264 1648 1322 1690 ιι
1376 1628 1627 1693 factum
1683 1631 1771 1694 sit
1814 1649 1901 1708 ιι,
1971 1636 2269 1713 apparet.
2359 1627 2604 1711 (1875.)
2693 1628 2950 1694 Deinde

629 1733 781 1816 38,
849 1735 965 1800 ubi
1012 1736 1260 1801 editur:
1329 1736 1859 1818 Tranquillas
1926 1759 2053 1803 res
2120 1739 2270 1802 iam
2329 1737 2705 1803 Etruscis
2773 1742 2949 1801 tur-

627 1843 858 1908 bavit
923 1845 1367 1928 repentina
1435 1844 1798 1910 defectio
1871 1844 2374 1925 Umbrorum,
2454 1846 2714 1910 dativus
2789 1844 2951 1909 ferri

626 1957 891 2034 posset,
960 1953 1017 2017 si
1076 1953 1299 2017 Livius
1356 1951 1676 2018 Etruscos
1733 1952 2175 2019 seditionibus
2244 1959 2311 2018 et
2366 1953 2580 2018 turbis
2641 1936 2951 2018 eXcitatis

626 2060 750 2123 otii
794 2058 1015 2124 ftuctu
1052 2060 1352 2144 privatos
1388 2066 1811 2143 quereretur3
1856 2082 2048 2140 nunc,
2096 2082 2300 2144 quum
2334 2067 2644 2145 pacatam
2679 2082 2720 2125 a
2742 2061 2949 2125 Decio

629 2172 893 2249 gentem
953 2167 1039 2232 ad
1083 2167 1333 2233 bellum
1376 2168 1691 2232 Romanis
1737 2167 2112 2233 faciendum
2159 2169 2558 2234 concitatam
2604 2167 2950 2251 significet,

625 2295 760 2339 non
837 2273 1099 2356 dubito,
1168 2276 1328 2357 quin
1372 2256 1771 2358 ‘scripseritt
1841 2275 2376 2358 Tranquillas
2441 2296 2572 2340 res
2639 2276 2803 2340 iam
2872 2276 2947 2337 ln

625 2380 1011 2448 Etruscis
1080 2383 1460 2448 turbavit
1525 2381 1673 2447 def.
1742 2383 1854 2462 U.,
1923 2384 2436 2467 praepositioque
2503 2390 2653 2467 post
2723 2403 2781 2446 n
2844 2405 2953 2449 ex-

632 2488 887 2568 ciderit,
933 2496 1010 2555 ut
1054 2489 1239 2570 XXI,
1296 2495 1400 2571 43,
1465 2495 1540 2554 18
1589 2491 2055 2574 (procedam
2112 2490 2410 2572 aciem),
2459 2490 2699 2570 XXIII,
2761 2495 2868 2570 29,
2915 2496 2951 2555 7

633 2596 749 2678 (eo
819 2618 939 2681 pro
1006 2598 1084 2662 in
1154 2619 1241 2664 eo
1309 2604 1465 2682 post
1529 2598 1944 2683 patriam),
2003 2598 2245 2679 XXVI,
2316 2603 2427 2680 22,
2497 2604 2534 2664 9
2594 2597 2693 2681 (in
2748 2598 2951 2681 Put.),

629 2704 892 2785 XXVII,
953 2709 1010 2785 5,
1071 2710 1110 2769 4
1159 2712 1225 2770 et
1273 2710 1371 2787 15,
1419 2712 1460 2771 4
1507 2709 1601 2789 (in
1650 2707 1926 2789 eodem),
1987 2707 2287 2786 XXXIII,
2346 2712 2444 2787 34,
2507 2713 2542 2772 5
2591 2707 2949 2789 (legato-

629 2835 795 2878 rum
863 2815 1250 2879 civitates
1315 2836 1435 2899 pro
1495 2815 1643 2898 leg.
1689 2815 1769 2879 in
1836 2816 2281 2897 civitates),
2348 2815 2653 2894 XXXIV,
2727 2818 2843 2894 13,
2915 2820 2951 2879 7

633 2920 895 3003 (quum
939 2922 1345 3006 Hispania
1386 2943 1506 3005 pro
1553 2944 1791 3005 quum
1834 2925 1914 2987 in
1958 2922 2234 3006 Hisp.).
2341 2922 2494 3003 Cir„
2541 2944 2686 3005 quae
2734 2923 2953 2988 dicam

633 3028 719 3093 ad
766 3029 999 3110 XXIV,
1048 3034 1105 3109 ’7,
1150 3028 1285 3111 4.¹)

804 3135 962 3221 Cap.
1010 3141 1112 3217 44,
1161 3143 1202 3202 4
1249 3135 1360 3218 (de
1405 3137 1653 3202 biennii
1702 3138 2086 3203 consulibus
2133 3125 2185 3203 a*
2219 3139 2292 3203 L.
2339 3138 2577 3204 Pisone
2626 3138 2952 3220 omissis):

631 3244 1133 3309 Memoriane
1212 3244 1521 3327 fugerit
1597 3245 1678 3309 in
1757 3245 2207 3311 annalibus
2288 3245 2772 3328 digerendis
2857 3268 2954 3312 an

632 3350 1017 3417 consulto
1085 3352 1321 3416 binos
1377 3352 1764 3417 consules
1817 3387 1906 3397 —
1962 3355 2608 3433 transcenderit,
2679 3354 2956 3420 incer·

630 3465 792 3521 tum
869 3466 1014 3522 est.
1135 3457 1365 3541 Neque
1442 3460 1837 3525 memoria
1913 3460 2196 3543 fugere
2278 3461 2688 3545 (aliquem)
2765 3468 2954 3528 recte

633 3565 875 3629 dicitur
921 3564 1022 3645 (ut
1066 3567 1154 3630 sit
1199 3564 1590 3648 deficere)
1639 3588 1871 3651 neque,
1918 3569 2095 3651 quod
2140 3576 2298 3652 post
2330 3568 2958 3634 Drakenborchium

631 3671 1206 3738 Weissenbornius
1274 3673 1571 3756 praefert,
1650 3678 2035 3740 memoria
2113 3676 2436 3761 aliquid
2500 3676 2786 3759 fugere
2859 3675 2957 3758 (in

633 3799 764 3861 qua
809 3781 1222 3845 enarratione
1266 3786 1588 3863 praeterea
1633 3782 1887 3847 nullum
1933 3789 2037 3848 est
2070 3785 2251 3849 verbi
2291 3783 2705 3866 subiectum).
2779 3782 2958 3849 Scri·

631 3885 918 3951 bendum
964 3888 1224 3953 videtur
1267 3888 1757 3955 Memoriane
1816 3889 2207 3971 defuerit,
2269 3913 2346 3957 eo
2408 3893 2673 3976 quidem
2717 3893 2957 3974 magiS,

633 3993 811 4076 quod
857 3995 924 4058 in
971 3996 1340 4076 codicibus,
1397 4019 1528 4062 uno
1587 4002 1656 4062 et
1712 3998 1922 4063 altero
1979 4000 2433 4066 recentissimo
2481 4005 2788 4083 except0‚
2852 4006 2960 4065 est

689 4261 737 4328 ¹)
773 4261 928 4332 [Cap.
966 4266 1049 4332 42,
1087 4268 1119 4319 3
1166 4283 1214 4319 a.
1256 4268 1385 4321 1861
1435 4269 1787 4323 abdicarit
1832 4286 1936 4337 pro
1985 4270 2359 4325 abdicavit
2402 4271 2638 4325 restitui.
2730 4271 2953 4324 Admo-

771 4348 926 4402 nitus
962 4350 1454 4503 Wfissenbornius
1503 4354 1651 4407 idem
1690 4370 1722 4406 a
1757 4353 2034 4422 Rupertio
2074 4356 2326 4424 sumpsit.
2395 4354 2523 4422 Cfr.,
2560 4373 2684 4423 quae
2723 4354 2845 4408 dixi
2885 4354 2962 4408 ad

769 4451 815 4488 c.
855 4436 937 4500 25,
975 4437 1021 4488 5.
