3230 5282
557 576 682 631 Lib.
711 576 812 633 IV.
1656 566 1778 628 110

560 770 712 815 non
785 750 1170 829 sancitiS,
1237 769 1331 814 ne
1400 749 1568 814 cet?
1635 748 1878 814 Verum
1931 749 2219 815 alienum
2275 771 2546 835 prorsus
2602 750 2686 817 ab
2740 751 2867 816 hac

561 855 1043 940 significatione
1123 861 1223 921 est
1302 853 1787 922 conferendi
1854 856 2143 924 verbum.
2268 856 2503 941 Itaque
2568 857 2863 925 Draken-

559 965 872 1032 borchius
917 972 985 1030 et
1028 970 1182 1049 post
1226 986 1373 1030 eum
1418 964 1534 1030 alii
1577 972 1888 1031 enarrant
1945 965 2184 1032 simul
2242 973 2317 1032 et
2361 967 2638 1033 eodem
2681 974 2867 1033 tem-

560 1091 756 1158 pore
812 1073 845 1137 f
851 1094 1045 1138 erre,
1161 1070 1288 1137 Sed
1333 1077 1776 1158 praeterquam
1823 1075 2000 1158 quod
2042 1075 2172 1158 ipsi
2217 1073 2639 1155 confitentur,
2704 1097 2865 1140 nun-

561 1202 758 1264 quam
825 1182 921 1246 sic
985 1181 1278 1265 positum
1344 1180 1474 1263 legi
1539 1182 2157 1265 pervagatissimum
2224 1184 2511 1248 omnium
2574 1183 2864 1262 verbum,

561 1288 1051 1368 obliviscuntur,
1098 1289 1380 1372 primum
1427 1286 1814 1370 conferre,
1861 1290 1918 1355 si
1960 1291 2058 1355 ita
2103 1289 2450 1371 diceretur,
2498 1290 2867 1375 significare
2916 1342 2919 1343 ν

561 1396 800 1462 debere
868 1396 1104 1462 simul
1171 1394 1424 1479 (plures
1491 1403 1609 1462 aut
1676 1386 1821 1462 cum
1879 1397 2055 1480 aliis)
2112 1395 2362 1479 ferre,
2429 1419 2560 1464 non
2627 1399 2867 1464 simul

560 1504 814 1585 aliud,
886 1504 1122 1570 deinde
1180 1503 1343 1568 nihil
1397 1504 1777 1570 huiusmodi
1823 1504 1981 1589 fingi
2025 1526 2225 1589 posse
2270 1507 2339 1571 in
2386 1507 2552 1572 certi
2595 1511 2663 1572 et
2705 1506 2867 1590 legi-

556 1614 702 1678 timi
777 1634 938 1678 usus
1016 1612 1214 1677 verbo
1295 1611 1693 1692 (technicum
1759 1612 2156 1697 appellant);
2233 1615 2360 1679 nisi
2427 1614 2599 1680 forte
2666 1614 2865 1679 etiam

561 1720 999 1788 conscribo
1058 1725 1126 1785 et
1180 1718 1521 1785 condico
1571 1741 1713 1785 esse
1760 1721 2064 1800 scribo,
2133 1720 2310 1786 dico
2356 1728 2756 1805 praeterea
2799 1728 2871 1786 et

560 1829 799 1895 similia
840 1827 1165 1912 fingimus.
1268 1825 1516 1908 (Nihilo
1563 1828 1843 1894 meliora
1883 1828 2229 1894 Ernestius
2275 1829 2362 1894 ad
2409 1827 2585 1895 Suet.
2635 1826 2864 1894 Claud.

561 1938 689 2021 38.)
802 1936 1171 2020 Scripserat
1226 1934 1477 2000 Livius:
1549 1933 1706 2000 Cur
1761 1938 1974 2001 enim
2028 1957 2184 2002 non
2241 1936 2516 2017 fertis,
2581 1957 2678 2001 ne
2739 1943 2865 2002 cet.

559 2046 650 2112 Ut
713 2045 1068 2127 aliquoties
1126 2063 1204 2107 ex
1259 2064 1414 2108 non
1474 2064 1620 2108 con
1674 2049 1902 2108 natum
1959 2049 2058 2109 est
2114 2065 2289 2124 con,
2359 2045 2570 2110 altera
2615 2043 2869 2127 syllaba

559 2154 803 2220 extrita
848 2150 956 2233 (de
1004 2172 1132 2235 quo
1181 2171 1420 2233 genere
1467 2150 1680 2215 dicam
1726 2150 1812 2216 ad
1839 2150 2066 2232 XLIV,
2112 2155 2215 2232 27,
2266 2151 2349 2233 1),
2396 2153 2490 2217 sic
2533 2152 2864 2217 interdum

559 2284 640 2327 ex
706 2283 862 2327 non
921 2265 1037 2325 aut
1095 2278 1238 2323 con
1296 2259 1735 2342 geminatione
1794 2265 2021 2324 natum
2078 2265 2181 2325 est
2233 2280 2387 2325 non
2444 2281 2619 2339 con,
2688 2260 2868 2325 velut

559 2367 732 2452 apud
776 2365 1159 2432 Ciceronem
1204 2365 1390 2432 Tusc.
1440 2365 1514 2446 V,
1562 2369 1664 2445 33,
1722 2370 1805 2431 94
1860 2388 2012 2432 non
2059 2373 2581 2433 contemnunt
2627 2367 2868 2433 scribe-

557 2475 757 2542 batur
810 2495 930 2558 pro
988 2479 1540 2553 contemnunt,
1607 2473 1789 2557 quod
1845 2473 2211 2558 Tregderus
2274 2496 2380 2540 me
2438 2480 2708 2542 auctore
2764 2496 2868 2539 re-

558 2583 795 2663 stituit,
843 2588 909 2648 et
941 2603 1059 2667 pro
1096 2579 1258 2648 Caec.
1298 2584 1398 2662 24,
1448 2585 1527 2647 67
1563 2602 1683 2666 pro
1720 2587 1961 2649 antea
1994 2585 2602 2650 commemoravi
2641 2604 2866 2649 omnes

556 2691 812 2757 codices
857 2690 1106 2755 habent
1148 2711 1376 2773 prave:
1425 2696 1670 2755 antea
1712 2713 1867 2756 non
1914 2693 2546 2758 commemoravi.

419 2816 525 2883 (91)
737 2797 893 2883 Cap.
934 2803 991 2877 5,
1043 2802 1079 2861 3
1126 2796 1220 2879 (in
1267 2795 1564 2863 Canuleii
1612 2798 1974 2881 oratione):
2023 2796 2249 2879 Quid,
2296 2801 2361 2864 si
2407 2819 2581 2878 non,
2630 2819 2870 2883 quan-

554 2915 717 2972 tum
781 2908 964 2972 istae
1029 2907 1254 2971 minae
1320 2905 1709 2973 adversus
1775 2906 2045 2990 plebis
2112 2927 2593 2973 consensum
2649 2907 2869 2971 vale-

555 3021 766 3094 rent,
835 3014 958 3079 bis
1028 3015 1183 3079 iam
1252 3015 1572 3097 experti
1642 3014 1987 3079 essetis?
2058 3012 2182 3091 Qui
2250 3016 2317 3078 in
2383 3014 2502 3080 tali
2571 3015 2871 3079 oratione

556 3122 741 3206 (post
807 3121 952 3186 illa:
1032 3128 1116 3187 tu
1199 3121 1478 3187 statim
1558 3127 2068 3187 sacramento
2147 3122 2517 3188 iuniores
2586 3121 2870 3206 adiges

556 3229 755 3312 cet.‘?)
823 3231 919 3295 ita
985 3232 1356 3313 interrogat
1415 3228 1670 3311 (quid,
1742 3230 1807 3293 si
1874 3250 2030 3295 non
2088 3232 2413 3313 experti
2471 3227 2867 3309 essetis?),

555 3340 612 3402 is
660 3337 1017 3422 significat,
1084 3335 1381 3402 futurum
1438 3335 1719 3402 forsitan
1774 3334 2007 3416 fuisse,
2077 3344 2150 3402 ut
2193 3337 2567 3420 indigniora
2611 3344 2678 3402 et
2721 3358 2869 3421 gra-

556 3446 740 3510 viora
782 3443 1046 3522 fierent,
1105 3466 1249 3526 quae
1306 3444 1637 3509 sententia
1680 3443 1766 3509 ab
1812 3444 1938 3510 hoc
1979 3446 2125 3511 loco
2172 3444 2393 3511 aliena
2437 3452 2570 3524 est,
2628 3446 2695 3510 in
2741 3463 2869 3528 quo

554 3551 859 3617 tribunus
926 3552 1156 3615 inanes
1226 3549 1588 3615 adversarii
1655 3552 1864 3618 minas
1933 3573 2075 3620 esse
2142 3552 2461 3633 ostendit;
2530 3552 2599 3618 id
2656 3552 2869 3636 dupli—

557 3660 722 3724 citer
777 3660 1029 3724 usitata
1083 3657 1294 3723 forma
1348 3657 1492 3722 fieri
1549 3665 1845 3742 poterat,
1903 3665 2018 3726 aut
2061 3660 2562 3744 interrogando:
2632 3659 2867 3742 quid?
2988 3681 2993 3685 ·

557 3789 712 3833 non
755 3802 844 3811 —
888 3767 1213 3850 experti
1259 3767 1513 3831 estis?
1581 3772 1699 3831 aut
1742 3768 1866 3832 sic:
1938 3769 2175 3850 quasi
2217 3789 2376 3834 non
2416 3802 2504 3812 —-
2548 3768 2871 3851 experti

557 3875 881 3939 essetis.
1004 3873 1220 3957 Atque
1298 3873 1426 3940 hoc
1492 3873 1577 3939 ad
1648 3874 1908 3940 codices
1975 3875 2184 3941 multo
2251 3877 2527 3960 propius
2596 3873 2869 3940 accedit.

559 3980 689 4047 Sed
735 3982 848 4066 qui
892 3981 1242 4047 vitabimus
1290 4002 1520 4048 eorum
1565 3988 2054 4066 argumentum,
2113 3983 2226 4066 qui
2272 3982 2510 4062 dicent,
2562 3982 2869 4047 Latinam

557 4089 1096 4154 consuetudinem
1154 4090 1529 4173 postulare,
1599 4097 1675 4155 ut
1737 4092 1806 4155 in
1872 4090 1999 4155 hac
2065 4091 2386 4156 orationis
2442 4090 2654 4156 forma
2709 4089 2869 4154 scri-

556 4198 785 4262 batur:
833 4198 1065 4279 quasi
1112 4219 1265 4262 non
1308 4234 1395 4242 —
1439 4199 1760 4280 experti
1807 4198 2042 4262 sitis?
2105 4197 2431 4282 Equidem
2475 4219 2605 4262 non
2649 4195 2869 4274 vide03

557 4326 710 4370 nam
756 4303 924 4369 alius
967 4305 1224 4388 generis
1269 4304 1365 4368 illi
1411 4306 1542 4370 loci
1588 4311 1772 4384 sunt,
1840 4304 1908 4368 in
1963 4305 2203 4387 quibus
2263 4313 2498 4391 aperta
2543 4311 2645 4370 est
2688 4325 2866 4370 com-

558 4412 822 4496 paratio
890 4433 1037 4476 cum
1094 4412 1471 4478 condicione
1527 4411 1685 4477 ficta
1740 4412 1857 4493 (eo
1918 4412 2180 4478 animo
2235 4420 2314 4480 te
2370 4413 2610 4479 velim
2670 4432 2869 4492 esse,
