3230 5282
1416 612 1539 672 205
2374 626 2496 679 Lib.
2535 625 2629 678 IX,

337 797 589 875 cambit,
639 797 1082 865 coniunctioni
1126 799 1581 881 praepositum3
1641 820 1792 863 nam
1837 799 1891 862 si
1938 798 2002 862 in
2049 800 2397 863 contrariis
2447 799 2629 864 lude-

336 916 536 984 retur,
607 907 784 989 quod
845 908 1064 991 inepte
1121 928 1277 971 sane
1336 906 1525 972 fieret
1570 909 1637 972 in
1683 930 1755 972 re
1802 908 2214 989 gravissima,
2284 908 2628 972 dicendum

337 1025 498 1081 erat:
583 1038 998 1099 equosque
1067 1015 1241 1079 dum
1310 1024 1695 1093 onerant,
1764 1016 1989 1099 ipsos
2070 1016 2295 1080 caede.
2424 1017 2630 1081 Recta

336 1127 546 1190 omnia
613 1131 810 1189 erunt
875 1125 1219 1206 geminatis
1287 1124 1545 1189 duabus
1612 1126 1881 1189 litteris:
1936 1161 2023 1169 ·--
2078 1126 2482 1204 invenies;
2553 1145 2628 1186 se

335 1256 737 1316 equosque
789 1232 963 1296 dum
1009 1232 1282 1316 praeda
1330 1242 1709 1313 onerant,
1772 1234 1980 1297 caede
2028 1239 2150 1298 cet.
2251 1234 2451 1297 Recte
2498 1234 2627 1297 iam

336 1344 391 1407 in
439 1345 587 1427 ipso
624 1342 966 1407 sententiae
1002 1341 1189 1405 initio
1228 1341 1619 1407 admonetur
1657 1343 1920 1421 Fabius,
1955 1364 2083 1406 non
2119 1342 2334 1405 minus
2372 1341 2628 1423 equites

335 1452 506 1534 ipsos
553 1473 752 1533 quam
799 1472 1005 1533 equos
1054 1452 1310 1513 onerari
1357 1456 1423 1514 et
1467 1452 1861 1533 impediri.¹)

1282 1643 1463 1726 Lib.
1529 1644 1672 1726 IX.
2657 1683 2796 1747 (174)

501 1779 657 1863 Cap.
708 1784 777 1857 3,
837 1782 873 1840 3
930 1776 1023 1857 (in
1081 1777 1488 1842 sermonibus
1547 1784 1614 1842 et
1669 1777 1951 1859 querelis
2006 1778 2285 1842 militum
2333 1778 2627 1842 Furculis

334 1888 644 1952 Caudinis
700 1885 1130 1965 inclusorum)
1192 1892 1367 1949 recte
1427 1887 1493 1949 in
1541 1886 1763 1950 codice
1808 1886 2053 1950 recenti
2099 1892 2165 1950 et
2211 1886 2627 1969 interpolato,

337 1997 817 2073 (iaertneriano‚
898 1993 1236 2058 scribitur:
1327 1994 1517 2057 Dum
1595 1995 1754 2058 haec
1821 1994 2355 2059 imminebunt
2420 1996 2625 2074 iuga,

336 2127 482 2186 qna
541 2112 623 2169 tu
681 2104 777 2168 ad
833 2102 1151 2167 hostem
1209 2103 1533 2167 venias?
1601 2125 1720 2186 pro
1768 2104 2058 2168 venies.
2161 2103 2389 2187 Neque
2436 2104 2625 2181 enim,

337 2216 439 2296 qui
486 2213 760 2296 loquens
805 2211 1171 2289 inducitur,
1240 2232 1391 2274 vere
1438 2233 1517 2275 ex
1563 2213 1775 2277 altero
1823 2211 1946 2275 hoc
1992 2213 2246 2295 quaerit,
2316 2212 2430 2276 sed
2474 2212 2629 2275 ficta

337 2323 653 2386 communi
743 2341 1024 2405 persona
1115 2320 1577 2401 interrogando
1659 2320 1742 2384 ad
1822 2319 2077 2384 hostem
2116 2376 2121 2383 .
2154 2322 2357 2385 veniri
2436 2342 2628 2403 posse

338 2437 558 2511 negat,
628 2428 857 2493 eadem
926 2428 1282 2505 sententia,
1353 2449 1483 2510 qua
1551 2429 1689 2493 haec
1757 2428 1949 2493 dicit:
2033 2430 2197 2507 Quo
2266 2436 2406 2494 aut
2472 2450 2627 2511 qua

339 2539 647 2602 eamus?
714 2537 911 2621 Certa
969 2542 1067 2601 est
1124 2536 1189 2600 in
1245 2538 1371 2601 hoc
1417 2556 1653 2617 genere
1701 2539 2020 2602 sermonis
2067 2538 2190 2605 lex.
2291 2536 2432 2617 (Gr.
2483 2538 2625 2601 Lat.

341 2646 370 2729 ᾗ
417 2652 568 2728 370,
636 2646 1132 2730 Bemerkungen
1193 2647 1357 2711 iiber
1412 2647 1625 2729 einige
1683 2647 1938 2712 Punkte
1997 2648 2115 2711 der
2158 2646 2299 2711 Lat.
2350 2646 2627 2730 Sprach-

340 2755 510 2820 lehre
557 2780 619 2840 p.
671 2757 801 2835 73.)
893 2754 1077 2837 [Adv.
1130 2753 1284 2819 Crit.
1332 2755 1395 2818 ΙΙ
1441 2778 1500 2838 p.
1553 2754 1797 2837 547.]2)

394 2966 437 3030 ι)
475 2965 536 3018 ln
593 2965 864 3033 proximis
919 2964 1102 3017 verbis
1158 2965 1298 3032 (cap.
1355 2966 1446 3030 39,
1510 2965 1554 3030 1)
1611 2966 1750 3018 scire
1804 2965 1998 3031 velim,
2050 2964 2347 3025 dicaturne
2400 2965 2626 3019 Latine:

470 3053 679 3116 acies,
716 3051 935 3119 qualis
973 3067 1119 3118 quae
1158 3067 1306 3103 esse
1343 3051 1906 3103 instructissima
1934 3056 2198 3119 potest;
2236 3051 2628 3118 exspectabam

471 3140 643 3191 cuim:
684 3137 909 3204 qualis
948 3153 1095 3189 esse
1133 3137 1683 3191 instructissima
1716 3141 1976 3206 potest,
2014 3142 2075 3189 ut
2112 3137 2339 3188 dicitur:
2379 3141 2631 3202 quanta

471 3241 615 3277 esse
672 3223 963 3275 maxima
1014 3225 1266 3291 potest.
1363 3222 1559 3290 Longe
1614 3222 1762 3276 enim
1819 3223 1983 3276 aliter
2039 3222 2266 3274 dicitur:
2333 3227 2463 3273 tam
2521 3222 2626 3274 in-

476 3315 741 3363 structa
803 3326 996 3377 quam
1060 3324 1201 3375 quoe
1263 3307 1837 3374 instructissima;
1900 3326 2000 3361 nec
2063 3308 2151 3360 hee
2216 3306 2407 3360 formae
2472 3307 2630 3359 facile

475 3395 741 3450 confundi
779 3398 1055 3463 poterant.
1137 3393 1321 3446 Haesit
1358 3394 1521 3446 ctiam
1559 3394 2060 3448 Weissenbornius.
2142 3393 2269 3458 Cap.
2308 3396 2400 3458 40,
2444 3396 2479 3446 4
2518 3411 2630 3446 non

473 3488 607 3550 puto
646 3486 797 3534 recte
837 3480 972 3533 dici:
1011 3479 1282 3532 familia
1325 3479 1404 3532 ad
1441 3497 1507 3532 se
1544 3478 2222 3549 quaeque—trahunt.
2278 3478 2451 3533 Recte
2483 3479 2627 3532 enim

473 3569 762 3636 quisque
812 3565 954 3635 (pro
999 3583 1064 3619 se
1111 3565 1428 3633 quisque,
1475 3564 1600 3631 cet.)
1649 3566 2002 3634 appositione
2040 3564 2363 3633 adiungitur
2400 3564 2471 3617 ad
2506 3565 2630 3619 sub-

472 3653 674 3707 iectum
723 3652 955 3721 pluralis
1001 3651 1218 3705 numeri
1266 3651 1380 3704 sive
1428 3668 1754 3719 expressum
1791 3652 1908 3704 sive
1945 3669 2013 3705 ex
2049 3652 2339 3720 superiore
2375 3651 2629 3704 oratione

476 3739 722 3792 auditum
779 3742 836 3790 et
888 3738 948 3790 in
1003 3738 1174 3790 verbo
1227 3737 1435 3803 latenti,
1490 3743 1554 3791 ut
1600 3742 1657 3791 et
1701 3737 2012 3791 communis
2063 3737 2307 3790 omnium
2345 3743 2401 3790 et
2438 3738 2624 3790 unius·

473 3826 732 3892 cuiusque
780 3823 927 3876 actio
975 3822 1480 3891 comprehendatur
1528 3821 1659 3890 (quo
1709 3823 1996 3890 pertinent
2032 3823 2285 3890 exempla
2321 3840 2354 3875 a
2387 3821 2631 3875 Draken-

477 3908 702 3962 borchio
766 3908 835 3961 ad
881 3908 960 3972 II,
1015 3911 1107 3975 22,
1152 3911 1185 3961 7
1223 3909 1473 3972 laudata;
1528 3909 1635 3961 etsi
1689 3906 1826 3976 quid
1878 3908 2070 3961 notius
2124 3914 2221 3961 aut
2273 3908 2628 3975 pervagatius

475 3995 633 4061 esst),
690 3994 788 4047 scd
841 3993 1108 4047 familia
1159 4011 1442 4062 qumque
1487 3994 1776 4047 trahunt
1811 3998 1869 4047 et
1903 3998 2120 4046 naturae
2159 3993 2414 4045 vocabuli
2452 3993 2625 4060 quis·

475 4081 590 4146 que
636 4085 694 4132 et
739 4080 1010 4134 sermonis
1049 4079 1160 4147 legi
1198 4096 1510 4148 repugnare
1549 4079 1772 4133 videtur
1807 4096 1910 4132 nec
1948 4080 2202 4147 exemplo
2240 4079 2352 4131 ullo
2391 4078 2627 4131 defendi.

477 4163 637 4219 Recte
673 4166 734 4219 in
768 4167 954 4219 tribus
990 4166 1281 4219 codicibus
1318 4166 1636 4219 recentibus
1676 4164 1940 4218 scribitur
1966 4165 2309 4219 coniectura:
2347 4163 2627 4217 familiae

478 4250 548 4303 sd
583 4268 650 4304 se
686 4267 976 4322 quaeque
1010 4279 1077 4287 —
1115 4251 1418 4304 trahunt,

392 4334 443 4395 ')
482 4331 658 4400 [Libet
719 4336 977 4405 exemplo
1033 4337 1346 4400 ostendere,
1412 4335 1885 4404 quemadmodum
1935 4336 2257 4406 redarguar.
2339 4333 2630 4387 Adscribit

479 4418 957 4476 Weissenbornius
991 4422 1099 4476 Cic.
1120 4421 1315 4475 Parad.
1337 4423 1420 4489 26,
1450 4422 1547 4475 ubi
1577 4421 1770 4475 Cicero
1809 4426 2040 4488 certum,
2075 4440 2312 4490 quocum
2343 4421 2625 4487 colloqua-

480 4510 585 4574 tur,
628 4508 912 4562 hominem
949 4508 1168 4561 induxit
1206 4505 1260 4577 (ἓ
1298 4510 1385 4562 23:
1435 4507 1563 4561 Sed
1608 4512 1831 4562 tamon
1876 4524 2104 4576 quoero
2149 4525 2226 4560 ex
2270 4505 2381 4576 te),
2431 4506 2500 4559 de
2537 4505 2626 4570 Or,
