3230 5282
1361 604 1484 665 259
2267 614 2391 669 Lib.
2428 615 2576 671 XXI.

291 786 444 868 quod
498 807 576 851 ex
623 787 881 853 duobus
928 786 1207 866 coaluit,
1272 807 1407 852 una
1451 786 1679 852 littera
1725 786 2056 865 detracta,
2113 792 2375 852 mutata
2416 809 2576 853 una:

289 891 415 958 hoc
456 929 533 939 —-
582 894 769 976 iter,
828 917 986 979 quo
1045 915 1194 960 nec
1252 901 1539 960 orator
1583 892 2087 959 Hannibalis
2131 916 2278 960 nec
2321 902 2578 962 trans-

290 999 457 1086 fuga
523 1002 623 1068 ad
690 1024 829 1069 vos
897 1002 1097 1083 xre-13
1166 1008 1280 1065 set
1336 1024 1570 1086 quum
1624 1001 1769 1067 ille
1830 1007 1953 1066 cet.
2063 1001 2164 1067 Ex
2216 1003 2399 1069 veni
2456 1011 2580 1069 set

287 1107 515 1175 factum
601 1111 999 1191 venisset,
1095 1109 1332 1176 deinde
1421 1111 1845 1189 venissem,
1935 1108 2264 1193 frequenti
2340 1132 2578 1193 genere

287 1218 513 1299 mendi,
579 1225 657 1283 ut
710 1224 831 1284 aut
886 1224 1008 1284 set
1065 1217 1398 1284 coalescat
1453 1239 1601 1283 cum
1647 1217 1847 1283 verbo
1892 1218 2291 1302 praecedenti
2337 1226 2455 1285 aut
2500 1241 2579 1284 ex

289 1345 350 1390 eo
413 1325 731 1393 distracto
789 1326 1062 1393 oriatur.
1174 1325 1546 1408 (vicisse,
1596 1347 1678 1392 ex
1742 1326 1954 1391 vinci
2025 1325 2162 1391 sed
2229 1332 2446 1391 ortum
2512 1328 2580 1392 in

288 1431 531 1501 Catonis
586 1434 807 1500 verbis
864 1433 1042 1517 apud
1101 1432 1265 1499 Gell.
1312 1433 1464 1513 VH,
1526 1437 1564 1499 3
1623 1435 1877 1499 correxi
1924 1432 2160 1518 Opusc.
2206 1433 2270 1498 11
2314 1457 2377 1518 p.
2430 1438 2568 1499 125.
2610 1447 2747 1507 wa)

289 1539 410 1606 Lib.
472 1542 686 1623 XLV,
776 1545 885 1622 13,
969 1546 1044 1606 13
1122 1542 1191 1605 in
1274 1541 1554 1607 Vindob.
1623 1562 1742 1626 pro
1818 1541 2186 1606 misisset
2263 1543 2582 1627 scriptum

288 1649 491 1715 misit
535 1649 802 1733 sed.)¹)

442 1755 597 1842 Cap.
663 1761 773 1837 19,
844 1762 881 1823 9
952 1756 1047 1840 (in
1115 1777 1464 1842 response,
1533 1756 1714 1839 quod
1778 1756 2100 1821 maximus
2151 1763 2314 1822 natu
2369 1760 2581 1840 gentis

289 1862 737 1930 Volcianorum
780 1864 1015 1949 legatis
1058 1865 1375 1930 Romanis
1423 1864 1685 1929 dedisse
1729 1862 2096 1945 narratur):
2145 1863 2325 1943 Quae
2370 1870 2581 1931 vere-

287 1970 565 2037 cundia
631 1978 785 2051 est,
855 1973 1220 2054 Romani,
1297 1970 1727 2056 postulare
1794 1992 1962 2051 vo8,
2029 1973 2152 2036 uti
2218 1979 2579 2039 vestram

291 2075 1078 2163 Carthaginiensium
1166 2079 1547 2145 amicitiae
1635 2098 2234 2163 praeponamuS,
2324 2102 2577 2164 quum,

284 2186 412 2266 qui
453 2187 527 2252 id
573 2186 955 2253 fecerunt
998 2187 1450 2271 Saguntini,
1498 2186 1937 2266 crudelius,
1985 2207 2216 2271 quam
2260 2188 2576 2254 Poenus

283 2290 525 2359 hostis
569 2294 961 2379 perdidit,
1006 2318 1145 2362 vos
1193 2295 1396 2361 socii
1442 2294 2033 2379 prodideritis?
2101 2292 2208 2359 Sic
2251 2295 2577 2362 Weissen-

286 2398 542 2468 bornius
578 2404 867 2488 scripsit,
913 2403 1208 2469 codicum
1244 2410 1311 2468 et
1343 2403 1741 2488 optimorum
1775 2403 2067 2468 omnium
2090 2401 2578 2486 (CMCantabr.)

287 2515 343 2572 et
374 2511 634 2576 maioris
671 2511 885 2595 partis
911 2511 1315 2576 deteriorum
1339 2512 1809 2577 auctoritatem
1833 2516 2117 2590 secutuS,
2154 2532 2357 2593 quum
2382 2519 2581 2577 antea

289 2615 602 2683 ederetur:
660 2640 916 2704 quum,
962 2620 1096 2703 qui
1141 2618 1221 2685 id
1266 2618 1654 2699 fecerunt,
1702 2617 2193 2700 Saguntinos
2241 2625 2364 2685 cet.
2449 2617 2580 2685 Sed

289 2734 578 2809 apparet,
635 2726 883 2794 frustra
941 2726 1201 2793 defendi
1255 2727 1438 2792 illam
1483 2727 1867 2792 nominativi
1912 2726 1996 2791 ad
2040 2727 2434 2792 sententiam
2478 2749 2580 2791 re-

284 2830 534 2898 lativam
600 2834 1120 2916 adiunctionem3
1187 2857 1338 2901 nam
1409 2842 1475 2901 et
1544 2834 1878 2900 delitescit
1942 2836 2041 2899 ita
2097 2855 2176 2900 ea
2231 2835 2445 2916 notio,
2513 2836 2579 2898 in

286 2959 404 3021 qua
471 2941 727 3027 pondus
787 2944 1101 3009 orationis
1159 2949 1289 3021 est,
1358 2949 1426 3008 et
1479 2962 1688 3027 prava
1742 2943 2124 3026 partitionis
2183 2941 2575 3024 significatio

289 3048 497 3129 oritur,
554 3052 747 3132 quasi
794 3050 1050 3134 aliquot
1093 3051 1624 3134 Saguntinorum,
1670 3070 1801 3114 non
1848 3070 2089 3129 omnes,
2135 3049 2580 3115 Romanorum

289 3157 625 3222 amicitiam
682 3158 1100 3242 praetulerint
1154 3156 1242 3240 (ii
1298 3157 1761 3241 Saguntini,
1832 3155 2013 3239 qui).
2118 3156 2286 3235 Quid
2332 3157 2578 3240 igitur?

285 3264 770 3331 restituemusne
849 3266 1297 3331 accusativum
1366 3271 1599 3331 contra
1668 3264 1976 3330 codices?
2054 3264 2191 3328 Imo
2259 3263 2579 3344 tollemus,

289 3371 528 3453 opinor,
584 3379 794 3439 totam
837 3395 1065 3440 vocem
1115 3374 1413 3439 additam
1460 3372 1846 3438 declarandi
1893 3392 2122 3452 causa,
2182 3373 2294 3456 qui
2344 3380 2578 3452 essent,

288 3497 434 3556 quos
481 3480 700 3545 Livius
746 3482 986 3547 omisso
1031 3483 1292 3547 nomine
1336 3479 1796 3564 significasset,
1862 3479 1978 3544 sed
2024 3479 2339 3560 additam,
2405 3480 2581 3563 quod

286 3581 636 3653 huiusmodi
705 3588 1241 3673 interpolationis
1309 3587 1748 3654 certissimum
1782 3586 2120 3652 indicium
2178 3594 2308 3669 est,
2374 3609 2578 3673 pravo

289 3711 428 3758 casu
484 3694 942 3777 (nominativo,
1012 3703 1202 3762 extra
1257 3717 1497 3762 nexum
1541 3694 1920 3782 orationis);
1986 3701 2218 3761 notata
2260 3696 2396 3761 iam
2442 3696 2580 3762 eius

287 3800 369 3863 rei
434 3802 728 3894 exempla
790 3805 858 3868 in
916 3804 1036 3883 IV,
1105 3808 1220 3883 32,
1289 3809 1326 3868 7
1387 3802 1581 3885 (eos)
1642 3808 1708 3867 et
1764 3802 1882 3882 VI,
1956 3807 2064 3883 17,
2131 3805 2168 3866 6
2226 3801 2394 3884 (id);
2464 3802 2582 3868 sed

335 4031 379 4100 ¹)
412 4032 538 4090 Non
585 4042 741 4092 recte
786 4040 978 4090 tamen
1024 4036 1136 4091 hoc
1183 4033 1510 4105 corrigendi
1545 4051 1751 4104 genere
1788 4052 1918 4089 usus
1956 4039 2044 4089 est
2077 4034 2368 4089 Manutius
2404 4034 2464 4089 in
2501 4035 2583 4088 Ci-

416 4123 630 4177 ceronis
676 4121 825 4175 libro
871 4119 936 4176 11
973 4120 1042 4175 de
1077 4121 1253 4191 Legg.
1292 4122 1385 4189 25,
1432 4122 1501 4174 62
1548 4118 1764 4187 (vides
1813 4119 1929 4173 sed
1972 4137 2076 4190 pro
2112 4119 2429 4188 vidisse),
2484 4121 2583 4189 qui

407 4203 557 4261 locus
601 4206 1077 4277 quemadmodum
1120 4205 1451 4262 scribendus
1501 4208 1679 4273 esset,
1723 4205 1959 4275 exposui
2004 4204 2156 4274 apud
2189 4203 2475 4260 Halmium
2523 4205 2583 4259 in

409 4288 492 4344 ed.
524 4290 828 4348 Turicensi.
884 4290 979 4365 [In
1013 4291 1160 4347 Livii
1195 4292 1324 4346 loco
1360 4289 1721 4345 Woelfflinus
1757 4289 2126 4355 venissem,
2163 4289 2312 4359 quod
2347 4306 2584 4362 pravum

410 4392 527 4430 esse
559 4376 805 4446 ostendi,
842 4381 1065 4431 retento
1106 4376 1325 4432 addidit
1361 4392 1542 4430 nunc
1571 4374 1963 4444 (venissem;
2010 4393 2189 4430 nunc
2228 4392 2424 4445 quum
2460 4374 2581 4427 ille

408 4461 552 4528 cet),
585 4461 736 4531 quod
772 4462 833 4517 in
868 4462 970 4517 illa
999 4462 1274 4518 orationis
1305 4460 1484 4515 forma
1513 4462 1711 4516 abesse
1740 4464 1996 4530 poterat;
2033 4461 2146 4515 vid.
2167 4459 2239 4515 ad
2264 4459 2364 4527 VI,
2397 4461 2478 4526 18,
2508 4455 2581 4527 6.]

2020 4562 2116 4616 1⁷¹·
