3230 5282
1453 604 1537 667 49
2443 616 2570 675 Lib.
2600 618 2648 673 1.

330 798 571 858 actus
628 796 751 856 oet.
860 788 1306 874 Significatur‚
1373 811 1506 874 quo
1575 790 1723 857 loco
1780 788 1937 874 fuga
1993 791 2394 869 constiterit,
2463 792 2647 858 cuius

330 901 431 964 rei
488 905 986 965 monumentum
1042 899 1372 965 communi
1415 899 1861 965 Romanorum
1919 899 2224 982 opinione
2278 899 2651 966 habebatur
2745 932 2748 935 ¹

333 1008 514 1075 Iovis
583 1007 871 1074 Statoris
949 1007 1264 1092 templum
1341 1006 1428 1072 ad
1503 1013 1789 1073 veterem
1856 1007 2040 1072 illam
2104 1015 2368 1092 portam
2433 1010 2648 1075 situm.

333 1116 576 1200 Itaque
656 1115 853 1200 paulo
932 1122 1087 1200 post
1161 1115 1403 1181 Metius
1475 1116 1810 1181 Romanos
1889 1116 1957 1179 in
2037 1116 2202 1182 clivo
2272 1112 2647 1201 Capitolino

333 1222 522 1291 fusos
591 1245 995 1308 persequens
1062 1245 1269 1308 prope
1337 1224 1423 1288 ad
1481 1224 1757 1289 eandem
1811 1230 2074 1307 portam
2129 1224 2369 1291 Palatii
2426 1246 2649 1309 perve-

332 1334 519 1398 nisse
567 1331 831 1397 dicitur.

513 1438 673 1525 Cap.
726 1445 839 1519 14,
899 1444 968 1520 9,
1024 1439 1137 1505 ubi
1185 1439 1405 1505 Livius
1450 1439 1808 1505 Fidenates
1853 1462 1895 1505 a
1938 1440 2218 1506 Romulo
2276 1440 2533 1505 insidiis
2581 1447 2651 1506 et

326 1548 509 1633 fugae
575 1548 994 1615 simulatione
1060 1549 1268 1615 victos
1332 1554 1594 1627 narrat,
1663 1555 1942 1633 apparet
2010 1548 2166 1614 olim
2224 1548 2389 1613 duas
2446 1546 2649 1613 fuisse

334 1657 741 1741 scripturas,
800 1655 1077 1722 alteram
1135 1678 1215 1721 ex
1271 1656 1482 1722 altera
1541 1663 1783 1734 ortam,
1843 1677 2005 1739 quas
2062 1657 2155 1721 sic
2209 1653 2526 1722 conflatas
2585 1655 2648 1738 (e

326 1765 487 1831 cod.
538 1763 927 1850 archetypo)
973 1764 1043 1830 M
1089 1766 1401 1830 servavit:
1447 1765 1676 1848 prius
1723 1785 1940 1848 paene
1987 1785 2216 1848 quam
2260 1763 2647 1829 Romulus

328 1874 646 1959 quique
726 1894 895 1939 cum
974 1894 1059 1939 eo
1140 1874 1442 1958 quique
1510 1894 1678 1937 cum
1747 1872 1974 1955 equis
2043 1871 2421 1937 abierant
2483 1873 2640 1937 visi
2678 1886 2791 1957 (42)

333 1988 608 2060 erant,
677 1982 1333 2064 circumagerent
1376 1980 1633 2046 frenis
1681 2001 1965 2065 equos;
2032 1980 2117 2044 ad
2164 2000 2313 2044 eum
2355 1980 2650 2063 proxime

328 2087 600 2154 accedit
646 2088 772 2168 LI,
829 2090 897 2153 in
945 2110 1074 2173 quo
1123 2088 1364 2154 dicitur
1409 2110 1578 2153 esse:
1649 2090 1945 2172 quique
1993 2109 2160 2152 cum
2205 2089 2435 2171 equis
2480 2086 2651 2152 abi-

336 2203 582 2262 erant
636 2198 795 2262 visi
854 2203 1116 2277 erant,
1186 2197 1444 2263 omissis
1499 2197 1716 2262 verbis
1762 2198 2060 2281 quique
2107 2218 2275 2262 cum
2320 2218 2439 2276 eo,
2506 2194 2649 2277 (sed

333 2306 546 2371 etiam
600 2306 671 2370 in
716 2304 997 2371 Medicei
1043 2306 1372 2390 scriptura
1418 2305 1769 2371 indicanda
1812 2305 2095 2370 alterum
2140 2304 2436 2389 quique
2484 2304 2649 2369 Gro-

334 2414 576 2479 novius
637 2411 917 2495 omisit),
982 2418 1122 2478 tum
1176 2413 1597 2480 Florentinus
1646 2412 1708 2478 S.
1756 2412 1965 2477 Marci
2011 2412 2215 2496 (apud
2259 2409 2648 2493 Hertzium),

336 2521 409 2585 in
456 2543 591 2606 quo
640 2521 982 2588 scribitur:
1054 2522 1353 2606 quique
1412 2542 1578 2586 cum
1626 2543 1714 2588 eo
1762 2520 2059 2605 quique
2107 2541 2276 2586 cum
2322 2521 2648 2604 equites

332 2634 588 2696 erant
643 2629 802 2696 visi
858 2637 1091 2697 erant
1137 2630 1429 2716 (punctis
1475 2629 1836 2715 suppositis
1880 2628 2095 2695 verbis
2142 2628 2434 2713 quique
2482 2649 2649 2693 cum

336 2739 677 2821 equites
736 2746 802 2805 et
855 2740 1013 2804 visi
1058 2739 1343 2821 erant).
1444 2737 1664 2805 Ceteri
1710 2737 1999 2818 codices,
2056 2758 2337 2821 quorum
2379 2736 2650 2821 aliquod

334 2852 447 2911 est
491 2854 914 2926 momentum,
961 2868 1159 2912 unam
1205 2868 1239 2912 e
1285 2845 1542 2911 duabus
1588 2847 1937 2930 scripturis
1983 2850 2227 2924 tenent,
2270 2844 2320 2909 P
2355 2850 2424 2910 et
2455 2845 2648 2940 Bam-

338 2937 688 3037 bergensis
736 2976 882 3020 cum
926 2978 1056 3022 uno
1105 2962 1172 3021 et
1216 2956 1425 3021 altero
1472 2953 1838 3038 vulgarium
1881 2954 2082 3019 hanc:
2144 2954 2438 3038 quique
2484 2975 2650 3024 cum

334 3083 439 3127 eo
500 3063 727 3147 equis
784 3064 1053 3129 ierant
1110 3063 1218 3145 (ex
1262 3085 1392 3147 qua
1436 3064 1504 3128 in
1550 3062 1787 3127 ceteris
1832 3061 2211 3145 vulgaribus
2256 3061 2504 3127 factum
2550 3069 2652 3127 est

348 3170 846 3253 interpolando:
916 3172 1211 3255 quique
1269 3192 1436 3237 cum
1492 3193 1581 3237 eo
1629 3170 1949 3255 equites
1995 3169 2288 3250 erant),
2354 3169 2650 3236 Einsied-

336 3276 553 3343 lensis
598 3286 666 3344 et
699 3277 799 3342 Hl
842 3285 909 3343 et
942 3278 1493 3345 Helmstadiensis
1531 3278 1847 3344 Gronovii
1890 3277 2090 3342 hanc:
2139 3278 2437 3361 quique
2485 3298 2655 3342 cum

342 3408 446 3452 eo
519 3386 674 3451 visi
740 3392 991 3451 erant.
1115 3386 1425 3452 Editores
1504 3386 1639 3452 fere
1708 3387 1858 3451 inde
1927 3408 1968 3451 a
2034 3385 2366 3453 Gronovio
2436 3385 2485 3449 P
2555 3407 2654 3451 se-

332 3500 674 3578 quuntur,
739 3494 868 3559 nisi
925 3494 1104 3578 quod
1149 3494 1728 3561 Weissenbornius
1787 3516 1907 3578 pro
1966 3495 2237 3559 ierant
2281 3516 2359 3559 ex
2404 3495 2470 3559 M
2516 3494 2652 3560 ab·

338 3602 626 3667 ierant
692 3601 1057 3668 substituit.
1169 3602 1413 3668 Verum
1479 3603 1546 3666 in
1613 3601 1664 3666 P
1722 3602 1851 3668 hoc
1915 3603 2061 3668 loco
2131 3602 2523 3669 deteriorem
2588 3610 2656 3668 et

341 3710 821 3794 interpolatam
857 3712 1253 3794 scripturam
1299 3716 1623 3776 retentam
1660 3731 1820 3789 esse,
1868 3711 2147 3794 primum
2184 3709 2477 3775 ostendit
2508 3711 2656 3795 ipsa

338 3816 600 3884 locutio
672 3819 906 3901 equis
974 3820 1272 3900 ierant,
1340 3818 1579 3883 Latina
1645 3817 1761 3883 illa
1828 3818 2119 3902 quidem,
2199 3817 2315 3883 sed
2381 3817 2463 3884 ab
2530 3818 2655 3884 hac

334 3927 974 3993 commemoratione
1019 3925 1189 4010 fugae
1235 3947 1446 4011 nuper
1490 3926 1817 3992 simulatae
1863 3949 2135 4011 prorsus
2182 3926 2415 4007 aliena,
2463 3928 2656 4012 quasi

336 4033 742 4100 Germanice
801 4034 1013 4099 dicas:
1083 4034 1474 4100 Romulus
1540 4035 1698 4099 und
1762 4034 2262 4119 diejenigen‚
2334 4035 2458 4101 die
2513 4037 2658 4101 mit

336 4141 510 4207 ihm
571 4143 933 4224 geritten
988 4165 1280 4223 waren;
1349 4143 1585 4209 deinde
1645 4165 1724 4208 ex
1780 4141 1939 4208 MLl
2002 4150 2311 4228 apparet,
2380 4144 2654 4229 primam

334 4248 530 4315 illius
577 4249 923 4332 scripturae
969 4250 1140 4317 hano
1184 4250 1389 4317 fuisse
1432 4250 1742 4317 formam:
1813 4252 2109 4336 quique
2169 4273 2338 4317 cum
2395 4254 2655 4337 equis3

334 4358 577 4442 itaque
624 4378 706 4423 ex
751 4357 887 4422 his:
955 4379 1129 4423 cum
1175 4380 1264 4424 eo
1312 4359 1465 4424 visi
1510 4365 1759 4438 erant,
1803 4359 2030 4425 littera
2074 4381 2110 4437 q
2158 4383 2280 4444 pro
2328 4381 2364 4421 o
2410 4362 2658 4445 scripta

330 4473 415 4531 et
459 4467 701 4532 ceteris
749 4467 919 4531 male
967 4467 1191 4532 divisis
1237 4466 1387 4549 (vis
1435 4466 1747 4548 ierant),
1805 4475 2022 4534 ortum
2066 4475 2166 4533 est
2212 4490 2380 4534 cum
2425 4470 2657 4552 equis

2163 4588 2201 4642 4
