3230 5282
1464 579 1585 640 549
2086 627 2095 640 ,
2214 586 2337 639 Lib.
2376 583 2681 639 XXXVIII.

370 759 610 837 dium,
674 758 820 824 coll.
869 759 1137 840 XXXII,
1189 766 1245 840 2,
1298 766 1325 824 1
1377 768 1445 826 et
1497 760 1799 839 XXXIII,
1847 764 1947 839 46,
1997 764 2067 838 93
2115 757 2290 840 apud
2338 754 2685 838 Polybium

368 888 566 931 unum
613 873 716 931 est
759 873 982 948 φόρους.
1039 866 1254 949 1865.]
1346 869 1555 933 Paulo
1614 875 1765 951 post
1813 866 1874 949 (ἓ
1927 866 2031 946 14)
2088 886 2317 929 verum
2371 884 2515 927 esse
2570 882 2682 926 ne-

370 974 532 1056 quit,
581 974 757 1055 quod
805 974 1054 1039 editur:
1105 983 1182 1040 et
1216 995 1363 1058 pro
1401 975 1844 1054 frumento,
1893 973 2105 1057 quod
2141 971 2683 1038 aestimatione

367 1077 548 1159 fiat,
595 1080 915 1146 talenta
968 1081 1356 1162 CXXV11;
1404 1083 1543 1147 haec
1580 1084 1751 1147 enim
1785 1081 2077 1146 relativae
2117 1080 2436 1145 orationis
2473 1077 2687 1142 forma

370 1188 605 1271 (quod
650 1223 738 1232 —
781 1187 964 1269 fiat)
1013 1194 1261 1253 certam
1307 1189 1513 1254 habet
1556 1191 1652 1253 rei
1701 1186 2317 1254 circumscribendae
2354 1183 2684 1267 significa-

367 1296 610 1360 tionem
662 1295 868 1377 (dum
927 1295 1151 1360 modo
1196 1297 1283 1361 id
1346 1298 1897 1361 aestimatione
1960 1294 2155 1375 fiat),
2214 1294 2297 1357 ab
2358 1292 2482 1357 hoc
2539 1291 2683 1355 loco

371 1402 681 1481 alienam,
730 1424 929 1485 quum
976 1405 1379 1486 praesertim,
1429 1404 1866 1468 aestimatione
1924 1404 2056 1466 iam
2103 1408 2256 1466 ante
2301 1398 2499 1478 facta,
2549 1418 2685 1462 cer-

369 1514 443 1574 ta
489 1510 782 1592 pecuniae
828 1530 1085 1574 summa
1131 1517 1436 1593 ponatur.
1530 1510 1583 1573 B
1648 1516 1716 1574 et
1757 1511 1913 1576 LoV.
1966 1514 2002 1572 3
2061 1529 2180 1592 pro
2226 1506 2378 1572 fiat
2432 1506 2685 1569 habent

371 1617 510 1695 sit,
582 1617 782 1681 ceteri
852 1616 1468 1682 Drakenborchiani
1538 1617 1776 1698 (Voss,
1849 1617 2001 1681 Lov,
2084 1620 2136 1695 1,
2214 1619 2273 1694 2,
2344 1618 2400 1693 5,
2471 1611 2684 1677 Mead.

376 1727 428 1801 1,
473 1729 531 1800 4,
580 1723 855 1803 Gaertn.)
891 1721 1008 1802 fit,
1057 1725 1234 1805 quod
1279 1724 1757 1789 restituendum
1801 1724 2080 1800 videtur,
2127 1729 2202 1786 ut
2247 1720 2677 1804 significetur:
2713 1727 2854 1797 (446)

369 1830 457 1909 id,
506 1831 681 1912 quod
728 1831 1164 1896 aestimatione
1212 1830 1495 1896 efficitur
1539 1831 1630 1910 (τὸ
1674 1839 1736 1911 τῇ
1780 1840 1987 1911 τιμήσει
2029 1825 2470 1912 γιγνόμενον).1)

546 1935 700 2020 Cap.
749 1944 853 2018 41,
903 1942 939 2002 3
987 1945 1054 2002 et
1100 1960 1220 2022 per
1266 1960 1333 2003 se
1381 1959 1687 2021 perverse
1741 1938 2215 2022 impedimenta
2258 1935 2684 2019 impedimen-

370 2051 589 2132 torum
635 2044 818 2127 pars)
866 2045 1179 2110 cecidisse
1229 2046 1539 2110 dicuntur
1584 2053 1652 2111 et
1698 2067 1894 2130 prave
1940 2045 2411 2128 impedimenta
2467 2049 2535 2107 et
2579 2063 2685 2106 ca-

368 2151 551 2215 lones
599 2152 829 2215 eodem
874 2152 1101 2218 ordine
1148 2174 1296 2217 cum
1341 2153 1664 2217 militibus
1711 2154 2217 2235 coniunguntur.
2289 2151 2555 2228 Vereor,
2601 2170 2683 2213 ne

372 2265 524 2341 post
603 2279 790 2343 pars
871 2260 1188 2324 exciderit
1266 2262 1573 2325 amissa
1657 2267 1874 2324 esset
1944 2266 2060 2323 aut
2127 2258 2336 2323 simile
2410 2255 2683 2338 aliquid.

372 2365 618 2448 (1865.)
733 2364 1267 2449 [Wesenbergius
1324 2367 1556 2431 obiicit
1624 2367 1925 2432 Frontini
2007 2365 2207 2431 Strat.
2286 2365 2366 2445 11,
2435 2371 2487 2444 1,
2574 2367 2682 2427 11:

373 2470 441 2538 C.
492 2471 784 2551 Caesar,
833 2494 1070 2555 quum
1115 2509 1197 2518 —
1245 2473 1726 2539 interfectis
1765 2475 2136 2540 omnibus
2172 2473 2686 2557 impedimen-

371 2580 483 2645 tis
531 2579 626 2643 ad
671 2600 1017 2663 pugnam
1065 2581 1639 2647 descendisset
1684 2588 1841 2664 cet.;
1889 2582 2005 2647 sed
2043 2579 2262 2646 Caesar
2307 2582 2448 2665 ipse
2494 2582 2561 2645 in
2607 2599 2688 2645 ea

370 2709 441 2752 re
476 2688 807 2752 narranda
842 2687 915 2751 B.
955 2687 1109 2766 C.1,
1147 2693 1222 2752 81
1264 2688 1496 2754 habet:
1539 2692 1907 2754 iumenta
1941 2688 2327 2753 interfici
2364 2688 2686 2767 iubent3

371 2795 596 2877 itaque
665 2802 784 2859 aut
852 2796 1052 2859 etiam
1119 2796 1294 2878 apud
1351 2796 1739 2860 Frontinum
1808 2796 2227 2861 scribendum
2294 2795 2687 2858 iumentis

372 2909 488 2966 aut
533 2903 672 2985 ipse
716 2902 950 2967 vitiose
995 2902 1262 2967 locutus
1309 2924 1450 2968 esse
1490 2903 1859 2985 putandus3
1907 2924 2058 2966 nam
2096 2923 2192 2980 ea,
2241 2922 2385 2983 quae
2427 2899 2687 2964 Ouden-

374 3009 642 3092 dorpius
691 3030 731 3073 a
779 3010 1109 3074 Gronovio
1158 3011 1407 3093 scripta
1452 3011 1724 3093 profert,
1772 3030 2005 3093 parum
2040 3014 2218 3073 recte
2260 3029 2337 3073 ac
2378 3008 2687 3072 distincte

375 3116 724 3199 disputata
769 3124 940 3195 sunt,
986 3116 1163 3181 velut
1197 3117 1372 3200 apud
1412 3116 1741 3181 Caesarem
1778 3116 1850 3180 Β.
1890 3116 1964 3181 G.
2016 3116 2154 3195 VII,
2203 3120 2283 3179 45
2329 3116 2521 3179 mulis
2568 3115 2686 3178 im-

372 3230 710 3306 ponuntur
756 3224 1082 3288 muliones
1128 3224 1212 3287 ad
1262 3225 1549 3306 speciem
1595 3225 1895 3306 equitum
1943 3224 2215 3301 armati,
2262 3222 2685 3305 impedimen-

371 3331 459 3394 tis
506 3331 801 3414 impositi
845 3331 1123 3394 ridicule
1174 3330 1602 3411 dicerentur]

543 3436 697 3521 Cap.
746 3442 847 3516 45,
911 3442 947 3501 6
1013 3438 1106 3519 (in
1166 3438 1466 3502 oratione
1529 3437 1597 3500 L.
1648 3437 1832 3500 Furii
1890 3444 1958 3502 et
2014 3439 2084 3502 L.
2145 3437 2395 3501 AEmilii
2454 3441 2689 3501 contra

372 3542 484 3607 Cn.
508 3544 827 3609 Manlium
861 3546 1268 3628 triumphum
1292 3552 1643 3627 petentem,
1667 3544 1781 3608 ubi
1823 3546 2202 3623 ostendunt,
2231 3552 2453 3609 cetera
2494 3543 2686 3621 bella,

373 3672 516 3732 quae
554 3673 764 3734 nuper
808 3659 996 3734 gesta
1043 3653 1196 3728 sint,
1238 3653 1366 3716 rite
1403 3657 1640 3735 coepta
1675 3658 1742 3716 et
1775 3652 2025 3716 indicta
2061 3653 2260 3734 esse):
2309 3652 2400 3716 de
2449 3651 2689 3716 omni-

372 3757 522 3822 bus
601 3758 725 3823 his
827 3759 1285 3823 consultum
1386 3766 1766 3824 senatum
1857 3760 2241 3842 populum
2318 3761 2683 3835 iussisse,

373 3886 578 3947 saepe
624 3864 943 3945 legatos
990 3872 1175 3929 ante
1221 3864 1546 3942 missos,
1592 3886 1718 3929 res
1765 3868 2207 3949 repetitas,
2255 3875 2686 3950 postremo,

428 4184 545 4252 ¹)§
595 4188 627 4238 5
673 4191 829 4238 recte
883 4185 1238 4239 Perizonium
1300 4187 1648 4256 suspicatum
1712 4204 1832 4241 esse
1896 4189 2169 4241 excidisse
2233 4195 2518 4256 praeter,
2573 4204 2688 4239 non

508 4271 688 4323 solum
723 4270 993 4336 Polybius
1031 4271 1310 4339 ostendit,
1370 4271 1466 4324 sed
1518 4273 1837 4325 tralaticius
1886 4274 1942 4327 in
1992 4273 2198 4326 talibus
2250 4273 2414 4325 rebus
2452 4271 2687 4324 cavendi

504 4373 644 4408 mos.
735 4354 852 4408 Nec
911 4356 1094 4407 minus
1143 4360 1294 4409 recte
1342 4374 1474 4424 quo
1520 4374 1806 4425 quaeque
1853 4359 1937 4424 (in
1985 4376 2145 4411 suum
2193 4374 2427 4424 quaeque
2475 4357 2687 4423 locum)

505 4457 609 4507 pro
648 4457 793 4507 quae
834 4456 1105 4506 quoque
1144 4440 1312 4493 scribi
1364 4442 1546 4494 iussit.
1624 4440 1776 4509 [Cap.
1816 4445 1899 4508 39,
1942 4445 2003 4493 17
2040 4441 2337 4507 Ussingius
2374 4440 2519 4492 vidit
2556 4444 2689 4491 ante

511 4541 582 4579 re
620 4525 898 4578 excidisse
933 4541 1075 4578 res:
1114 4525 1393 4594 integra
1430 4526 1512 4579 ad
1552 4531 1865 4579 senatum
1904 4541 2009 4577 res
2046 4525 2389 4579 reiicitur.
2471 4521 2639 4589 1865.]

789 4888 1250 5166 s
1507 4906 1733 5007 Ἃ
