3230 5282
535 626 660 680 Lib.
696 626 762 680 V.
1633 615 1755 677 136

536 799 861 883 praeteriti
912 798 1263 864 verborum
1308 799 1775 884 deponentium
1820 800 1900 866 de
1947 802 2206 866 actione
2250 802 2580 886 primariae
2618 801 2852 867 eodem

536 914 835 992 tempore
880 907 1227 988 adiuncta3
1291 907 1426 973 ibd.
1474 906 1507 991 ξ
1552 912 1676 972 431
1717 908 1759 973 b
1803 909 1937 991 —.)
2025 909 2122 974 Ac
2167 910 2454 993 priorem
2500 908 2853 976 difficulta-

537 1023 672 1082 tem
717 1015 892 1082 tollit
937 1016 1317 1081 coniectura
1350 1015 1629 1101 Hauptii
1690 1017 2089 1100 quondam
2143 1038 2264 1102 pro
2311 1018 2640 1103 quidam
2687 1019 2852 1083 scri-

536 1124 778 1204 bentis,
812 1129 889 1189 ut
922 1122 1409 1206 intellegantur,
1443 1145 1588 1208 quae
1623 1124 1740 1206 ΠΙ,
1778 1129 1860 1190 64
1895 1131 2061 1191 extr.
2085 1133 2153 1191 et
2188 1130 2270 1191 65
2306 1127 2444 1191 init.
2468 1132 2844 1191 narrantur.

540 1231 670 1297 Sed
695 1237 763 1297 et
787 1232 1069 1297 obscura
1103 1239 1205 1297 est
1237 1233 1384 1317 ipsa
1404 1232 1729 1299 brevitate
1753 1232 1894 1299 haec
1918 1233 2095 1299 illius
2118 1235 2437 1318 temporis
2461 1233 2858 1317 significatio

540 1347 607 1406 et
650 1362 886 1425 parum
932 1348 1110 1425 apta,
1167 1342 1340 1425 quia,
1396 1361 1541 1424 quae
1587 1341 1725 1406 illic
1767 1348 2141 1422 narrantur,
2188 1348 2341 1408 ante
2384 1343 2595 1408 latam
2639 1343 2851 1426 legem

539 1448 935 1514 Treboniam
999 1449 1407 1529 acciderunt,
1473 1450 1812 1530 multoque
1877 1450 2097 1535 aptius
2162 1450 2358 1516 huius
2424 1451 2637 1535 ipsius
2696 1451 2854 1516 anni

538 1562 816 1622 conatus
863 1559 1363 1623 commemorari
1405 1558 1694 1638 videtur3
1763 1559 2083 1624 orationis
2138 1559 2371 1623 vitium
2415 1559 2483 1622 in
2526 1557 2852 1642 repulsi

538 1665 655 1729 illa
711 1666 1087 1732 coniectura
1140 1688 1274 1731 non
1329 1666 1605 1732 tollitur.
1718 1655 1941 1732 Redeo
1997 1666 2202 1750 igitur
2245 1688 2354 1746 e0‚
2412 1667 2653 1750 saepius
2699 1686 2850 1731 sen-

539 1774 753 1838 tentia
819 1761 1106 1854 mutata,
1175 1779 1252 1839 ut
1318 1774 1739 1840 scribendum
1808 1781 2067 1858 putem:
2137 1775 2241 1855 Is,
2311 1774 2521 1859 quod
2587 1775 2847 1858 petis-

542 1888 744 1972 sent·
780 1887 1093 1966 patres,
1176 1883 1354 1961 quia
1419 1882 1496 1945 in
1567 1883 1830 1966 primo
1902 1883 2229 1966 incepto
2297 1882 2613 1967 repulsi
2670 1882 2849 1963 sint,

540 1991 838 2053 tandem
907 1990 1294 2056 tribunos
1365 1991 1714 2056 militum
1769 2011 2316 2075 expugnasse,
2382 1989 2859 2056 vociferans

541 2105 663 2164 cet.
786 2097 1000 2175 Quam
1077 2098 1270 2164 facile
1346 2100 1520 2165 inter
1586 2098 1655 2161 si
1721 2105 1788 2164 et
1853 2102 1879 2160 t
1943 2098 2242 2164 excidere
2309 2098 2603 2184 potuerit
2669 2099 2857 2178 sint,

541 2211 848 2291 apparet3
916 2212 984 2271 et
1026 2205 1308 2272 fortasse
1356 2229 1437 2273 ea
1478 2207 1607 2272 fuit
1652 2228 1886 2287 causa,
1957 2228 2073 2272 cur
2117 2206 2451 2291 quidam
2494 2227 2615 2291 pro
2662 2207 2858 2288 quia

538 2316 617 2380 in
685 2313 1104 2380 scriberetur.
1225 2314 1574 2381 Tandem
1629 2315 2165 2381 Weissenbornio
2234 2312 2560 2397 debetur]
2672 2313 2858 2379 Infra

540 2424 668 2488 hoc
713 2424 931 2506 capite
967 2420 1028 2505 (ἓ
1071 2424 1176 2504 14)
1209 2422 1458 2489 frustra
1503 2423 1880 2489 defenditur
1923 2424 2065 2488 haec
2110 2423 2514 2489 coniunctio:
2562 2422 2858 2506 plenus

539 2531 955 2595 vulnerum
1000 2551 1089 2595 ac
1133 2552 1432 2615 pavore
1470 2533 1785 2616 exemplis
1823 2531 2283 2612 dissimilibus3
2330 2551 2483 2595 nam
2517 2551 2601 2595 ne
2640 2528 2855 2594 Sallu-

543 2641 832 2705 stianum
890 2638 1155 2723 quidem
1213 2662 1248 2705 e
1308 2636 1499 2706 Catil.
1550 2644 1664 2722 33,
1737 2646 1768 2705 1
1819 2640 2030 2706 simile
2078 2647 2211 2720 est,
2281 2639 2547 2705 etiamsi
2604 2645 2857 2704 certum

371 2772 512 2843 (115)
552 2753 748 2828 esset,
794 2747 970 2830 quod
1015 2755 1248 2814 contra
1292 2754 1412 2814 est.
1492 2748 1727 2833 Itaque
1771 2750 1918 2833 ipsi,
1966 2749 2081 2832 qui
2127 2747 2474 2813 defendere
2520 2753 2859 2826 conantur,

546 2856 741 2922 simul
817 2855 952 2921 alia
1027 2858 1281 2922 ratione
1359 2857 1577 2924 locum
1657 2857 1953 2941 expediri
2030 2877 2224 2942 posse
2303 2854 2705 2940 significant,
2782 2863 2862 2921 ut

542 2986 841 3049 pavore
908 2986 1057 3030 cum
1122 2964 1619 3031 incidentem
1686 2966 1957 3049 portis
2024 2966 2476 3048 coniungatur.
2594 2962 2724 3030 Sed
2782 2969 2862 3029 ut

544 3075 845 3140 omittam
890 3074 1382 3139 vitiosissimam
1428 3074 1947 3158 copulationem,
2017 3094 2149 3155 qua
2192 3094 2489 3157 pavore
2536 3079 2859 3156 tanquam

542 3184 813 3247 tertium
859 3181 1241 3265 adiungitur
1287 3182 1545 3249 duobus
1590 3181 1724 3247 his:
1792 3180 1983 3265 fuga
2025 3181 2469 3265 trepidum,
2534 3181 2859 3265 plenum

542 3290 963 3355 vulnerum
1043 3288 1224 3371 (nam
1301 3290 1442 3355 haec
1519 3311 1783 3373 quoque
1864 3290 1951 3354 ad
2016 3290 2516 3354 incidentem
2587 3290 2860 3372 portis

544 3395 924 3482 pertinent),
971 3397 1215 3461 dicitur
1240 3398 1474 3463 Latine
1508 3419 1795 3481 magno
1841 3418 2137 3483 pavore
2183 3397 2544 3462 incidere
2589 3398 2856 3480 portis

545 3505 655 3587 (de
687 3507 882 3573 modo
917 3512 985 3571 et
1016 3505 1229 3569 forma
1262 3504 1407 3586 rei),
1450 3527 1750 3589 pavore
1799 3506 2165 3571 incidere
2210 3507 2477 3589 portis
2520 3505 2857 3570 nihil·est.

544 3612 629 3676 Ni
694 3613 921 3692 fallor,
999 3613 1222 3678 Livius
1289 3614 1671 3697 scripserat:
1753 3613 1945 3696 fuga
2020 3614 2456 3698 trepidum,
2536 3613 2859 3697 plenum

543 3720 989 3800 vulnerum,
1063 3740 1216 3783 cun
1282 3742 1585 3806 pavore
1652 3723 2154 3788 incidentem
2220 3723 2508 3806 portis.
2609 3720 2857 3802 (Medio

546 3828 793 3912 capite,
862 3826 896 3911 ἓ
965 3833 1037 3909 6,
1101 3830 1216 3894 ubi
1276 3830 1519 3895 editur:
1601 3852 1747 3895 nec
1810 3831 1893 3895 id
1960 3836 2534 3895 accusatorem
2599 3830 2860 3911 magis

546 3957 892 4020 arguere
987 3958 1217 4019 quam
1294 3938 1548 4003 fateri
1626 3959 1840 4018 reos,
1942 3939 2070 4003 nisi
2151 3938 2373 4002 Livius
2454 3937 2856 4017 dormitavit,

547 4045 746 4110 scribi
793 4044 991 4110 debet
1036 4054 1588 4127 accusatores;
1634 4052 1771 4111 tres
1819 4047 1992 4112 enim
2037 4052 2246 4111 erant.
2343 4043 2555 4127 18⁷3.)

720 4151 878 4237 Cap.
932 4157 1041 4233 12,
1103 4158 1169 4217 5:
1248 4155 1306 4219 A
1362 4154 1448 4219 M.
1496 4155 1746 4221 Furio
1804 4156 1884 4220 in
1938 4153 2299 4220 Faliscis
2356 4160 2436 4218 et
2493 4150 2619 4217 Cn.
2669 4150 2857 4218 Cor-

546 4263 767 4328 nelio
826 4263 902 4325 in
952 4259 1365 4345 Capenate
1425 4284 1614 4346 agro
1673 4265 1953 4329 hostes
2012 4263 2216 4328 nulli
2263 4267 2497 4328 extra
2539 4263 2858 4326 moenia

548 4371 894 4450 inventi3
940 4370 1220 4454 praedae
1257 4376 1475 4449 actae,
1524 4372 2100 4453 incendiisque
2135 4370 2521 4435 villarum
2556 4390 2645 4435 ac
2677 4367 2856 4434 fru-

547 4502 725 4563 gum
781 4479 1092 4545 vastati
1149 4477 1395 4559 fines;
1455 4479 1757 4562 oppida
1813 4484 2289 4562 oppugnata
2331 4499 2473 4543 nec
2518 4477 2862 4544 obsessa
