3230 5282
566 609 692 665 Lib.
729 607 824 665 IV.
1665 598 1786 662 118

433 789 538 859 (98)
574 784 922 866 quaeritur,
989 791 1239 867 quanta
1293 786 1630 851 actionum
1674 785 2223 869 consiliorumque
2270 788 2506 852 civium
2551 786 2878 853 Romano-

568 914 715 957 rum
781 914 938 975 pars
1004 914 1352 959 censorum
1417 895 1740 978 potestati
1809 894 2111 960 subiecta
2178 896 2267 960 sit
2323 894 2471 977 (nec
2530 894 2878 977 quisquam

573 1001 848 1066 Latinus
922 1021 1229 1084 magnam
1304 1001 1455 1067 vitae
1520 1008 1777 1086 partem
1843 1002 1936 1067 sic
2004 1002 2201 1083 dixit,
2284 1011 2362 1069 ut
2427 1009 2633 1070 esset:
2712 1000 2877 1067 viele

574 1107 798 1174 Seiten
854 1108 969 1174 des
1017 1106 1334 1190 Lebens);
1401 1108 1482 1174 de
1529 1117 1829 1195 tempore
1875 1112 2096 1193 agitur
2138 1111 2364 1196 longo,
2432 1113 2489 1177 si
2535 1090 2685 1177 cum
2727 1111 2876 1175 vitae

569 1216 872 1282 humanae
918 1218 1130 1301 spatio
1177 1225 1609 1302 comparetur.
1709 1217 1945 1300 Itaque
2000 1218 2245 1285 lineola
2299 1220 2534 1286 addita
2589 1218 2877 1285 scriben-

571 1325 729 1389 dum
785 1334 915 1390 est:
983 1347 1125 1410 per
1181 1332 1304 1391 tot
1349 1347 1634 1406 ann03,
1703 1347 2064 1409 magnam
2109 1334 2426 1411 partem
2472 1328 2672 1393 vitae.
2784 1328 2878 1390 Ac

570 1434 964 1499 sententiam
1030 1434 1380 1499 verborum
1444 1434 2019 1501 Weissenbornius
2084 1436 2277 1517 vidit;
2358 1457 2504 1519 quae
2580 1434 2669 1500 ad
2733 1455 2878 1499 eam

569 1543 965 1607 sententiam
1009 1544 1459 1626 requireretur
1502 1543 1852 1627 scriptura,
1909 1545 2137 1626 magis,
2196 1545 2446 1629 opinor,
2503 1566 2633 1610 non
2678 1563 2877 1608 ausus

570 1658 674 1716 est
718 1650 936 1716 dicere
981 1671 1176 1733 quam
1222 1671 1354 1715 non
1397 1650 1580 1730 vidit,
1626 1651 2002 1718 admonitus
2047 1654 2412 1737 praesertim
2456 1652 2671 1718 Taciti
2713 1651 2879 1729 locO,

569 1780 763 1842 quem
819 1759 1201 1842 adscripsit,
1269 1779 1350 1824 ex
1404 1760 1619 1842 Agric.
1680 1763 1749 1824 3:
1829 1782 1971 1844 per
2027 1761 2155 1825 XV
2213 1783 2503 1839 annoS‚
2572 1757 2877 1841 grande

568 1867 946 1934 mortalis
1027 1868 1167 1931 aevi
1244 1869 1621 1952 spatium.
1744 1867 1914 1933 Nam
1990 1875 2065 1934 ut
2143 1870 2438 1953 potuerit
2506 1867 2729 1932 Livius
2796 1867 2876 1930 de

569 1983 866 2059 tempore
937 1975 1186 2041 dicere:
1266 1996 1551 2059 magna
1627 1984 1864 2059 parte
1940 1978 2126 2042 vitae
2194 1977 2623 2044 obnoxium
2690 1995 2876 2039 esse

568 2085 890 2151 censori
966 2083 1172 2166 (quod
1246 2086 1353 2148 vix
1417 2084 1637 2168 potuit
1702 2084 1787 2150 ob
1857 2107 2047 2150 suam
2112 2084 2685 2163 consuetudinem,
2747 2083 2874 2147 etsi

571 2193 783 2257 omni
849 2192 1023 2257 vita
1087 2190 1264 2258 foro
1333 2213 1612 2258 carere
1672 2193 1839 2258 dixit
1882 2191 2102 2273 XXII,
2172 2198 2284 2273 61,
2351 2192 2449 2274 9),
2519 2199 2699 2257 certe
2745 2212 2875 2255 non

568 2302 790 2385 potuit
832 2301 1008 2364 hunc
1053 2299 1413 2365 ablativum
1458 2301 1784 2367 subiicere
1827 2301 1989 2367 illis:
2036 2322 2179 2386 per
2218 2308 2346 2367 tot
2389 2322 2594 2367 anno
2613 2300 2736 2381 al)

742 2407 898 2492 Cap.
946 2413 1058 2487 25,
1118 2411 1187 2472 7:
1256 2406 1626 2475 Consilia
1680 2410 1779 2475 ad
1834 2409 2228 2475 movenda
2282 2408 2505 2476 bella
2558 2409 2637 2473 in
2690 2408 2876 2473 Vol-

570 2516 1558 2600 scorumIAEquorumque
1637 2518 2022 2583 conciliis
2089 2527 2168 2583 et
2233 2520 2312 2582 in
2376 2517 2717 2583 Etruria
2780 2515 2879 2581 ad

568 2626 838 2693 fanum
892 2625 1337 2691 Voltumnae
1402 2626 1741 2709 agitata.
1852 2626 1951 2692 De
2017 2626 2196 2693 bello
2254 2632 2486 2693 contra
2542 2625 2876 2692 Romanos

569 2737 981 2820 suscipiendo
1028 2734 1330 2800 universe
1375 2733 1728 2817 agebatur,
1786 2757 1921 2801 non
1965 2735 2046 2800 de
2091 2735 2392 2821 pluribus
2436 2733 2647 2800 bellis.
2749 2733 2878 2799 Sed

569 2847 759 2928 longe
835 2843 1329 2908 vitiosissimum
1408 2849 1512 2908 est
1589 2842 1948 2908 consilia
2022 2843 2122 2908 ad
2197 2842 2582 2909 movenda
2658 2840 2879 2907 bella

569 2954 916 3037 agitare,
974 2952 1153 3036 quod
1207 2971 1420 3034 neque
1477 2951 1644 3016 dixit
1699 2953 2049 3035 quisquam
2091 2972 2303 3034 neque
2350 2951 2571 3016 dicere
2615 2957 2880 3034 poterat

571 3062 718 3146 (pro
796 3059 1001 3126 belli
1066 3059 1433 3126 movendi
1512 3066 1629 3125 aut
1708 3060 1799 3124 de
1865 3058 2088 3125 bello
2155 3059 2394 3141 mov.).
2509 3058 2879 3142 Scripserat

572 3170 793 3236 Livius
848 3168 1081 3235 Latine
1140 3174 1207 3233 et
1262 3174 1521 3251 aperte:
1590 3167 1948 3234 consilia
2015 3169 2109 3233 de
2173 3167 2393 3233 bello
2460 3165 2877 3245 movendo;

568 3281 901 3362 geminata
981 3276 1078 3359 (in
1154 3277 1467 3342 continua
1544 3277 1877 3360 scriptura
1955 3274 2439 3356 consiliade)
2515 3273 2744 3339 littera
2821 3292 2878 3352 a,

568 3388 811 3452 omissa
855 3406 918 3464 e,
976 3391 1206 3449 natum
1263 3384 1619 3449 consilia
1663 3383 1761 3448 ad
1805 3391 1872 3450 et
1917 3384 2004 3449 ad
2048 3384 2118 3449 id
2162 3382 2728 3449 accommodatum
2773 3388 2876 3445 est

566 3494 793 3559 bella
835 3492 1246 3558 movenda.

739 3600 897 3684 Cap.
947 3605 1060 3678 34,
1119 3605 1191 3663 4:
1259 3599 1602 3666 Postero
1660 3601 1787 3666 die
1847 3599 2025 3685 (post
2068 3601 2352 3665 Fidenas
2398 3597 2661 3683 captas)
2711 3598 2878 3663 sin-

566 3708 784 3792 gulis
830 3708 1183 3792 captivis
1229 3707 1324 3772 ab
1371 3708 1647 3789 equite
1694 3709 1790 3773 ad
1836 3709 2398 3775 centurionem
2445 3713 2664 3773 sorte
2700 3705 2880 3770 duc·

567 3819 676 3883 tis
734 3824 843 3896 et,
913 3835 1245 3900 quorum
1314 3816 1611 3880 eximia
1664 3817 1932 3882 virtus
1988 3815 2295 3895 fuerat,
2362 3815 2617 3893 binis,
2685 3813 2880 3879 aliis

566 3926 715 3989 sub
774 3946 1077 3991 corona
1128 3923 1679 4002 venumdatiS,
1737 3926 2184 3990 exercitum
2238 3925 2633 3988 victorem
2698 3942 2883 4004 opu-

625 4129 669 4195 ¹)
710 4127 945 4197 [Eodem
991 4146 1112 4199 cap.
1152 4126 1184 4198 §
1245 4131 1279 4181 ’7
1322 4128 1584 4182 vitiosam
1630 4127 1931 4181 verborum
1977 4127 2200 4196 copiam
2235 4132 2292 4180 et
2327 4125 2620 4180 confusam
2656 4142 2702 4178 a.
2748 4126 2878 4178 1861

703 4221 1032 4268 notaveram
1075 4214 1436 4283 tollendaque
1481 4212 1856 4282 significaram
1899 4211 2075 4266 verba
2118 4211 2260 4266 fine
2309 4211 2540 4277 alteri3
2593 4214 2725 4279 post
2767 4210 2878 4264 Ve-

702 4299 958 4354 ronensis
984 4298 1108 4353 cod.
1139 4298 1335 4352 docuit
1367 4297 1621 4353 tollenda
1646 4297 1818 4351 fuisse
1853 4297 2047 4351 modo
2086 4297 2376 4352 aliorum
2412 4295 2881 4364 magistratui.

701 4386 769 4440 In
816 4384 849 4454 ὃ
885 4387 919 4438 2
952 4382 1283 4453 proeclaram
1318 4383 1428 4437 Iac.
1465 4383 1737 4438 Gronovii
1783 4383 2235 4437 emendationem
2280 4380 2723 4436 manifestissimi
2757 4380 2887 4434 vitii

703 4488 792 4525 me
829 4488 877 4524 a.
920 4471 1050 4524 1861
1087 4467 1299 4537 fugisse
1337 4467 1519 4536 doleo,
1558 4470 1667 4522 etsi
1703 4469 1821 4538 ipse
1855 4468 2056 4522 vitium
2092 4465 2327 4536 notavi]
