3230 5282
1475 586 1600 645 447

383 792 583 854 quam
641 771 707 834 in
751 769 1224 852 Bambergensi
1271 769 1514 833 omissa
1561 767 1737 847 (nam
1789 789 1869 832 ea
1912 775 2062 852 post
2108 769 2410 834 excidere
2456 778 2687 853 potue-

382 881 565 961 runt)
614 884 730 943 aut
777 877 1039 943 adiecta
1083 876 1506 959 interpolatio
1553 875 1655 957 (ut
1688 875 1981 954 XXXIV,
2029 881 2129 956 22,
2180 881 2215 938 2
2265 899 2384 960 pro
2433 880 2689 942 ceteri

384 989 684 1053 omisso
730 986 947 1050 bello
994 987 1059 1049 in
1107 984 1159 1047 B
1209 983 1522 1049 scribitur
1570 985 1830 1048 ceteri
1874 985 2140 1063 miss0‚
2199 986 2267 1048 in
2314 985 2688 1068 vulgaribus

384 1096 643 1161 ceteri
691 1093 1008 1174 omnes),
1060 1092 1195 1171 sed,
1240 1113 1322 1156 ne
1368 1092 1502 1156 alia
1548 1091 1895 1155 corradam
1941 1091 2203 1171 indicia,
2251 1093 2580 1176 permulta
2624 1095 2689 1156 in

383 1204 437 1268 B
503 1203 610 1267 hic
680 1202 814 1266 illic
886 1201 1134 1265 omissa
1200 1200 1432 1279 verba,
1502 1221 1646 1280 quae
1703 1199 2006 1281 vulgares
2063 1207 2241 1265 recte
2297 1207 2551 1280 tenent,
2618 1208 2691 1265 ut

384 1310 676 1390 XXXIV,
749 1314 855 1387 14,
931 1312 966 1371 3
1027 1307 1210 1388 (feci
1279 1309 1497 1372 inter
1565 1307 1785 1389 spatio
1850 1327 2058 1371 vacuo
2128 1308 2416 1390 relicto),
2480 1312 2590 1386 27,
2651 1314 2689 1372 8

387 1419 692 1498 (citari,
752 1416 931 1481 nullo
980 1415 1244 1500 spatio),
1304 1418 1418 1492 29,
1480 1417 1515 1474 (5
1563 1413 1782 1494 (eiuS,
1842 1416 2058 1498 spatio
2104 1416 2387 1496 relicto),
2446 1421 2546 1490 31,
2613 1421 2688 1479 17

385 1525 676 1606 (nihil),
748 1529 848 1602 32,
918 1528 954 1587 9
1004 1524 1419 1604 (eduntur,
1489 1523 1705 1604 spatio
1760 1513 2046 1603 relicto),
2109 1527 2209 1601 39,
2276 1528 2314 1586 2
2362 1523 2690 1604 (undecim

383 1634 618 1712 verba,
685 1632 866 1697 nullo
926 1632 1190 1715 spatio).
1304 1631 1628 1714 Apparet,
1698 1630 1939 1694 codicis
1984 1629 2485 1713 Bambergensis
2531 1633 2689 1696 scri-

385 1741 567 1819 bam,
624 1762 822 1823 quum
883 1739 1174 1804 codicem
1233 1760 1379 1803 cum
1424 1738 1794 1821 vulgarium
1841 1739 2131 1822 principe
2179 1746 2530 1822 cognatum
2576 1746 2692 1803 aut

385 1851 585 1913 etiam
653 1849 792 1912 eius
860 1853 1203 1931 parentem
1272 1853 1691 1929 sequeretur,
1772 1846 1905 1909 alia
1970 1867 2175 1930 saepe,
2260 1868 2403 1931 quae
2470 1846 2689 1928 legere

387 1979 518 2022 non
565 1962 823 2040 posset,
884 1956 1195 2034 omisisse,
1253 1961 1486 2018 notata
1531 1955 1907 2030 omissione,
1967 1955 2115 2033 alia,
2172 1961 2247 2018 ut
2291 1953 2383 2030 fit,
2444 1955 2690 2038 impru-

386 2065 649 2128 dentem
696 2064 1103 2145 praeterisse,
1162 2083 1305 2146 quae
1362 2062 1429 2125 in
1476 2061 1841 2143 vulgarium
1886 2063 2183 2145 principe
2231 2067 2491 2126 servata
2536 2063 2686 2127 sint.

393 2170 637 2235 Contra
713 2171 780 2233 in
845 2170 1210 2249 vulgarium
1282 2170 1577 2253 principe
1646 2170 1861 2233 nescio
1931 2190 2058 2250 quo
2130 2191 2290 2234 casu
2354 2170 2691 2235 intercidit

386 2285 565 2344 totus
621 2278 791 2342 liber
835 2275 1134 2341 XXXIII.
1248 2276 1471 2341 Codex
1527 2277 1731 2358 igitur
1776 2275 2281 2360 Bambergensis
2341 2279 2591 2360 origine
2653 2299 2693 2342 a

384 2387 773 2469 Moguntino
831 2385 1171 2448 seiunctus
1231 2391 1298 2448 et
1353 2406 1500 2449 cum
1557 2384 1932 2466 vulgaribus
1989 2386 2373 2449 coniunctus
2430 2407 2549 2449 nec
2607 2385 2691 2449 ab

388 2495 561 2558 omni
620 2492 792 2557 labis
852 2494 1049 2557 etiam
1098 2493 1315 2574 gravis
1362 2513 1506 2556 cum
1555 2493 1658 2556 his
1706 2494 2158 2557 communione
2205 2493 2401 2571 liber,
2468 2514 2691 2574 quam-

387 2622 582 2684 quam
642 2601 707 2666 in
765 2603 1138 2666 universum
1196 2601 1583 2683 Moguntino
1643 2599 1845 2674 cedit,
1913 2607 2163 2680 tamen,
2233 2602 2408 2684 quod
2466 2622 2689 2666 recen-

381 2712 625 2774 tiorum
681 2710 864 2773 illam
912 2709 1453 2793 depravationem
1499 2710 1755 2786 vitavit,
1821 2708 2169 2792 locupletis
2225 2710 2416 2773 testis
2471 2709 2689 2773 locum

383 2816 662 2895 obtinet,
731 2818 841 2898 qui
900 2824 968 2881 et
1023 2817 1391 2899 Moguntini
1420 2840 1428 2847 ’
1460 2818 1921 2880 auctoritatem
1990 2817 2210 2880 multis
2266 2817 2429 2880 locis
2484 2817 2682 2896 insig-
2720 2831 2861 2898 (365)

382 2926 555 2988 niter
601 2923 961 3002 confirmet,
1022 2931 1137 2988 aut
1181 2925 1377 3007 plane
1425 2944 1572 2987 cum
1619 2944 1695 2988 eo
1744 2925 2132 3006 conspirans
2180 2923 2384 3004 (velut
2429 2921 2686 3001 XXXV,

385 3035 501 3124 36,
561 3035 596 3094 3
645 3036 1209 3114 spectatorum
1257 3053 1375 3115 pro
1422 3052 2049 3115 perpaucorum,
2108 3029 2433 3108 XXXVII,
2492 3036 2592 3107 54,
2649 3033 2686 3091 8

383 3139 458 3201 ἰιι
530 3139 1044 3216 servitutem,
1113 3139 1224 3203 ubi
1296 3140 1365 3202 in
1436 3139 1816 3221 vulgaribus
1882 3140 2123 3203 lacuna
2191 3145 2322 3215 est,
2390 3138 2547 3202 ibid.
2611 3140 2686 3200 12

387 3265 711 3327 aequare
782 3266 901 3328 pro
971 3245 1387 3329 praeferre,
1467 3245 1839 3325 XXXVIII,
1906 3251 1975 3325 8,
2046 3252 2082 3311 6
2153 3254 2237 3311 ut
2301 3250 2687 3329 parceret

384 3353 602 3431 urbi,
661 3353 776 3417 ubi
821 3353 1062 3418 lacuna
1108 3362 1240 3431 est,
1303 3358 1400 3432 17,
1461 3358 1497 3417 9
1545 3355 1775 3417 mixti
1824 3361 1901 3418 et
1946 3354 2433 3435 Gallograeci
2482 3374 2685 3432 vere,

281 3514 286 3515 ff
381 3459 593 3543 quod
654 3461 1180 3543 appellantur
1236 3484 1356 3545 pro
1414 3462 1614 3526 variis
1673 3461 2031 3543 erroribus)
2089 3470 2205 3527 aut
2251 3483 2456 3546 prope
2503 3482 2686 3525 acce-

383 3568 547 3632 dens
605 3569 706 3649 (ut
763 3568 1131 3648 XXXVIII,
1207 3573 1311 3648 17,
1384 3574 1460 3633 12
1508 3571 1671 3634 sita
1729 3576 1975 3648 servat,
2044 3591 2163 3654 pro
2210 3570 2687 3634 Tarentinis

379 3675 584 3740 habet
640 3677 718 3739 in
773 3676 961 3758 his),
1030 3682 1098 3740 et
1153 3697 1275 3741 sua
1331 3679 1731 3760 propriaque
1778 3678 1950 3743 bona
1995 3679 2378 3756 servaverit,
2446 3677 2686 3760 quibus

380 3767 564 3847 illum
610 3783 940 3847 interdum
987 3804 1137 3848 vere
1183 3785 1428 3863 vincat,
1497 3805 1895 3868 quamquam
1945 3807 2118 3869 saepe
2164 3793 2424 3850 tantum
2471 3787 2687 3868 specie

378 3897 672 3973 praestat,
720 3890 894 3973 quod
942 3890 1021 3955 de
1068 3890 1457 3974 Moguntino
1503 3899 1782 3957 tacetur.
1874 3894 1959 3957 Et
2002 3895 2065 3957 in
2114 3894 2442 3958 tricesimo
2488 3894 2687 3957 tertio

379 3998 643 4079 quidem
704 3997 903 4077 libro,
963 4000 1029 4061 in
1089 4019 1218 4080 quo
1265 4000 1477 4082 primo
1525 4003 1935 4083 comparatio
1981 4001 2082 4079 fit,
2139 4002 2366 4065 codice
2411 4000 2685 4082 Mogun·

377 4106 546 4184 tino,
615 4106 1167 4187 quemadmodum
1236 4107 1502 4190 quidem
1568 4108 1678 4172 hic
1744 4109 1954 4174 lectus
2022 4116 2088 4173 et
2154 4130 2496 4192 expressus
2564 4114 2682 4186 est,

382 4214 583 4277 etiam
631 4215 932 4297 superior
977 4214 1236 4279 videtur
1281 4224 1346 4279 et
1393 4217 1724 4300 scriptura
1769 4223 1834 4281 et
1878 4217 2129 4281 lacunis
2177 4216 2548 4300 explendis3
2616 4218 2683 4280 in

375 4320 527 4386 libri
586 4321 785 4386 etiam
832 4322 1106 4386 XXXIV
1152 4324 1372 4407 priore
1427 4332 1617 4407 parte
1673 4324 1849 4389 intra
1903 4324 2101 4389 breve
2163 4326 2452 4408 spatium
2508 4344 2683 4387 com-

374 4429 599 4512 plures
646 4430 941 4513 egregias
991 4432 1355 4515 scripturas
1400 4432 1682 4516 praebet,
1743 4454 1888 4516 quae
1935 4453 1970 4498 e
2015 4433 2399 4515 Mogunt-ino
2448 4430 2681 4496 saltem
