3230 5282
1433 586 1552 645 5¹71
2371 598 2494 653 Lib.
2532 599 2648 653 XL.

335 756 675 825 Ciceronis
720 762 902 827 locos
948 784 1067 847 pro
1117 765 1307 830 Rosc.
1353 767 1493 831 Am.
1534 771 1635 848 27,
1686 772 1764 833 '73
1812 775 1880 833 et
1924 791 2044 853 pro
2093 767 2349 834 Cluent.
2400 773 2500 848 24,
2549 775 2648 849 65,

340 887 616 948 quorum
661 870 729 932 in
773 870 984 936 altero
1031 878 1264 954 postea
1308 874 1606 939 codicum
1652 878 1935 940 accessit
1979 876 2433 958 auctoritas.¹)

510 972 668 1059 Cap.
723 982 815 1055 16,
864 982 899 1041 6
948 979 1091 1058 (ubi
1135 980 1354 1045 Livius
1398 981 1713 1063 Ligurum
1751 982 1882 1047 duo
1939 983 2145 1048 millia
2188 991 2420 1048 narrat
2466 1004 2505 1048 a
2549 984 2637 1049 M.
2677 990 2821 1060 (466)

334 1080 681 1162 Marcello,
728 1086 841 1164 qui
890 1085 1173 1151 Galliam
1230 1089 1601 1168 obtinebat,
1651 1091 1992 1173 petivisse,
2059 1098 2134 1155 ut
2177 1093 2649 1174 reciperentur,

336 1187 724 1253 Marcellum
773 1200 1074 1257 senatum
1112 1194 1192 1258 de
1232 1215 1311 1258 ea
1344 1217 1414 1260 re
1454 1197 1918 1277 consuluisse):
1969 1197 2316 1263 Senatus
2351 1200 2645 1263 rescri-

335 1296 531 1361 bere
588 1297 673 1362 M.
724 1298 1146 1382 Ogulnium
1213 1312 1639 1386 praetorem
1707 1305 2103 1370 Marcello
2172 1306 2451 1383 iussit,
2513 1327 2645 1370 ve-

332 1404 507 1468 rius
553 1405 854 1484 fuisse,
913 1410 1319 1490 consules,
1367 1432 1702 1493 quorum
1758 1412 2184 1495 provincia
2241 1420 2459 1477 esset
2504 1412 2645 1493 (Li-

330 1512 571 1593 guria),
630 1533 855 1593 quam
913 1536 1024 1594 se,
1073 1518 1262 1598 quid
1319 1539 1353 1582 e
1410 1539 1490 1583 re
1552 1541 1613 1602 p.
1665 1526 1908 1597 esset,
1956 1520 2432 1598 decernere3
2480 1525 2643 1584 tum

333 1638 651 1701 quoque
696 1642 848 1686 non
896 1623 1246 1704 placere,
1297 1627 1364 1689 si
1399 1646 1537 1708 per
1582 1626 2085 1691 deditionem
2135 1626 2474 1708 Ligures
2521 1647 2644 1690 re-

333 1726 608 1807 cipiet,
644 1731 1003 1811 receptis
1051 1751 1268 1795 arma
1300 1733 1563 1805 adimi,
1611 1742 1857 1817 atque
1904 1755 2038 1797 eos
2086 1733 2182 1797 ad
2230 1733 2645 1797 consulem

334 1835 557 1898 mitti
616 1842 984 1900 senatum
1042 1859 1344 1921 aequum
1401 1860 1750 1904 censere.
1847 1838 1953 1904 Sic
2000 1840 2312 1905 Gelenius
2359 1842 2424 1902 in
2472 1842 2644 1903 anti-

331 1941 481 2023 quis
526 1942 745 2021 libris,
804 1944 871 2007 id
929 1953 1028 2008 est
1072 1945 1165 2023 M,
1214 1948 1413 2011 fuisse
1469 1953 1759 2012 testatur
1826 1955 1893 2012 et
1960 1949 2054 2011 sic
2113 1946 2329 2011 editur
2385 1948 2536 2011 inde
2605 1968 2645 2010 a

380 2212 428 2272 ¹)
467 2213 685 2267 Eodem
740 2215 933 2284 cap.'§
978 2219 1011 2267 4
1064 2216 1268 2270 frustra
1302 2216 1793 2271 Weissenbornius
1851 2217 2150 2272 defendere
2204 2217 2327 2271 haec
2383 2222 2640 2270 conatur:

470 2304 540 2352 ut
593 2300 929 2370 indignus
987 2306 1064 2354 te·
1105 2308 1325 2370 patre,
1381 2302 1712 2371 indignus
1769 2304 2081 2357 omnibus
2138 2302 2406 2367 videar3
2460 2318 2641 2370 neque

469 2384 617 2439 enim
664 2403 789 2440 cum
837 2387 1096 2440 omnibus
1143 2387 1465 2441 hominibus
1521 2388 1653 2441 talis
1702 2393 1822 2441 erat
1856 2387 2146 2441 Demetrio
2183 2388 2538 2454 coniuncti0‚
2580 2394 2645 2440 ut

471 2468 540 2521 iis
580 2486 638 2522 se
677 2472 907 2540 dignum
934 2465 1216 2541 ‘praestare
1255 2472 1513 2540 deberet3
1552 2489 1734 2543 neque
1771 2474 2031 2527 omnibus
2068 2473 2334 2541 indignus
2372 2472 2642 2526 continuo

472 2561 616 2621 erat,
672 2558 766 2625 qui
803 2573 936 2626 rege
988 2563 1152 2626 patre
1205 2574 1319 2611 non
1357 2558 1561 2628 dignus
1599 2564 1733 2612 erat.
1807 2562 1923 2612 Aut
1976 2576 2103 2612 cum
2158 2556 2444 2612 Gronovio
2498 2558 2638 2611 scri-

472 2639 718 2695 bendum
756 2649 867 2696 est:
903 2641 1237 2712 indignus
1275 2647 1339 2697 te
1374 2650 1591 2713 patre,
1629 2644 1950 2714 indignus
1982 2644 2366 2698 maioribus
2403 2643 2642 2696 videar

472 2731 591 2780 aut:
629 2727 966 2796 indignus
1011 2733 1077 2781 te
1113 2733 1312 2797 patre
1354 2730 1665 2783 omnibus
1703 2729 1960 2783 videar.
2013 2728 2129 2798 [Sic
2156 2727 2442 2796 Bauer-ua]
2496 2727 2639 2781 Tum

473 2815 661 2865 autem
681 2810 733 2880 (ἓ
745 2812 797 2878 5)
817 2813 1007 2880 miror,
1027 2830 1196 2881 quum
1216 2814 1329 2866 iam
1356 2813 1821 2867 Drakenborchio
1842 2831 2034 2867 verum
2057 2815 2116 2868 in
2134 2818 2377 2866 mentem
2398 2811 2644 2864 venisset

472 2896 593 2963 (sed
646 2898 865 2951 incerto
919 2902 977 2950 et
1009 2897 1350 2964 fluctuanti),
1388 2898 1638 2952 nondum
1683 2900 2008 2952 restitutum
2063 2914 2185 2950 esse
2240 2914 2270 2949 e
2323 2895 2638 2951 codicibus:

471 2981 539 3034 id
558 2983 733 3035 enim
768 2982 972 3036 vitiis
1001 2983 1184 3049 meis,
1216 3000 1350 3037 non
1381 2983 1674 3037 cedendi
1705 2984 1801 3049 (sic
1822 2982 1958 3036 hev,
1981 2985 2029 3048 3,
2065 2981 2266 3047 Mead„
2303 2980 2513 3034 Gaertn.
2535 2997 2640 3048 pro

470 3066 807 3135 cedendo,
845 3069 914 3124 de
951 3069 1012 3122 M
1047 3068 1306 3133 tacetur),
1345 3067 1451 3120 cui
1488 3067 1591 3120 ius
1630 3067 1871 3135 fasque
1917 3071 2053 3131 est,
2100 3065 2443 3119 modestia
2480 3080 2645 3117 con-

471 3167 718 3219 sequar
754 3153 901 3221 (edd.
941 3159 1142 3208 contra
1176 3153 1423 3209 codices:
1461 3168 1600 3205 non
1636 3151 1974 3205 modestia
2005 3150 2432 3218 consequar).
2471 3147 2640 3202 Vitiis

469 3243 622 3290 recte
676 3254 787 3291 una
840 3239 1127 3292 contraria
1180 3239 1414 3307 ponitur
1466 3236 1763 3292 cedendi
1818 3236 2194 3303 modestia,
2251 3235 2432 3288 minus
2485 3240 2643 3300 recte

472 3321 783 3377 cedendo
821 3329 892 3376 et
926 3323 1287 3376 modestia.
1363 3322 1607 3391 Propter
1642 3323 1847 3375 vitiis
1885 3322 2163 3390 scriptum
2202 3323 2290 3373 est
2327 3318 2640 3373 cedendo

473 3424 586 3460 non
642 3408 1032 3463 animadversa
1083 3409 1380 3462 verborum
1436 3407 1796 3461 cohaerentia.
1868 3406 2139 3459 Extremo
2198 3404 2382 3473 capite
2435 3401 2494 3470 (ξ
2554 3402 2642 3467 16)

474 3492 921 3562 obtemperatum
960 3495 1213 3563 oportuit
1242 3492 1722 3557 DrakenborchiO,
1761 3491 1855 3560 qui
1890 3509 1993 3561 pro
2032 3508 2117 3556 eo,
2156 3489 2306 3558 quod
2342 3506 2491 3542 nunc
2531 3488 2646 3541 edi·

473 3583 695 3644 tur:—,
734 3579 853 3647 qui
890 3579 1020 3632 iam
1060 3596 1240 3633 nunc
1270 3579 1617 3648 sanguine
1644 3594 1793 3631 meo
1823 3577 1958 3630 sibi
1990 3574 2350 3644 indulgeri
2383 3588 2643 3640 §equum

471 3664 785 3729 censet?,
823 3680 853 3716 e
889 3663 1146 3717 codicum
1192 3665 1421 3718 incertis
1457 3663 1713 3731 vestigiis
1759 3662 1930 3714 eruit:
1971 3661 2374 3729 sanguinem
2429 3675 2641 3712 meum

471 3748 605 3801 sibi
640 3747 995 3816 indulgeri
1033 3765 1096 3802 ω.
1136 3767 1181 3802 c.
1220 3748 1393 3816 (quod
1429 3749 1615 3815 ipsum
1660 3748 1721 3801 in
1765 3747 2017 3816 margine
2054 3746 2188 3800 Lov.
2229 3748 2262 3798 2
2307 3744 2638 3797 adnotatum

470 3832 594 3897 est).
666 3832 1040 3902 Indulgere
1077 3833 1286 3888 alicui
1325 3834 1660 3902 sanguine
1699 3832 1875 3886 aliave
1911 3848 1974 3884 re
2003 3848 2167 3884 nemo
2197 3830 2366 3894 dixit;
2404 3830 2642 3882 alterurn

469 3916 631 3971 Livio
669 3935 964 3973 commune
1002 3919 1111 3973 erit
1146 3936 1272 3972 cum
1308 3919 1577 3972 insecutoe
1617 3918 1802 3972 aetatis
1830 3917 2234 3985 scriptoribus,
2274 3914 2639 3981 Quintilium,

468 4001 672 4056 Tacito
710 4003 877 4068 (Anu.
915 4004 987 4070 11,
1024 4005 1134 4071 38),
1174 4002 1463 4064 Suetonio,
1500 4021 1571 4057 ne
1607 4007 1836 4072 poetas,
1866 4003 2110 4056 Statium
2147 4001 2344 4068 (Theb.
2382 3998 2477 4064 IV,
2516 3998 2643 4063 691)

469 4092 530 4140 et
550 4088 763 4152 Silium,
801 4089 1104 4154 nominem,
1141 4095 1202 4141 ut
1237 4088 1418 4142 multa
1454 4088 1603 4156 apud
1641 4087 1802 4140 illum
1837 4087 2078 4155 primurn
2116 4086 2303 4155 posita
2337 4083 2509 4137 semel
2544 4088 2647 4135 aut

469 4171 676 4225 iterum
711 4174 1086 4241 reperiuntur,
1125 4190 1250 4241 quae
1278 4172 1430 4241 apud
1464 4172 1569 4225 hos
1598 4174 1821 4240 saepius.
1876 4171 1962 4224 Ex
1999 4189 2114 4226 san
2128 4171 2393 4240 guinem
2432 4184 2642 4221 meum

472 4260 657 4309 ortum
700 4259 1035 4327 sanguine
1070 4274 1306 4322 meum,
1344 4261 1465 4309 tum
1502 4273 1663 4309 meo.
1720 4257 1981 4322 (Poterat
2017 4273 2149 4309 sane
2187 4256 2352 4309 etiam
2393 4271 2462 4306 ex
2498 4269 2646 4305 san-

473 4343 684 4409 guine
720 4359 899 4409 mec,
947 4342 1116 4395 modo
1161 4346 1378 4395 rectum
1423 4345 1599 4407 esset,
1649 4341 1784 4394 oriri
1822 4341 2239 4409 sanguinem
2291 4355 2467 4402 meo,
2520 4342 2644 4389 tum

474 4428 731 4493 meum.)
