3230 5282
604 617 730 672 Lib.
769 616 901 671 XXI
919 657 932 668 .
1698 604 1822 665 2¹76

607 788 925 872 positos
949 824 1034 833 —
1058 809 1298 872 quum
1341 788 1814 873 inopinatos
1860 788 2396 869 invasissent,
2432 790 2927 856 restituendum

607 897 1055 981 inopinato.
1166 896 1372 961 Nemo
1443 897 1617 962 enim
1672 896 2189 979 inopinatum
2245 919 2365 982 pro
2422 899 2928 983 inopinante

608 1004 792 1069 dixit.
906 1004 1249 1069 Librarius
1315 1003 1399 1068 ad
1466 1003 1914 1088 praecedentes
1982 1006 2397 1071 accusativos
2462 1005 2589 1072 hoc
2655 1026 2930 1091 quoque

606 1112 1145 1178 accommodavit.
1207 1111 1453 1194 (1862.)
1522 1111 1778 1176 Deinde
1815 1109 1848 1193 ἕ
1892 1115 1921 1175 1
1935 1116 1964 1176 1
2006 1133 2210 1196 quum
2252 1113 2322 1177 in
2368 1113 2709 1180 codicibus
2760 1113 2929 1196 (PC)

436 1235 576 1303 (225)
614 1220 1043 1285 scriberetur:
1090 1219 1337 1285 Varia
1380 1219 1568 1284 inde
1613 1240 1884 1304 pugna
1931 1241 2125 1302 sequ
2146 1227 2537 1307 entesque
2582 1242 2930 1305 cumque

606 1328 702 1410 (M
748 1334 814 1393 et
855 1329 1257 1394 recentiores
1302 1328 1559 1411 aliquot
1617 1348 1809 1411 sequ
1825 1334 2010 1392 ente
2027 1349 2056 1393 s
2114 1349 2636 1413 quaecunque,
2692 1328 2816 1395 alii
2877 1353 2928 1395 s.

608 1457 1033 1520 quacunqu
1051 1457 1085 1501 e
1142 1442 1257 1501 aut
1304 1458 1352 1500 s.
1402 1434 1917 1519 quocunque)
1980 1436 2076 1500 ad
2133 1443 2573 1502 extremum
2617 1458 2790 1522 aequ
2812 1459 2930 1503 as·

608 1551 789 1609 sent
869 1550 1313 1623 certamen,
1402 1544 1658 1609 maior
1734 1550 2003 1608 tamen
2077 1543 2436 1610 hostium
2514 1546 2931 1611 Romanos

607 1650 1031 1732 (recentiores
1049 1704 1063 1731 ‚
1124 1658 1200 1717 ut
1244 1651 1531 1731 videtur,
1590 1652 1701 1717 Ro
1717 1652 1927 1716 mani
1947 1650 2004 1733 s)
2061 1651 2214 1717 fam
2230 1673 2270 1717 a
2324 1654 2543 1718 victo
2559 1653 2696 1718 riae
2743 1652 2931 1733 fuit,

603 1761 672 1822 in
749 1760 977 1841 primis
1056 1759 1271 1825 verbis
1339 1757 1531 1824 facile
1598 1758 2010 1823 intellectum
2078 1767 2181 1825 est
2248 1760 2504 1845 aliquid
2570 1762 2930 1843 excidisse,

604 1866 1173 1951 probabiliterque
1220 1866 1440 1932 editur
1483 1868 1635 1945 iam,
1695 1867 2052 1932 coniuncta
2096 1868 2493 1952 Heusingeri
2538 1871 2934 1935 coniectura

607 1981 674 2037 et
730 1974 974 2039 codicis
1022 1973 1389 2040 Colbertini
1445 1975 1656 2039 altera
1714 1975 2044 2059 scriptura
2087 1974 2150 2057 (c
2164 1997 2285 2040 um
2341 1999 2460 2060 pro
2521 1997 2556 2040 c
2570 1998 2690 2041 um
2707 2000 2751 2061 q
2766 1999 2814 2041 u
2829 1979 2895 2059 e)
2913 2002 2927 2041 :

606 2081 852 2146 Varia
895 2082 1083 2146 inde
1130 2103 1395 2166 pugna
1439 2088 1883 2165 sequentes
1931 2083 2490 2169 cedentesque
2536 2105 2778 2166 quum
2829 2086 2931 2150 ad

606 2210 640 2252 e
658 2194 1046 2253 xtremum
1116 2196 1240 2254 cet.
1323 2188 1483 2272 [velt
1560 2190 1787 2254 varia
1861 2191 1995 2255 ind
2014 2212 2049 2254 e
2127 2213 2395 2275 pugna
2474 2201 2931 2276 sequentes

603 2297 822 2360 inter
884 2297 1024 2360 ced
1043 2304 1470 2380 entesque,
1528 2318 1930 2381 quumque
1973 2333 2088 2379 -—,
2151 2321 2230 2365 eo
2276 2300 2622 2365 verborum
2667 2301 2932 2382 ordine,

606 2403 720 2485 qui
767 2409 870 2467 est
914 2400 1102 2467 XXII
1116 2455 1130 2483 ,
1192 2408 1227 2467 3
1249 2455 1263 2483 ‚
1330 2402 1414 2486 3].
1516 2404 1847 2469 Exti-emis
1902 2405 2121 2471 verbis
2178 2427 2450 2491 prorsus
2495 2408 2932 2476 incredibiles

605 2511 1085 2593 interpretandi
1131 2511 1474 2577 machinas
1521 2513 1889 2593 admovent,
1934 2513 2114 2579 velut
2156 2514 2731 2580 Weissenbornius
2782 2517 2932 2600 (qui

603 2638 724 2701 pro
791 2619 1175 2684 Romanis
1246 2641 1325 2685 ex
1391 2621 1790 2686 Romanos
1870 2619 2090 2687 effecit
2154 2622 2212 2687 R
2230 2646 2268 2689 o
2287 2622 2541 2706 mano)
2609 2622 2757 2689 haec
2830 2627 2930 2691 sic

606 2734 900 2791 enarrat:
992 2728 1245 2792 maior
1321 2728 1681 2793 hostium
1760 2729 1971 2793 fama
2036 2731 2409 2795 victoriae
2476 2730 2636 2797 fuit
2703 2732 2931 2799 fama

603 2834 662 2897 R
677 2857 714 2899 o
730 2856 795 2898 m
810 2856 903 2898 an
922 2857 958 2900 o
978 2887 992 2914 ‚
1049 2837 1116 2899 in
1174 2856 1307 2917 qua
1365 2836 1780 2901 enarratione
1838 2836 1995 2919 quid
2053 2838 2334 2902 maxime
2381 2839 2579 2903 mirer
2593 2890 2607 2918 ,
2663 2842 2928 2923 nescio,

604 2944 1200 3026 comparationisne
1245 2944 1454 3028 ipsius
1501 2944 1980 3009 absurditatem
2016 2943 2177 3027 (qua
2214 2945 2359 3009 duae
2393 2947 2686 3012 victoriae
2726 2947 2931 3014 famae

602 3051 777 3115 inter
833 3071 902 3116 se
960 3050 1500 3135 componuntur),
1571 3073 1657 3115 an
1724 3052 1789 3115 in
1858 3051 1983 3116 hac
2040 3055 2530 3138 comparatione
2583 3056 2930 3122 variatum

601 3179 944 3223 numerum
1011 3161 1078 3223 in
1145 3159 1241 3224 ho
1259 3160 1499 3224 stium
1567 3164 1635 3222 et
1687 3159 1875 3223 Rom
1893 3180 2039 3225 ano
2058 3211 2072 3238 ‚
2141 3182 2224 3224 an
2282 3182 2513 3226 novam
2568 3161 2757 3227 illam
2807 3165 2929 3229 ab·

602 3265 786 3330 lativi
841 3267 908 3330 in
957 3266 1399 3349 comparando
1448 3273 1516 3330 et
1559 3267 1840 3349 genetivi
1887 3266 1991 3348 (fa
2005 3289 2069 3332 m
2083 3289 2124 3333 a
2168 3291 2206 3330 v
2221 3269 2243 3331 i
2260 3289 2294 3332 c
2307 3275 2387 3333 to
2404 3270 2471 3333 ri
2485 3268 2565 3351 ae)
2611 3272 2929 3338 omissio-

602 3394 768 3438 nem.
897 3373 1157 3450 Quanto
1242 3372 1461 3438 fuerat
1535 3374 1770 3438 melius
1836 3373 2062 3455 fateri,
2139 3376 2341 3441 verba
2418 3376 2716 3457 intellegi
2787 3402 2930 3446 non

601 3481 824 3562 posse!
883 3481 1205 3545 Nimirum
1249 3482 1358 3545 hic
1403 3502 1664 3565 quoque
1713 3483 1959 3546 excidit
2002 3482 2254 3566 aliquid
2270 3508 2284 3562 ;
2337 3486 2699 3567 scripserat
2745 3489 2928 3553 enim

600 3587 822 3652 Livius
866 3588 952 3653 ad
996 3589 1167 3652 hanc
1211 3586 1521 3654 formam:
1580 3590 1832 3654 maior
1890 3597 2156 3655 tamen
2214 3591 2309 3657 ho
2327 3593 2572 3656 stium
2633 3611 2731 3654 (τε
2749 3595 2892 3656 des
2914 3647 2929 3674 ‚

493 3743 502 3751 .
603 3714 832 3775 penes
897 3696 1251 3761 Romano
1272 3718 1302 3761 s
1381 3695 1592 3761 fama
1672 3699 2039 3763 victoriae
2105 3698 2282 3763 fuit.
2405 3699 2603 3764 Initio
2675 3704 2929 3786 capitis

603 3801 664 3884 (ξ
713 3803 778 3884 2)
827 3804 987 3868 satis
1036 3809 1287 3867 certum
1331 3803 1607 3883 videtur,
1670 3805 1902 3870 Latine
1948 3828 2079 3871 non
2126 3807 2257 3871 dici
2302 3807 2629 3872 hominem
2677 3828 2716 3871 e
2733 3830 2777 3891 q
2795 3832 2843 3874 u
2861 3833 2929 3875 e-

603 3912 758 3974 stri
826 3912 1144 3993 proelio
1214 3917 1290 3975 et
1349 3912 1685 3976 vulnere
1742 3934 1883 3977 suo
1944 3914 2078 3978 sive
2137 3916 2525 3979 minutum
2580 3915 2721 3979 sive
2783 3917 2927 3983 de-

602 4039 666 4081 m
681 4019 702 4081 i
715 4025 984 4082 nutum
1003 4071 1017 4098 ‚
1083 4026 1157 4083 ut
1225 4019 1426 4084 animi
1495 4020 1806 4084 demissio
1874 4019 2310 4103 significetur3
2380 4043 2531 4105 spes
2600 4024 2781 4088 enim
2860 4034 2931 4091 et

603 4127 858 4190 animus
928 4127 1243 4190 minuitur
1258 4178 1271 4205 ‚
1341 4148 1472 4191 non
1537 4126 1732 4192 homo
1751 4179 1764 4207 ,
1831 4127 2206 4211 frustraque
2275 4127 2600 4195 Homerus
2657 4149 2701 4192 a
2751 4131 2929 4198 Gro-

602 4234 791 4297 novio
851 4235 1207 4298 arcessitur
1263 4235 1451 4299 testis
1466 4286 1479 4313 ‚
1549 4236 1659 4319 qui
1717 4258 1798 4300 ne
1857 4236 2025 4300 dixit
2080 4237 2343 4318 quidem
2388 4239 2485 4302 ita
2526 4244 2787 4316 μινύθειν
2839 4241 2926 4306 de

600 4342 894 4419 homine,
985 4348 1057 4405 ut
1136 4347 1310 4406 esset
1376 4343 1666 4406 animum
1735 4342 2059 4426 frangere.
2175 4342 2346 4420 Quid
2428 4346 2926 4413 restituendum

599 4450 689 4513 sit
768 4448 916 4532 (pro
987 4471 1020 4514 e
1036 4455 1140 4513 tm
1156 4450 1230 4514 in
1247 4455 1388 4513 utu
1404 4449 1495 4532 s),
1573 4450 1845 4515 dubium
1913 4458 2049 4532 est;
2127 4450 2333 4517 fuitne
2404 4452 2927 4519 admonitus?
