3230 5282
577 573 699 626 Lib.
739 572 990 626 XXXIX.
1638 591 1643 594 -
1676 560 1796 619 556

579 743 782 807 bebat
829 743 984 822 (etsi
1030 744 1095 806 in
1141 743 1266 806 hoc
1312 744 1397 807 ad
1442 764 1676 807 novam
1719 762 1857 805 rem
1913 762 2061 804 cum
2118 739 2556 804 admiratione
2601 739 2885 803 transitu

580 848 962 913 difficillime
1011 850 1404 930 excusatur),
1453 850 1755 913 AEmilius
1801 847 2026 912 consul
2075 847 2137 910 in
2184 853 2420 911 senatu
2459 852 2692 912 contra
2736 846 2884 909 Ful-

576 959 753 1020 vium
800 957 1059 1021 dixerat
1103 965 1464 1038 auctorque
1513 957 1731 1021 fuerat
1785 961 2050 1019 senatus
2109 953 2391 1019 consulti
2437 952 2747 1032 faciendi,
2792 960 2881 1027 ut,

578 1086 778 1146 quum
823 1064 1092 1129 Fulvius
1140 1066 1417 1128 Romam
1465 1063 1779 1134 redisset,
1824 1063 1904 1126 de
1951 1061 2216 1143 templis
2265 1061 2630 1125 Ambraciae
2675 1060 2759 1124 ab
2807 1082 2882 1124 eo

579 1170 841 1253 spoliati
933 1172 1031 1234 ad
1089 1171 1434 1253 pontifices
1495 1171 1855 1235 referretur
1903 1163 2290 1251 (XXXVIII,
2351 1167 2485 1248 44).
2576 1167 2719 1232 Hoc
2772 1169 2881 1249 qui

577 1279 791 1360 possit
855 1279 1153 1360 quamvis
1222 1279 1540 1344 invidiose
1608 1279 1713 1342 his
1768 1277 1985 1342 verbis
2034 1275 2403 1358 significari,
2470 1281 2547 1338 ut
2590 1274 2884 1339 AEmilius

580 1385 838 1449 dicatur
884 1387 1024 1469 ipse
1084 1385 1179 1449 ad
1224 1385 1682 1468 pontifices
1742 1384 2222 1449 calumniam
2282 1382 2709 1459 attulisse,
2757 1403 2883 1446 non

576 1493 795 1571 vide03
829 1514 983 1557 nam
1020 1492 1417 1556 calumniam
1451 1492 1671 1557 adfert
1706 1492 1791 1556 ad
1826 1491 2116 1574 aliquem
2149 1491 2288 1573 ipse
2313 1490 2611 1554 occultus
2645 1490 2884 1554 calum-

577 1601 814 1663 niator.
922 1598 1050 1664 Sed
1107 1600 1469 1664 remedium
1529 1621 1662 1664 non
1720 1599 1978 1681 reperio
2037 1598 2182 1663 loco
2239 1597 2525 1662 fortasse
2581 1596 2882 1661 lacunam

405 1711 546 1781 (452)
583 1706 873 1770 habenti.
964 1707 1036 1770 Id
1084 1707 1353 1771 dubium
1409 1729 1539 1771 non
1607 1714 1738 1785 est,
1800 1707 1956 1790 quin
2015 1707 2311 1787 proxima
2378 1705 2576 1769 verba
2630 1703 2885 1768 codices

576 1813 737 1877 Pall.
798 1822 866 1878 et
912 1813 1524 1881 Drakenborchiani
1584 1813 1694 1894 (de
1751 1814 1815 1877 M
1873 1813 2160 1893 tacetur)
2227 1819 2408 1876 recte
2476 1813 2569 1876 sic
2637 1812 2880 1894 scripta

576 1921 896 1985 habeant:
964 1922 1043 1984 in
1101 1921 1537 1985 Ambracia
1590 1941 1745 1984 una
1791 1927 2032 2003 capta
2074 1942 2225 1985 non
2272 1919 2639 1983 valuerit
2682 1918 2884 1983 belli

576 2029 700 2092 ius
747 2028 882 2108 (bei
930 2028 1077 2092 dem
1126 2028 1473 2092 eroberten
1518 2027 1921 2108 Ambracia),
1980 2027 2091 2091 ubi
2139 2027 2361 2090 editur
2417 2026 2491 2089 in
2553 2025 2885 2090 Ambra-

579 2137 781 2198 ciam
827 2156 1059 2198 unam
1107 2141 1440 2218 captam.
1535 2134 1723 2219 Saepe
1790 2137 1857 2198 in
1914 2135 2040 2198 hoc
2094 2155 2221 2198 usu
2280 2133 2762 2216 praepositionis
2806 2134 2885 2197 in

579 2242 944 2306 aberratur.
961 2242 1019 2323 ¹)

749 2346 904 2431 Cap.
955 2353 1011 2426 7,
1059 2352 1097 2410 2
1167 2347 1276 2428 (de
1322 2347 1653 2431 triumpho
1715 2346 1828 2412 Cn.
1875 2348 2107 2411 Manlii
2169 2369 2250 2411 ex
2306 2347 2527 2428 Asia):
2596 2347 2884 2411 Militi-

577 2455 722 2519 bus
781 2456 1357 2538 quadragenos
1425 2455 1662 2520 binos
1732 2455 2120 2519 denarios
2190 2455 2513 2532 divisit,
2585 2455 2887 2537 duplex

578 2564 1064 2641 centurioni,
1113 2569 1192 2627 et
1239 2562 1739 2645 stipendium
1787 2562 2083 2645 duplex
2127 2563 2210 2625 in
2255 2562 2577 2645 pedites
2624 2562 2885 2643 dedit,

574 2672 881 2754 triplex
939 2672 1016 2734 in
1074 2672 1420 2751 equites.
1514 2669 1684 2746 Quid
1747 2678 1918 2735 esset
1977 2671 2044 2734 in
2089 2670 2191 2733 his
2236 2670 2378 2734 vitii
2425 2677 2492 2734 et
2537 2670 2699 2753 quid
2743 2691 2888 2735 sen-

572 2780 783 2843 tentia
816 2779 1199 2860 requireret,
1237 2776 1539 2841 Dukerus
1589 2783 1657 2841 et
1691 2775 2273 2842 Drakenborchius
2322 2777 2644 2843 viderunt.
2713 2777 2879 2841 Nam

575 2908 788 2969 neque
834 2887 899 2949 in
947 2886 1268 2949 communi
1315 2884 1668 2966 largitione
1716 2884 2120 2967 triumphali,
2166 2882 2408 2967 peditis
2456 2890 2522 2947 et
2558 2884 2883 2948 centurio-

573 2994 676 3057 nis
724 3013 979 3057 summa
1024 2993 1356 3070 distincta,
1404 2992 1671 3055 tertium
1733 2993 1973 3075 equitis
2031 2991 2308 3072 gradum
2369 2992 2583 3056 omitti
2649 3012 2880 3074 perpe-

572 3105 725 3163 tuus
773 3121 911 3164 mos
957 3100 1218 3164 sinebat
1264 3105 1628 3181 contraque
1665 3100 1728 3162 in
1768 3098 2096 3182 stipendio
2133 3105 2321 3163 extra
2356 3098 2649 3163 ordinem
2685 3105 2881 3162 aucto

571 3205 948 3270 huiusmodi
995 3205 1294 3270 ordinum
1344 3206 1837 3271 distinctionem
1876 3206 2092 3270 locum
2137 3227 2269 3270 non
2314 3206 2560 3270 habere
2608 3213 2677 3270 et
2714 3206 2876 3269 Livii

570 3312 702 3378 loci
750 3313 829 3375 do
877 3313 1124 3395 duplici
1167 3312 1489 3394 triplicive
1539 3314 1871 3395 stipendio
1930 3313 2289 3377 ostendunt
2346 3334 2387 3376 a
2432 3312 2699 3378 Dukero
2747 3312 2881 3377 col·

571 3418 726 3482 lecti
770 3419 1036 3499 (XXIII,
1076 3423 1174 3498 20,
1215 3425 1273 3497 2,
1314 3419 1641 3498 XXXVII,
1684 3426 1781 3498 59,
1809 3425 1866 3497 6,
1906 3420 2039 3497 XL,
2077 3425 2179 3497 43,
2219 3425 2285 3483 7:
2320 3420 2741 3484 militibus
2788 3420 2881 3483 de

574 3526 842 3608 praeda
867 3561 949 3570 —
972 3526 1279 3608 triplex
1304 3528 1578 3609 equiti,
1606 3562 1692 3571 —
1716 3534 1796 3591 et
1821 3527 2330 3610 stipendium
2355 3528 2723 3592 omnibus
2751 3528 2878 3591 du-

571 3633 648 3714 pl
667 3653 785 3711 ex3
825 3653 977 3696 nam
1003 3633 1237 3709 XXIX,
1267 3638 1322 3711 3,
1352 3640 1387 3699 5
1413 3641 1479 3698 et
1502 3634 1704 3714 XXX,
1735 3640 1829 3712 16,
1863 3639 1937 3696 12
1963 3635 2127 3699 nihil
2151 3635 2234 3698 ad
2261 3635 2429 3699 hanc
2462 3635 2872 3717 largitionem

569 3740 934 3823 pertinent)
974 3746 1041 3804 et
1086 3740 1295 3805 multo
1341 3743 1550 3824 magis
1584 3743 1680 3805 rei
1714 3749 1983 3821 natura3
2030 3763 2181 3807 nam
2222 3744 2620 3826 stipendium
2664 3745 2878 3826 ipsum

619 4024 670 4089 ¹)
709 4025 865 4092 Quod
905 4044 951 4079 c.
1003 4028 1050 4093 5,
1088 4030 1121 4082 9
1159 4045 1227 4081 ex
1272 4028 1332 4080 M
1386 4028 1572 4081 editur
1618 4045 1973 4082 necessum
2033 4035 2219 4084 esset
2268 4030 2505 4098 (Gelenii
2553 4029 2692 4097 fide;
2747 4048 2877 4085 nam

710 4110 1053 4164 Carbachius
1101 4112 1234 4165 inde
1284 4114 1536 4166 enotavit
1588 4130 1867 4168 necesse
1923 4122 2132 4181 esset3
2168 4115 2228 4168 in
2279 4118 2483 4170 ceteris
2521 4121 2609 4170 est
2642 4133 2876 4170 neces·

712 4196 962 4247 sarium
1009 4198 1219 4261 esset)
1259 4202 1316 4250 et
1350 4196 1601 4262 XXXIV,
1640 4200 1688 4263 5,
1727 4200 1758 4250 2
1805 4216 1874 4252 ex
1927 4199 2126 4253 eodem
2173 4217 2535 4254 necessum
2584 4207 2700 4256 est
2754 4200 2877 4268 (ubi

707 4278 751 4330 B
790 4285 846 4331 et
883 4281 1060 4333 ceteri
1096 4280 1308 4334 habent
1356 4298 1637 4335 necesse
1693 4281 1836 4347 est),
1884 4282 2046 4336 valde
2092 4302 2308 4352 vereor,
2347 4304 2417 4340 ne
2456 4304 2615 4340 casus
2653 4303 2757 4339 nos
2794 4286 2874 4338 lu·

707 4362 805 4416 dat
853 4364 911 4416 in
951 4364 1168 4419 duobus
1221 4365 1308 4418 his
1357 4367 1496 4420 locis
1541 4366 1861 4420 Plautinam
1898 4366 2406 4439 Lucretianamque
2454 4371 2747 4440 pervagati
2782 4387 2876 4424 vo·

708 4449 892 4503 cabuli
929 4447 1163 4503 formam
1203 4451 1488 4505 obiiciens.
