3230 5282
1381 653 1502 713 675
1884 619 1890 628 ⁶
2233 665 2356 720 Lib.
2396 666 2592 720 xmv.

300 836 619 918 scriptum
665 823 751 900 ad
798 836 1112 902 decimo
1170 836 1335 916 die,
1390 859 1520 903 non
1568 838 2043 917 animadverso,
2093 840 2276 921 sequi
2328 848 2602 906 castra

297 943 635 1025 movit.¹)
725 944 974 1010 Eodem
1021 945 1235 1029 capite
1282 952 1571 1011 extremo
1619 944 1681 1028 (ἓ
1734 946 1839 1028 12)
1886 947 1978 1011 sic
2025 947 2362 1012 scribitur:
2412 947 2593 1033 Ipse
2629 955 2768 1025 (559)

299 1051 637 1134 (Perseus)
707 1074 876 1118 cum
944 1053 1293 1136 reliquis
1360 1053 1622 1137 copiis
1690 1055 1912 1124 circa
1977 1054 2215 1119 Dium
2294 1057 2602 1121 stativa

299 1159 625 1242 habuit3
675 1161 994 1241 deinde,
1043 1161 1245 1227 adeo
1291 1168 1377 1226 ut
1422 1161 1944 1246 obtorpuisse
1989 1163 2222 1247 inops
2268 1163 2602 1229 consilii

298 1268 741 1349 videretur,
780 1290 949 1335 cum
985 1270 1156 1352 (cod.
1191 1270 1393 1335 adeo
1430 1276 1514 1334 ut
1551 1271 2125 1354 obtorpovisse
2158 1270 2389 1337 inobs
2429 1292 2601 1337 con-

299 1377 472 1443 silii
506 1379 783 1444 videre
830 1378 1164 1460 circum)
1211 1377 1627 1463 equitibus
1663 1379 2068 1464 expeditis
2114 1379 2363 1444 litore
2397 1393 2601 1444 nunc

297 1485 805 1565 Heracleum,
852 1507 1058 1551 nunc
1102 1485 1420 1551 Philam
1466 1488 2040 1571 percurrebat,
2088 1486 2366 1553 eodem
2412 1486 2600 1552 inde

300 1616 539 1660 cursu
584 1595 816 1660 Dium
860 1601 1263 1679 repetens.
1331 1594 1560 1681 Neque
1606 1595 1808 1661 adeo
1854 1602 1938 1661 ut
1981 1616 2102 1680 pro
2145 1602 2235 1661 ut
2277 1601 2455 1660 recte
2503 1596 2599 1660 di-

301 1705 503 1782 citur,
549 1704 664 1769 ubi
706 1724 959 1787 magnae
1002 1705 1099 1769 rei
1142 1703 1326 1768 nulla
1371 1710 1473 1768 est
1516 1705 1808 1784 notatio,
1866 1711 1933 1769 et
1976 1702 2174 1783 haec,·
2204 1703 2363 1787 quid
2405 1701 2599 1768 facile

300 1813 537 1877 coniici
581 1833 660 1877 ex
704 1811 818 1878 illa
863 1813 1356 1897 percursatione
1403 1814 1713 1896 potuerit,
1759 1811 2148 1896 ‘significatio
2194 1831 2391 1895 prave
2433 1832 2599 1895 prse-

298 1921 583 1986 mittitur
625 1922 754 2005 ipsi
799 1921 895 1986 rei
939 1921 1339 2000 narrationi3
1388 1921 1504 1986 sed
1547 1921 1690 1986 haec
1734 1922 1990 1987 minora
2033 1927 2100 1985 et
2143 1919 2423 1985 fortasse
2468 1940 2599 1984 non

301 2028 601 2094 omuibus
645 2030 1024 2114 perspicua;
1092 2028 1256 2093 illud
1300 2028 1752 2109 manifestum,
1820 2029 2113 2114 torporis
2159 2029 2600 2112 suspicionem

302 2158 380 2202 ex
425 2144 748 2221 perpetua
792 2138 1289 2203 concursatione
1333 2138 1518 2202 nasci
1570 2158 1702 2202 non
1747 2135 2072 2222 potuisse,
2131 2158 2276 2220 quae
2319 2137 2598 2202 maxime

303 2246 521 2311 aliena
587 2252 688 2310 est
745 2246 829 2310 ab
895 2253 1163 2329 torpore
1209 2244 1458 2311 defixis.
1548 2245 1769 2311 Livius
1834 2247 2191 2329 scripserat
2256 2246 2600 2329 aptissima

303 2361 370 2420 et
418 2356 749 2420 sententia
793 2361 860 2419 et
905 2355 1237 2420 oratione:
1285 2354 1599 2434 deinde,
1649 2356 1891 2433 credo,
1934 2374 2023 2417 ιο
2069 2354 2597 2438 obtorpuisse

296 2497 389 2508 —
428 2463 879 2543 videretur,
944 2498 1030 2510 —
1094 2484 1298 2528 nunc
1354 2462 1839 2528 Heracleum
1896 2469 2017 2528 cet.
2107 2462 2361 2527 Acerbe
2405 2462 2598 2545 signi-

299 2570 474 2652 ficat,
522 2571 770 2636 nullam
814 2571 1013 2636 aliam
1046 2571 1261 2637 inanis
1305 2570 1481 2636 illius
1515 2571 1738 2637 Persei
1771 2571 2284 2656 percursationis
2331 2589 2600 2634 causam

299 2681 508 2747 videri
552 2680 790 2760 fuisse,
836 2681 964 2745 nisi
1007 2686 1083 2745 ut
1127 2680 1416 2763 torporis
1462 2702 1542 2745 ex
1585 2682 1811 2765 inopia
1856 2680 2110 2747 consilii
2156 2680 2599 2763 suspicionem

293 2795 676 2855 removeret.
771 2787 1075 2872 [Praestat
1140 2788 1427 2855 fortasse
1486 2808 1636 2853 cum
1697 2788 2081 2855 Gitlbauero
2142 2786 2460 2867 scribere,
2529 2788 2597 2851 in

347 3078 401 3144 ¹)
437 3078 549 3132 Pro
587 3096 678 3145 eo,
716 3079 869 3148 quod
905 3079 1159 3146 sequitur
1195 3076 1248 3146 (ξ
1285 3078 1364 3145 5):
1421 3095 1646 3146 quum,
1696 3082 2127 3146 exponerent
2160 3078 2226 3132 in
2273 3077 2597 3145 consili0,

437 3165 781 3230 iussisset,
817 3165 1129 3218 rectissime
1167 3163 1483 3218 Gronovius
1521 3168 1578 3216 et
1614 3163 1903 3227 Creverius
1953 3180 2303 3232 exponere
2349 3163 2461 3232 legi
2498 3180 2593 3217 vo·

439 3250 677 3304 luerunt.
749 3248 944 3317 Neque
997 3251 1055 3303 in
1108 3249 1206 3303 tali
1258 3268 1321 3304 re
1377 3249 1499 3313 (ubi
1551 3266 1668 3303 non
1722 3249 1792 3302 de
1853 3249 2086 3323 decreto
2146 3248 2353 3319 agitur)
2405 3249 2598 3302 Livius

439 3333 642 3387 iubeo
692 3333 906 3388 faciat
952 3336 1105 3403 quis
1148 3336 1287 3389 dicit
1320 3351 1530 3403 neque,
1585 3334 1633 3387 si
1677 3335 1758 3388 ita
1794 3334 2023 3400 diceret,
2060 3335 2160 3389 illo
2197 3335 2394 3388 ordine
2430 3334 2600 3388 verba

440 3420 736 3488 posuisset,
772 3426 849 3479 ut,
877 3422 1048 3474 verbo
1080 3426 1504 3489 exponerent
1540 3420 1795 3474 subiecto
1823 3421 2112 3489 particulae
2144 3437 2363 3489 quum,
2386 3436 2602 3493 summa

441 3511 690 3558 oreretur
727 3507 1076 3575 ambiguitas.
1148 3505 1233 3559 De
1255 3554 1262 3557 .
1286 3502 1565 3573 frequenti
1619 3505 1679 3558 in
1733 3505 1841 3559 hoc
1895 3505 2085 3560 codice
2140 3506 2343 3560 erroris
2398 3521 2600 3574 genere

440 3589 553 3642 ‹h'xi
599 3589 671 3643 ad
715 3589 881 3658 XLII,
928 3593 1012 3657 24,
1051 3596 1076 3644 1
1115 3609 1168 3658 p.
1206 3592 1331 3657 5193
1368 3590 1458 3644 hic
1496 3590 1721 3658 quidem
1757 3590 1965 3661 duplex
2001 3592 2223 3647 errandi
2276 3607 2444 3646 causa
2477 3588 2600 3656 fuit,
2686 3610 2693 3617 ·

440 3692 638 3743 quum
695 3681 754 3730 et
805 3677 1153 3729 iussisset.
1226 3675 1374 3745 (Cap.
1421 3677 1505 3741 35,
1553 3678 1586 3728 2
1640 3676 1819 3730 codex
1871 3676 2066 3732 habet:
2138 3677 2255 3745 qui
2308 3675 2601 3729 Pantau-

439 3759 635 3814 chum
688 3789 755 3798 —
809 3761 1459 3830 appropinquarent
1511 3761 1766 3814 castris
1816 3769 2147 3816 vetarent
2197 3779 2302 3830 pro
2350 3777 2596 3830 appro-

441 3846 797 3915 pinquare3
835 3847 929 3901 lib.
965 3843 1169 3913 XLIII,
1206 3847 1255 3911 3,
1291 3848 1350 3899 6:
1407 3851 1480 3901 et
1525 3848 1582 3899 si
1638 3863 1766 3915 qua
1807 3854 2151 3916 praeterea
2186 3847 2449 3903 vellent
2483 3846 2597 3900 im·

435 3937 766 3999 perarent
809 3948 917 4001 pro
953 3931 1328 4000 imperare.)
1398 3930 1431 4000 §
1473 3934 1536 3985 10
1587 3932 1908 3986 iuvenum
1962 3938 2286 4002 corruptum
2325 3948 2445 3986 esse
2482 3948 2598 3985 cer-

437 4021 557 4069 tum
593 4022 707 4082 est3
743 4035 922 4085 neque
960 4018 1123 4083 enim,
1161 4033 1329 4084 quum
1366 4017 1501 4071 levis
1547 4021 1835 4071 armatura
1868 4019 2185 4072 mitteretur
2218 4018 2448 4084 eiusque
2483 4032 2600 4070 non

437 4101 619 4155 minus
654 4100 706 4154 X
741 4102 940 4167 millia,
977 4102 1094 4155 ulla
1129 4106 1354 4171 poterat
1388 4118 1508 4156 esse
1547 4100 1733 4156 aetatis
1770 4101 2031 4168 selecti03
2066 4120 2169 4157 nec
2200 4107 2386 4156 tam-en
2418 4101 2600 4169 gentis

439 4204 648 4240 nomen
683 4187 857 4254 (velut
890 4187 1291 4257 Agrianum)
1328 4187 1554 4242 subesse
1606 4191 1809 4257 potest,
1863 4189 2123 4257 quoniam
2167 4188 2228 4241 in
2281 4185 2473 4239 Persei
2511 4202 2600 4239 ex·

438 4273 616 4326 ercitu
659 4271 868 4326 nullius
905 4279 1110 4341 praeter
1143 4273 1293 4340 ipsos
1329 4271 1670 4326 Macedonas
1709 4273 1896 4340 gentis
1928 4279 2122 4327 tantus
2150 4276 2273 4326 erat
2299 4275 2397 4325 aut
2422 4287 2599 4341 prope

437 4361 628 4411 tantus
654 4374 918 4411 numerus
938 4358 1074 4425 (vid.
1094 4357 1266 4424 XLII,
1286 4358 1387 4424 51).
1444 4356 1651 4411 Fuitne
1687 4357 1861 4412 levis
1898 4364 2261 4412 armaturoe
2296 4357 2597 4426 plurium

441 4441 873 4511 (variarum‘?)
929 4444 1289 4511 gentium?
1370 4440 1543 4511 [Fort.
1600 4444 1780 4511 levis
1844 4448 2206 4497 armaturoe
2261 4444 2598 4511 alienige-

441 4544 479 4581 n
491 4545 528 4580 u
541 4545 614 4580 m.
678 4526 845 4596 1864]

2041 4630 2140 4683 43*
