3230 5282
1508 612 1632 672 537
2274 623 2398 678 Lib.
2435 624 2716 678 XXXVII.

588 789 745 875 Cap.
798 796 895 871 58,
942 798 980 857 8
1043 794 1184 871 (ubi
1244 801 1696 877 comparatur,
1723 795 2045 877 proelium
2113 794 2196 859 ad
2253 795 2722 879 Thermopylas

415 920 561 963 cum
608 898 784 963 bello
821 900 889 964 in
922 900 1084 965 Asia
1118 922 1157 965 a
1196 902 1265 966 L.
1307 901 1610 985 Scipione
1647 901 1889 983 gesto):
1952 908 2207 982 quota
2243 904 2448 967 enim
2488 910 2719 987 parte

415 1006 705 1069 virium
752 1028 1079 1072 suarum
1124 1010 1242 1073 ibi
1290 1010 1403 1089 (ad
1447 1009 1945 1092 Thermopylas)
1985 1009 2403 1074 dimicavit
2447 1012 2721 1076 Antio-

417 1112 653 1177 chus?
745 1113 831 1177 In
878 1116 1070 1179 Asia
1116 1116 1576 1200 (probabiliter
1620 1116 2214 1181 Weissenbornius:
2262 1117 2718 1200 Magnesiae)

415 1221 913 1286 totiusAsiae
949 1228 1364 1288 steterunt
1400 1225 1652 1301 vires,
1700 1224 1794 1287 ab
1821 1224 2136 1288 ultimis
2162 1225 2529 1289 Orientis
2574 1247 2720 1291 om·

415 1330 631 1392 nium
678 1331 1035 1411 gentium
1063 1332 1520 1396 contractis
1557 1332 1922 1395 auxiliiS.
1991 1330 2099 1395 Sic
2136 1332 2382 1413 primus
2411 1331 2720 1397 Gelenius

422 1435 659 1514 edidit,
727 1458 925 1520 quum
994 1445 1147 1501 ante
1217 1437 1781 1503 circumferretur:
1851 1438 1949 1502 ab
2020 1438 2284 1502 ultimi
2353 1438 2719 1505 Orientis

417 1543 1145 1626 partibus,'testatus
1171 1544 1595 1628 ”partibus
1620 1546 1685 1608 in
1722 1547 1926 1609 veteri
1963 1546 2295 1628 scriptura
2331 1567 2462 1610 non
2500 1546 2719 1627 addi“;

418 1656 640 1714 cetera
682 1651 928 1733 ipsisne
973 1650 1080 1716 his
1127 1651 1369 1716 litteris
1415 1654 1482 1716 in
1528 1651 1596 1715 M
1643 1651 1914 1728 fuerint,
1962 1674 2091 1716 non
2138 1652 2317 1716 dicit.
2407 1654 2501 1717 Ac
2532 1675 2719 1736 par-

416 1757 637 1821 tibus
675 1758 962 1841 quidem,
1011 1759 1185 1841 quod
1224 1780 1343 1824 nec
1379 1760 1432 1823 B
1468 1780 1589 1823 nec
1626 1758 2230 1824 Drakenborchiani
2264 1760 2526 1839 habent,
2570 1759 2704 1825 fru-
2739 1767 2897 1835 (435)

414 1870 551 1928 stra
598 1864 963 1929 Gronovius
1010 1865 1358 1931 defendere
1405 1874 1682 1931 conatus
1728 1874 1848 1931 est.
1916 1866 2140 1948 Neque
2185 1874 2405 1931 tamen
2449 1888 2720 1949 prorsus

424 1979 680 2035 certum
725 1978 844 2050 est,
890 1972 1162 2051 Livium,
1230 1981 1304 2038 ut
1358 1973 1649 2038 ultima
1695 1973 2137 2056 Hispaniae,
2197 1973 2568 2052 Euboeae,
2624 1975 2761 2039 sic‘

417 2078 705 2142 ultima
750 2080 1119 2144 Orientis
1165 2102 1284 2163 pro
1332 2080 1623 2146 ultimo
1670 2081 2009 2145 Oriente
2068 2080 2343 2156 dixisse,
2413 2081 2718 2162 quoniam

417 2184 709 2250 Orientis
767 2208 1003 2251 nomen
1071 2188 1364 2253 nondum
1425 2188 1549 2274 hac
1595 2195 1789 2252 aetate
1837 2195 2064 2269 aperte
2132 2194 2326 2251 certae
2392 2195 2718 2251 terrarum

414 2294 625 2375 partis
650 2293 1194 2376 significationem
1228 2295 1451 2373 habet,
1493 2316 1639 2378 quae
1678 2294 1881 2359 dividi
1919 2295 2012 2359 sic
2050 2296 2279 2376 possit.
2349 2294 2476 2358 Pro
2522 2293 2718 2358 ulti-

414 2421 477 2463 m
494 2402 514 2463 i
530 2422 560 2464 s
583 2403 650 2464 in
676 2401 947 2492 dimidia
967 2401 1104 2465 fere
1130 2402 1908 2467 Drakenborchianorum
1934 2402 2231 2466 codicum
2264 2408 2452 2483 parte
2478 2402 2717 2481 (Voss,

412 2508 560 2571 Lov.
622 2511 671 2585 1,
719 2514 777 2584 4,
816 2508 1027 2573 Mead.
1066 2510 1375 2592 utroque)
1422 2509 1691 2574 ultimi
1738 2510 2070 2587 scribitur,
2118 2510 2184 2572 in
2220 2509 2273 2572 B
2319 2516 2571 2573 autem:
2618 2508 2718 2573 ab

409 2614 683 2679 ultimi
753 2615 1123 2681 Orientis
1191 2617 1271 2680 in
1342 2618 1690 2682 omnium
1749 2623 1870 2682 cet.
1961 2617 2036 2681 In
2096 2615 2336 2682 ceteris
2404 2615 2590 2681 codd.
2637 2617 2716 2680 in

409 2730 526 2787 aut
553 2724 885 2789 sublatum
912 2744 1056 2788 esse
1081 2724 1336 2789 videtur
1362 2732 1477 2789 aut
1500 2725 1584 2789 ab
1609 2727 1711 2803 iis,
1737 2727 1848 2809 qui
1875 2724 2313 2802 contulerunt,
2346 2746 2477 2789 non
2514 2726 2714 2788 adno-

407 2837 639 2894 tatum.
708 2830 783 2894 In
821 2839 1102 2895 mentem
1141 2831 1298 2895 mihi
1336 2834 1530 2908 venit,
1568 2835 1632 2896 in
1673 2853 1750 2897 eo
1787 2852 2134 2914 superesse
2173 2832 2511 2910 vestigium
2547 2851 2719 2894 verae

406 2940 749 3021 scripturae
786 2938 1178 3016 huiusmodi,
1220 2960 1366 3021 quae
1391 2961 1522 3004 una
1556 2943 1783 3008 littera
1824 2940 1906 3020 (s)
1940 2940 2287 3020 geminata,
2327 2959 2461 3002 una
2484 2938 2718 3002 addita

408 3045 717 3110 efficitur:
765 3046 860 3110 ab
905 3044 1179 3110 ultimi
1226 3045 1591 3110 Orientis
1641 3046 1820 3110 sinu
1869 3067 2060 3111 omn.
2119 3046 2475 3127 gentium
2524 3065 2715 3108 con-

404 3154 710 3219 tractis
756 3152 1118 3217 auxiliis
1212 3152 1319 3218 Sic
1357 3174 1502 3216 eam
1538 3159 1796 3234 partem
1830 3153 2051 3217 Livius
2088 3151 2486 3234 significaret
2521 3152 2714 3229 Asiae,

401 3259 517 3326 ubi
582 3259 852 3325 ultimus
910 3268 1234 3326 terrarum
1291 3260 1441 3326 finis
1509 3261 1594 3324 ad
1653 3261 1984 3325 Oceanum
2053 3263 2443 3324 sinuaretur.
2532 3258 2717 3322 Nihil

398 3375 622 3432 tamen
671 3367 1044 3448 adfirmo.¹)

535 3550 679 3604 isse
716 3550 950 3619 dicitur,
999 3570 1125 3621 quae
1165 3554 1301 3619 sint,
1350 3571 1465 3608 non
1502 3556 1795 3624 intelleg03
1851 3555 1951 3609 sed
1984 3555 2155 3621 nihil,
2205 3554 2354 3622 quod
2390 3554 2584 3606 melius
2621 3554 2712 3619 sit,

536 3637 857 3704 excogitare
906 3654 1148 3706 possum.
1225 3638 1513 3707 [Mendum
1562 3641 1621 3693 in
1669 3640 2039 3705 substantiVO‚
2092 3657 2208 3693 non
2255 3639 2315 3691 in
2364 3639 2535 3691 verbo
2586 3655 2708 3691 esse

534 3726 792 3787 apparet3
850 3739 976 3775 nam
1024 3741 1201 3792 neque
1245 3726 1460 3780 multa
1506 3725 1794 3793 congiaria
1841 3725 2136 3792 quisquam
2182 3724 2289 3778 hac
2343 3727 2509 3777 aetate
2554 3723 2712 3776 dedit

535 3809 591 3855 et
626 3805 778 3872 quod
814 3805 883 3858 de
920 3824 1170 3877 magna
1204 3816 1404 3878 parte
1441 3810 1793 3863 hominum
1830 3808 2082 3874 additur,
2133 3809 2462 3876 singillatim
2497 3809 2706 3862 multos

533 3886 699 3941 donis
737 3890 1036 3959 obligatos,
1074 3912 1189 3947 non
1225 3895 1446 3962 plebem
1485 3896 1844 3949 conciliatam
1881 3893 2178 3963 significat.
2246 3893 2449 3949 Fuitne
2487 3893 2714 3947 multa

529 3988 555 4022 e
614 3974 802 4042 copis
862 3977 1053 4041 tegla
1109 3978 1502 4034 habuerat?
1567 3980 1728 4034 Certe
1786 3979 1937 4033 dona
1985 3997 2015 4033 e
2064 3978 2259 4048 praeda
2305 3979 2465 4046 regia
2511 3994 2704 4030 manu-

533 4057 754 4126 biisque
792 4060 1164 4128 significatur.
1243 4063 1413 4131 1876]

446 4141 465 4172 ¹
627 4146 659 4195 4
708 4143 767 4196 in
815 4144 929 4198 his:
1224 4149 1235 4160 '
1855 4165 1887 4200 a
2155 4165 2187 4200 o
2241 4166 2266 4200 s
2329 4147 2476 4200 ecie
2530 4163 2597 4199 re
2659 4146 2713 4198 ii

478 4139 496 4206 )
535 4139 746 4281 §rium
763 4229 884 4296 phi
931 4164 1292 4286 ευῖἓίῖξοξιιιιῗι
1331 4165 1466 4285 ἒείἒ
1481 4153 2022 4301 12:33'mqsog1tiz
2067 4167 2221 4287 ili-am
2272 4166 2547 4285 grationis
2593 4162 2705 4283 sgr·

523 4328 671 4364 mam
716 4312 930 4367 includi
976 4316 1135 4369 nullo
1185 4318 1356 4370 modo
1405 4323 1618 4385 potest,
1673 4317 1815 4371 vidit
1849 4317 2179 4371 Gronovius.
2266 4317 2537 4369 Additum
2583 4319 2713 4380 est,-

534 4402 593 4448 ut
640 4397 1072 4454 admonerentur
1119 4402 1398 4469 legentes,
1454 4419 1887 4470 nequaquam
1935 4420 2061 4471 pro
2111 4402 2342 4471 specie
2380 4418 2525 4454 esse:
2583 4416 2671 4452 ne

527 4497 867 4548 quaquam
904 4490 1116 4548 tanta,
1155 4491 1420 4553 quanta
1456 4487 1882 4542 conveniret
1918 4488 2202 4556 speciei.
