3230 5282
1819 622 1896 682 12

706 829 868 874 suae
925 806 1145 890 (sua),
1207 811 1279 870 11
1345 806 1881 891 profligatam
1947 806 2107 871 iam
2167 826 2332 871 rem
2372 841 2462 850 —
2525 791 2780 870 Ro'mae
2836 826 2998 871 esse

566 918 672 985 (11)
711 918 1306 998 insecutosque
1385 914 1996 998 (insecutique),
2080 918 2191 994 56,
2263 918 2338 978 12
2406 913 2999 1000 appellationis

705 1045 966 1103 causa,
1010 1026 1089 1089 in
1137 1045 1370 1108 quam
1418 1023 1522 1106 (in
1567 1022 1801 1107 quod,
1849 1022 1932 1088 de
1977 1044 2106 1105 quo
2153 1022 2299 1087 loco
2347 1022 2561 1088 dicam
2610 1021 3000 1107 separatim),

704 1133 813 1213 IV,
860 1138 919 1213 8,
979 1137 1018 1197 6
1073 1132 1153 1198 id
1212 1132 1428 1217 quod
1484 1139 1682 1198 tunc
1738 1138 1919 1197 erat
1970 1132 2233 1214 magis
2286 1132 2844 1197 necessarium
2901 1131 3000 1213 (id

704 1241 918 1325 quod
960 1247 1155 1307 tunc
1200 1245 1393 1321 erat,
1440 1242 1691 1323 magis
1735 1240 2220 1319 necessarii,
2269 1239 2350 1305 de
2397 1261 2527 1324 quo
2575 1239 2722 1304 loco
2757 1239 3003 1305 dicetur

706 1351 1093 1435 separatim,
1164 1349 1373 1433 magis
1430 1349 1634 1414 etiam
1689 1348 1773 1413 de
1818 1368 1871 1413 c.
1924 1352 1979 1428 7,
2052 1347 2177 1430 11),
2240 1352 2338 1428 13,
2397 1353 2437 1412 4
2483 1354 2716 1413 tanto
2762 1367 3002 1433 appa-

701 1465 892 1524 ratu
937 1457 1468 1524 consiliorum
1514 1463 1592 1523 et
1638 1458 2177 1522 certaminum
2223 1456 2329 1539 (et
2373 1456 2871 1539 certamine),
2908 1460 3001 1536 35,

706 1572 743 1630 6
802 1567 900 1633 ad
957 1588 1174 1651 spem
1229 1565 1710 1632 consulatus
1763 1566 1843 1630 in
1901 1572 2214 1649 partem
2271 1565 2805 1631 revocandam
2863 1565 3005 1647 (re—

704 1676 1091 1753 vocandi,
1162 1682 1237 1740 ut
1292 1673 1715 1741 scribendum
1760 1694 1904 1739 esse
1967 1672 2496 1756 demonstrabo),
2556 1678 2668 1751 37,
2716 1678 2754 1736 2
2811 1674 3005 1739 fati-

702 1785 924 1867 gatis
993 1783 1376 1849 Etruscis
1454 1784 1533 1848 in
1613 1783 2107 1847 societatem
2175 1781 2407 1847 urbis
2475 1802 3007 1866 agrorumque

703 1892 1074 1976 acceptis
1144 1890 1557 1975 (accepti),
1625 1894 1738 1970 49,
1813 1895 1885 1953 11
1961 1890 2253 1973 dignos
2331 1891 2536 1955 enim
2613 1911 2801 1956 esse
2879 1890 3005 1973 qui

702 2000 1160 2084 (dignum).¹)
1241 1999 1493 2066 Eodem
1537 1999 1733 2065 modo
1781 2019 1952 2082 saepe
1988 1998 2336 2064 verborum
2376 1998 2549 2082 (quae
2588 1987 3010 2081 grammatice

704 2107 1044 2190 dicuntur)
1089 2130 1404 2174 numerus
1449 2107 1684 2172 addita
1727 2106 2111 2171 detractave
2144 2105 2371 2171 littera
2404 2125 2443 2168 ιι
2479 2106 3012 2172 accommodatur

705 2216 791 2282 ad
836 2216 1105 2282 verbum
1152 2217 1468 2296 vicinum3
1514 2214 1697 2280 velut
1740 2215 1866 2280 hoc
1911 2236 2132 2280 errore
2175 2213 2290 2293 ΠΙ,
2337 2220 2438 2293 40,
2487 2219 2524 2279 7
2563 2216 2877 2298 scriptum
2913 2221 3013 2280 est

706 2325 1132 2404 haberent,
1190 2324 1682 2389 iudicabant
1739 2345 1857 2406 pro
1905 2322 2365 2402 iudicabat,
2425 2345 2556 2389 non
2602 2330 2779 2388 recte
2826 2322 3012 2388 obse·

704 2431 1065 2517 quentibus
1131 2433 1603 2498 recentissimis
1672 2431 2072 2511 editoribus,
2142 2438 2211 2497 et
2276 2431 2508 2497 eodem
2576 2432 2794 2515 capite
2851 2429 2885 2515 ἓ
2936 2436 3013 2495 10

689 2545 1171 2633 praeessent,
1213 2541 1866 2606 controversiam
1903 2539 2261 2606 fecerint
2294 2539 2515 2621 (Med.,
2552 2540 2718 2619 Par„
2756 2538 3015 2621 Klock.)

707 2672 825 2735 pro
861 2650 1180 2728 fecerit,
1216 2670 1346 2714 uno
1384 2655 1702 2734 sequente
1725 2648 2159 2728 Alschefskio,
2200 2656 2267 2715 et
2298 2655 2401 2729 42,
2440 2655 2476 2714 5
2510 2648 3014 2728 fefellerunt,

707 2758 1246 2825 contulerant
1291 2779 1410 2842 pro
1458 2759 1960 2838 contulerat,
2010 2758 2222 2825 eidem
2266 2759 2620 2843 probatum
2668 2756 2763 2840 [et
2805 2757 3018 2823 Weis-

707 2867 1056 2932 senbornio
1125 2867 1193 2931 in
1275 2865 1375 2930 ed.
1435 2866 1562 2946 ΠΙ,
1633 2866 1967 2933 abiectum
2022 2867 2090 2932 in
2145 2865 2261 2950 VJ,
2327 2873 2395 2932 et
2437 2869 2556 2947 49,
2624 2870 2662 2930 3
2719 2866 2789 2931 si
2844 2867 3020 2932 iure

707 2981 1027 3058 ageret,
1085 3010 1172 3018 —
1218 2974 1582 3054 aiebant,
1642 2976 1711 3040 si
1756 2976 1908 3040 vim
1954 2974 2264 3040 afferre
2310 2982 2838 3055 conarentur,
2896 2996 3020 3058 pro

709 3089 1173 3161 conaretur,
1231 3089 1597 3163 retentum,
1659 3083 1837 3168 quod
1881 3084 1987 3148 vix
2033 3083 2296 3163 credas,
2356 3084 2557 3148 etiam
2604 3104 2646 3147 a
2690 3083 3022 3148 Weissen-

706 3190 938 3257 bornio
986 3198 1052 3257 et
1095 3192 1450 3274 Hertzio.²)
1543 3190 1654 3274 [Π,
1705 3197 1803 3271 51,
1851 3196 1888 3256 7
1936 3198 2241 3273 essent,
2287 3191 2642 3275 agebant
2687 3191 2752 3255 M
2797 3191 2849 3255 P
2896 3190 3021 3256 Rh.

705 3321 825 3384 pro
872 3299 1197 3383 agebat3
1259 3299 1370 3377 IX,
1439 3304 1533 3379 14,
1583 3306 1665 3364 14
1708 3306 2211 3380 tenerentur,
2256 3299 2854 3384 praepedissent
2897 3320 3024 3383 pro

707 3405 1310 3492 praepedisset]
1412 3406 1870 3504 Personarum,
1927 3415 2318 3492 temporum,
2364 3408 2840 3492 modorumq‘ue
2887 3414 3026 3473 ter-

707 3516 1101 3581 minationes
1162 3516 1373 3598 magis
1434 3537 1595 3582 sono
1656 3516 2032 3600 litterisque
2078 3517 2403 3582 distinctae
2448 3538 2580 3582 non
2625 3522 2764 3581 tam
2809 3517 3028 3582 errori

709 3624 1007 3690 obnoxiae
1053 3630 1275 3704 erant3
1338 3624 1656 3708 scriptum
1711 3631 1936 3691 tamen
1981 3625 2098 3706 IV,
2158 3631 2230 3704 4,
2292 3629 2330 3690 6
2385 3647 2477 3690 ne
2523 3625 3026 3709 propinqui-

777 3820 813 3887 ¹)
849 3820 916 3874 In
952 3820 1149 3874 eodem
1186 3835 1397 3888 genere
1431 3838 1548 3875 non
1585 3821 1787 3876 dubito
1823 3837 2029 3890 ponere
2063 3820 2161 3889 m,
2209 3823 2295 3889 48,
2336 3823 2389 3874 1:
2447 3819 2798 3875 decemvir
2845 3820 3025 3875 alie·

845 3908 1053 3959 natus
1090 3905 1172 3959 ad
1208 3905 1569 3960 libidinem
1607 3908 1856 3973 animo,
1893 3907 2020 3977 ipso
2054 3907 2356 3961 verborum
2391 3906 2587 3960 ordine
2623 3913 2679 3958 et
2712 3906 2902 3960 verbis
2944 3907 3031 3960 ad

846 3991 974 4044 libi
994 3990 1226 4045 dinem
1260 3992 1527 4046 mendum
1562 3992 1951 4061 arguentibus,
1989 3992 2144 4061 quod
2179 3992 2496 4048 Gronovius
2532 3991 2689 4045 vidit.

770 4077 812 4143 ²)
849 4076 1010 4130 Prius
1061 4076 1296 4131 verbum
1330 4078 1813 4134 accommodatum
1862 4084 1950 4133 est
1997 4077 2070 4131 ad
2113 4078 2392 4147 posterius
2443 4081 2489 4146 1,
2533 4079 2616 4142 50,
2669 4082 2692 4131 l
2733 4077 3023 4145 (conve-

844 4162 1016 4228 niat,
1062 4160 1316 4217 indicit
1351 4181 1459 4232 pro
1496 4162 1952 4232 conveniant),
1979 4163 2078 4232 111,
2107 4166 2192 4232 24,
2219 4165 2254 4218 6
2281 4163 2591 4231 (fuerant,
2622 4162 3031 4232 faciebant),

845 4246 968 4314 VII,
1004 4249 1087 4314 28,
1125 4248 1159 4300 9
1194 4249 1473 4317 (essent,
1517 4248 1932 4317 traduntur).
2010 4248 2098 4303 Ex
2133 4248 2332 4303 eodem
2367 4266 2571 4318 genere
2607 4254 2710 4316 est,
2746 4249 3031 4304 adiuncto

849 4338 959 4391 alio
999 4354 1218 4403 errore,
1264 4336 1417 4406 quod
1451 4335 1503 4403 1,
1553 4339 1642 4404 14,
1688 4339 1725 4389 4
1760 4336 1819 4389 in
1853 4334 2029 4402 Med„
2074 4333 2227 4402 Pan,
2274 4334 2430 4388 Leid.
2466 4338 2706 4402 utroque
2752 4335 3035 4389 scribitur

844 4427 1223 4477 vastantur
1266 4422 1413 4492 agri
1467 4420 1644 4490 quod
1690 4425 1795 4475 cet.
1876 4414 2020 4475 Nam
2065 4419 2214 4489 agri
2261 4420 2607 4475 nominativo
2652 4435 2789 4474 casn
2826 4437 3036 4489 accep·

845 4515 967 4563 tum
1004 4514 1102 4562 est.
