3230 5282
1754 577 1835 639 42

638 763 1153 845 venientiamqve
1221 761 1751 845 perspiciendam
1808 762 2289 829 incredibiliter
2352 761 2478 827 fuit
2543 759 2776 839 hebeS,
2869 758 2953 825 ad

639 871 899 955 quidvis
934 872 1003 936 in
1036 871 1351 936 vertendo
1388 878 1455 936 et
1489 871 1858 937 enarrando
1895 871 2286 954 fingendum,
2333 871 2490 955 quia
2522 890 2641 934 nec
2677 869 2952 934 scientia

636 1000 757 1044 nec
835 1000 1069 1045 sensus
1150 980 1287 1045 veri
1367 978 1712 1058 obstabat,
1793 979 2304 1059 audacissimus3
2383 999 2465 1043 ne
2532 978 2951 1043 librariorum

636 1088 900 1171 quidem
958 1087 1431 1154 consuetudine
1488 1088 1882 1171 errandique
1938 1088 2289 1171 generibus
2348 1087 2650 1152 codicum
2706 1091 2951 1151 tracta-

636 1196 816 1261 tione
863 1197 1258 1279 perspectiS,
1318 1196 1673 1262 decorum
1720 1197 2051 1275 doctrina,
2109 1195 2390 1275 iudiciis,
2447 1194 2740 1260 consiliis
2786 1195 2948 1259 mira

635 1310 866 1368 narrat
932 1311 998 1368 et
1058 1305 1125 1368 in
1178 1306 1737 1388 pervagatissimis
1794 1305 2047 1370 mendis
2109 1304 2212 1386 (ut
2268 1302 2616 1383 hisdem)
2675 1302 2948 1367 ridicule

498 1416 608 1484 (36)
646 1411 918 1493 erratst)
1027 1412 1151 1476 Hic
1209 1435 1243 1477 e
1302 1412 1640 1479 codicibus
1709 1414 2009 1497 quaedam
2076 1413 2254 1478 bona
2311 1433 2430 1476 nec
2485 1416 2736 1490 tamen,
2806 1430 2947 1493 quae

637 1521 903 1604 quidem
984 1542 1154 1587 nova
1231 1527 1482 1600 essent,
1564 1521 1773 1586 multa
1851 1528 1967 1586 aut
2043 1541 2283 1603 magna
2346 1520 2627 1602 recepit;
2707 1518 2948 1584 multos

638 1650 897 1694 errores
980 1628 1136 1694 olim
1215 1631 1577 1695 certissime
1650 1637 1987 1696 correctos
2055 1629 2349 1708 reduxit,
2428 1626 2675 1692 multos
2744 1648 2945 1691 novos

637 1737 916 1817 addidit,
975 1761 1195 1822 quum,
1245 1745 1319 1804 ut
1365 1738 1574 1804 multa
1621 1739 1984 1804 correxisse
2028 1737 2379 1816 videretur,
2426 1757 2460 1801 e
2506 1735 2557 1800 P
2603 1742 2720 1799 aut
2764 1733 2944 1800 Harl.

644 1851 670 1908 l
732 1846 972 1911 menda
1039 1854 1271 1912 contra
1336 1846 1404 1910 M
1472 1853 1537 1912 et
1603 1855 1861 1913 ceteros
1930 1852 2049 1911 aut
2116 1866 2195 1910 ex
2265 1846 2410 1928 ipso
2480 1842 2550 1908 M
2607 1844 2946 1926 arriperet,

636 1953 847 2019 multa
889 1954 1086 2038 plane
1132 1962 1578 2022 monstrorum
1625 1955 2206 2039 prodigiorumque
2255 1952 2496 2018 similia
2542 1972 2578 2016 e
2612 1951 2946 2016 codicibus

636 2069 751 2127 aut
829 2064 1224 2129 coniecturis
1291 2064 1804 2147 perversissimis
1875 2063 2127 2146 posuit3
2193 2082 2408 2143 neque
2466 2060 2639 2125 enim
2696 2061 2946 2125 coniec-

696 2272 740 2336 ¹)
777 2271 1052 2340 Exempla
1104 2289 1333 2325 summae
1389 2271 1779 2341 perversitatis
1827 2288 2003 2341 prope
2048 2271 2259 2339 quaevis
2305 2271 2516 2340 pagina
2560 2269 2691 2324 inde
2737 2287 2769 2323 a
2814 2270 2945 2324 libri

771 2357 931 2497 tzrtiii
974 2357 1137 2411 initio
1182 2358 1486 2496 prsgbelpim
1540 2356 1976 2509 ”Em-rinmgbrf’
2019 2357 2073 2494 ‘'11
2096 2362 2153 2410 et
2196 2357 2252 2409 11
2297 2356 2471 2495 tacite
2518 2373 2645 2493 Γεῐιιι)
2685 2356 2802 2425 agit-
2847 2373 2947 2494 nec

772 2461 791 2495 1
860 2462 878 2495 1
938 2460 1042 2497 um
1088 2460 1192 2511 pro
1238 2460 1257 2494 1
1318 2461 1337 2494 1
1420 2461 1520 2496 um
1620 2483 1633 2507 ,
1715 2483 1728 2508 ,
1908 2459 2179 2495 s1m11ave
2226 2459 2412 2511 repos1
2442 2459 2475 2495 a
2510 2458 2607 2494 ver
2651 2458 2683 2494 o
2721 2458 2921 2496 excusa

775 2528 850 2595 (ΙΙ
886 2534 1074 2582 tamen
1117 2530 1207 2593 15,
1255 2529 1287 2580 5
1325 2528 1549 2596 egregie
1586 2533 1813 2581 enarrat
1849 2526 2184 2581 vocabulum
2221 2525 2709 2595 necquiquam).
2802 2526 2945 2581 Satis

775 2613 1098 2670 documenti
1145 2613 1379 2669 habebit
1425 2613 1509 2681 (ut
1554 2631 1725 2668 unum
1763 2618 1821 2668 et
1855 2614 2118 2680 alterum,
2173 2612 2327 2682 quod
2364 2612 2467 2667 sub
2505 2613 2695 2667 stilum
2731 2613 2945 2668 venerit

773 2719 876 2755 nec
934 2701 1311 2769 explicatione
1372 2705 1560 2769 egeat,
1615 2700 1930 2769 exemplum
1973 2700 2232 2770 ponam),
2289 2699 2383 2767 qui
2428 2699 2768 2768 inspexerit,
2824 2716 2944 2768 quae

774 2787 986 2856 scripta
1022 2791 1153 2839 sunt
1189 2786 1259 2838 ad
1296 2786 1390 2850 IV,
1437 2788 1506 2839 24
1543 2785 1592 2852 (I
1628 2804 1680 2854 Ρ.
1717 2788 1822 2839 404
1859 2785 1929 2853 a),
1967 2786 2061 2852 IV,
2100 2787 2170 2839 58
2205 2785 2277 2853 (p.
2316 2786 2418 2838 478
2455 2784 2526 2851 a),
2563 2784 2629 2852 V,
2667 2786 2699 2837 5
2737 2784 2809 2854 (p.
2845 2787 2945 2839 497

773 2873 835 2926 b:
879 2872 1301 2926 munitiones
1348 2873 1414 2925 in
1468 2871 1820 2925 Etruriam
1867 2869 2403 2941 exspectantes),
2448 2870 2524 2937 V,
2570 2871 2603 2923 6
2641 2868 2714 2939 (p.
2753 2872 2855 2924 500
2890 2888 2944 2924 a:

774 2957 947 3011 illud
991 2957 1361 3026 impetum),
1406 2956 1482 3022 V,
1527 2958 1595 3010 27
1642 2955 1714 3026 (Ρ.
1753 2959 1857 3011 547
1901 2956 2058 3009 bde
2105 2956 2255 3010 dum
2303 2954 2704 3022 trahendo),
2760 2955 2838 3021 V,
2881 2958 2946 3009 36

778 3042 851 3112 (Ρ.
897 3044 999 3096 567
1042 3043 1079 3095 b
1125 3041 1195 3097 de
1240 3042 1510 3096 hisdem
1564 3059 1670 3112 pro
1723 3041 1829 3095 his
1888 3041 2134 3095 iisdem
2188 3041 2427 3109 posito),
2484 3040 2643 3108 VIII,
2706 3043 2740 3094 8
2778 3040 2850 3109 (11
2891 3060 2943 3111 Ρ.

772 3131 875 3182 309
943 3128 1013 3182 de
1082 3129 1302 3197 prima
1363 3127 1510 3182 fore
1573 3127 1641 3181 in
1709 3128 1954 3192 aciem,
2030 3126 2129 3179 der
2194 3131 2340 3179 erste
2405 3126 2672 3195 Eingang
2735 3127 2794 3180 in
2860 3126 2945 3180 die

772 3214 1065 3281 Schlacht,
1114 3219 1173 3268 et
1206 3233 1259 3283 p.
1298 3216 1396 3268 311
1437 3215 1473 3264 b
1511 3213 1580 3266 de
1618 3213 1986 3267 coniunctivo
2035 3211 2465 3279 recepissent
2501 3228 2571 3264 ex
2608 3228 2946 3280 compres-

773 3301 863 3353 sis
908 3299 1219 3369 pendente,
1274 3299 1333 3352 in
1370 3298 1671 3352 notissima
1708 3303 1992 3352 structura
2031 3296 2099 3350 de
2136 3296 2385 3365 repetita
2421 3297 2670 3351 actione:
2729 3296 2847 3350 ubi
2880 3325 2947 3335 —

776 3383 1267 3453 recepissent),
1321 3383 1480 3448 VIII,
1542 3387 1603 3438 18
1651 3383 1723 3453 (p.
1763 3386 1864 3437 344
1920 3400 1952 3437 a
2005 3381 2075 3436 de
2129 3382 2451 3437 accusativo
2508 3387 2946 3451 conspectum

773 3488 803 3523 e
839 3468 1101 3523 referre
1137 3469 1379 3537 quodam
1425 3468 1596 3522 modo
1634 3468 1917 3538 pendente
1952 3469 2011 3522 in
2046 3467 2154 3522 hac
2192 3467 2488 3521 verborum
2528 3467 2943 3522 coniunctione:

772 3556 844 3608 in
898 3559 1351 3622 conspectum
1406 3554 1699 3607 omnium
1746 3571 1886 3608 rem
1933 3553 2013 3608 ad
2059 3559 2324 3608 ceteras
2371 3552 2813 3618 retulissent3
2869 3553 2947 3606 sic

774 3641 923 3693 enim
975 3639 1218 3706 scribit),
1266 3638 1425 3702 VIII,
1472 3641 1539 3692 32
1577 3637 1650 3708 (Ρ.
1689 3641 1789 3693 389
1827 3657 1860 3692 a
1895 3638 1964 3692 de
2009 3638 2257 3708 glomis
2295 3637 2644 3693 nominativo
2682 3654 2813 3691 casu
2847 3654 2946 3706 pro

668 3716 679 3724 ’
776 3724 1085 3793 glomere
1121 3729 1179 3778 et
1214 3724 1321 3778 hoc
1356 3741 1461 3793 pro
1498 3724 1707 3793 globo
1743 3724 1969 3794 posito),
2013 3724 2082 3792 X,
2120 3726 2188 3779 26
2226 3724 2296 3794 (p.
2343 3726 2443 3778 671
2484 3723 2552 3777 de
2589 3723 2945 3777 coniunctivo

774 3809 1071 3879 incipiat
1127 3808 1507 3879 significante:
1563 3827 1620 3863 es
1669 3809 1818 3879 zeigt
1864 3810 1984 3864 sich
2019 3811 2097 3863 im
2132 3809 2548 3880 Allgemeinen,
2605 3813 2660 3861 et
2705 3813 2839 3876 apto
2882 3825 2949 3861 ex

774 3894 1129 3964 praecedente
1165 3896 1226 3948 in
1261 3895 1370 3948 alia
1404 3894 1639 3964 periodo
1677 3900 1840 3949 sunt
1875 3896 1988 3964 qui
2026 3894 2448 3962 adiecerint),
2484 3893 2552 3960 X,
2589 3896 2659 3948 34
2684 3894 2758 3963 (Ρ.
2790 3895 2892 3946 700
2917 3911 2947 3946 a

773 3980 843 4034 de
890 3981 1193 4051 migratu
1240 3980 1433 4034 dativo
1480 3981 1539 4033 in
1585 3980 1692 4033 hac
1740 3981 2163 4036 coniunctione:
2220 3982 2521 4048 migratu
2576 3977 2947 4044 difficilia).

773 4065 883 4119 Sed
921 4066 1057 4134 quid
1092 4082 1197 4135 ego
1233 4066 1357 4120 haec
1396 4083 1773 4120 commemoro
1810 4067 1869 4120 in
1907 4084 1974 4121 eo
2009 4067 2262 4134 homine,
2311 4066 2407 4134 qui
2443 4081 2514 4118 ne
2550 4070 2672 4119 tum
2708 4063 2948 4132 quidem,

775 4168 948 4219 quum
983 4155 1195 4206 rectam
1232 4151 1459 4205 alterius
1496 4152 2022 4221 interpretationem
2061 4152 2134 4205 ob
2172 4152 2363 4206 oculos
2399 4150 2651 4216 haberet,
2686 4148 2948 4203 facillima

773 4236 945 4289 verba
997 4236 1116 4290 sine
1168 4238 1367 4307 puerili
1423 4253 1610 4291 errore
1667 4236 1962 4306 praeterire
2011 4237 2261 4306 potuerit
2307 4236 2431 4302 (VI,
2487 4238 2577 4289 24:
2633 4236 2762 4289 iam
2815 4251 2949 4288 non

773 4321 1168 4390 recipiebat
1224 4340 1290 4376 se
1336 4324 1676 4378 Romanus
1732 4323 1922 4377 miles
1977 4322 2031 4375 11
2082 4341 2136 4392 p.
2174 4324 2243 4376 78
2278 4321 2381 4390 b)‘?
2436 4320 2570 4389 Quae
2608 4318 2948 4375 commiserit

772 4408 833 4460 in
868 4406 1073 4460 Latine
1124 4408 1420 4462 scribendo
1466 4407 1800 4473 (millibus
1848 4409 2048 4474 locis,
2104 4413 2167 4462 ut
2213 4416 2331 4477 ipse
2377 4407 2457 4462 ait
2503 4405 2587 4459 111
2648 4424 2700 4474 p.
2739 4406 2844 4459 607
2880 4405 2952 4471 a),

775 4491 950 4561 pudet
985 4491 1277 4563 attingere.
