3230 5282
1443 588 1558 648 351
2301 599 2424 653 Lib.
2461 597 2657 652 XXIV.

349 770 607 834 delitati
666 769 877 845 aliud,
948 770 1061 834 sed
1124 770 1236 834 alii
1293 773 1387 835 rei
1447 772 1906 837 crudelitatem
1965 772 2290 851 additam3
2358 771 2472 835 sed
2528 792 2658 835 non

348 879 561 941 minus
632 876 1089 955 manifestum,
1162 885 1236 943 ut
1305 880 1418 943 irae
1486 880 1886 962 respondeat
1955 880 2343 955 crudelitas
2412 881 2509 944 ita
2573 880 2657 942 ab

349 986 631 1050 avaritia
687 986 1062 1066 longissime
1122 986 1371 1052 distare
1417 989 1807 1070 gravitatem
1853 1008 2068 1069 neque
2114 987 2314 1051 ullam
2362 988 2426 1051 in
2473 987 2659 1051 Dasii

346 1093 537 1158 bonis
582 1092 937 1157 vendendis
981 1095 1369 1174 gravitatem
1415 1095 1638 1159 fuisse.
1729 1096 1963 1177 Itaque
2012 1094 2381 1159 Gronovius
2428 1115 2654 1177 rapa-
2691 1101 2841 1165 (28⁷)

348 1202 592 1266 citati
656 1201 857 1265 scribi
903 1202 1110 1266 voluit
1168 1201 1562 1285 (pravitas
1608 1203 1772 1286 quid
1817 1202 1922 1267 hic
1967 1210 2149 1285 agat,
2208 1202 2489 1283 nescio);
2546 1203 2658 1266 scd

347 1309 589 1374 erroris
636 1309 823 1391 origo
872 1310 1337 1392 perspicietur,
1407 1311 1460 1373 si
1521 1312 2009 1396 scripserimus:
2078 1311 2658 1375 crudelitatem

348 1438 669 1499 quoque
714 1418 1018 1500 rapinae
1066 1416 1406 1483 addidit.
1475 1419 1573 1482 Ex
1620 1420 1963 1501 rapinae
2009 1418 2253 1483 factum
2298 1420 2655 1493 rauinaE,

346 1531 484 1589 tum
534 1526 1046 1608 gravitatem.
2228 1519 2234 1527 ’

518 1632 675 1715 Cap.
724 1637 825 1710 46,
873 1639 939 1696 5:
987 1633 1251 1697 Imber
1294 1668 1380 1676 —
1425 1634 1810 1698 custodes
1855 1635 2310 1717 vigilesque
2359 1671 2438 1679 —
2482 1634 2660 1699 sub-

346 1739 632 1822 fugere
701 1742 779 1805 in
849 1748 1072 1805 tecta
1128 1742 1400 1823 coegit
1460 1743 1900 1824 sonituque
1957 1744 2210 1825 primo
2268 1741 2660 1824 largioris

346 1848 731 1931 procellae
799 1850 1237 1931 strepitum
1302 1848 1817 1914 molientium
1884 1855 2202 1933 portam
2272 1850 2654 1913 exaudiri

346 1954 805 2038 prohibuit,
884 1957 1197 2021 lentior
1274 1955 1566 2022 deinde
1636 1958 2197 2040 aequaliorque
2266 1958 2658 2022 accidens

345 2063 689 2127 auribus
749 2084 1114 2146 magnam
1172 2071 1484 2147 partem
1542 2064 1946 2130 hominum
2005 2067 2328 2149 sopivit.
2441 2065 2657 2131 Imber

345 2171 620 2236 auribus
692 2193 822 2235 non
891 2171 1133 2236 accidit
1203 2193 1418 2254 neque
1484 2173 1706 2237 lentus
1762 2194 1976 2255 neque
2033 2175 2372 2249 incitatuS,
2441 2194 2654 2256 neque

344 2280 401 2341 is
468 2281 684 2344 sonitu
756 2278 1059 2361 procellae
1117 2279 1477 2361 quidquam
1537 2280 1767 2359 efficit,
1838 2281 1953 2346 sed
2012 2283 2152 2364 ipse
2209 2283 2460 2346 sonitus
2505 2303 2658 2365 pro·

345 2385 524 2450 cellae
581 2387 857 2451 imbrem
915 2388 1288 2451 comitantis
1348 2396 1466 2453 aut
1523 2389 1988 2471 subseq-uentis
2048 2391 2394 2473 strepitum
2450 2390 2654 2454 alium

346 2494 640 2558 exaudiri
736 2493 1044 2576 prohibet
1134 2501 1199 2560 et
1274 2496 1544 2561 auribus
1623 2498 1895 2580 aequalis
1975 2496 2277 2562 accidens
2357 2497 2656 2562 homines

347 2603 537 2685 sopit.
663 2601 833 2668 Vera
911 2603 1112 2686 igitur
1189 2605 1569 2670 coniectura
1647 2606 1713 2670 in
1794 2612 2112 2688 quattuor
2178 2606 2657 2672 recentioribus

348 2710 522 2793 apud
602 2709 1214 2775 Drakenborchium
1301 2712 1637 2778 codicibus
1727 2714 2068 2779 scribitur:
2162 2715 2651 2796 sonitusque

345 2818 601 2900 primo
649 2819 1040 2900 largioris
1085 2820 1474 2901 procellae
1522 2829 1644 2886 cet.
1707 2822 1905 2905 Origo
1951 2822 2168 2886 mendi
2217 2822 2324 2902 (ex
2371 2823 2656 2904 primo)

345 2932 579 3007 aperta
625 2927 817 3004 est.¹)

516 3030 673 3116 Cap.
734 3038 848 3112 47,
924 3039 999 3097 15
1070 3040 1136 3098 et
1208 3038 1283 3097 16
1344 3034 1452 3114 (de
1521 3035 1855 3114 incendio,
1923 3037 2100 3118 quod
2162 3037 2386 3101 Romae
2456 3035 2649 3114 fuit):

346 3139 531 3204 Solo
589 3148 910 3223 aequata
968 3142 1234 3206 omnia
1285 3143 1507 3206 inter
1552 3142 1878 3224 Salinas
1936 3165 2023 3208 ac
2081 3151 2394 3226 portam
2457 3144 2650 3208 Car-

341 3248 774 3312 mentalem
854 3269 1024 3312 cum
1092 3248 1602 3331 AEquimaelio
1672 3250 2179 3333 Iugarioque
2256 3253 2451 3316 vico.
2563 3252 2650 3315 In

341 3356 672 3438 templis
729 3357 1109 3420 Fortunae
1164 3376 1252 3420 ac
1307 3357 1598 3423 Matris
1645 3359 1973 3424 Matutae
2031 3367 2109 3423 et
2166 3365 2398 3424 extra
2456 3381 2648 3442 por-

339 3469 499 3527 tam
558 3464 751 3544 ‘late
819 3470 1164 3547 vagatus
1230 3465 1448 3547 ignis
1517 3486 1749 3530 sacra
1815 3465 2328 3550 profanaque
2395 3468 2652 3531 multa

339 3570 811 3654 absumpsit.
904 3570 1009 3635 Sic
1066 3572 1281 3637 oratio
1342 3572 1426 3636 ab
1486 3574 1853 3638 editoribus
1911 3576 2413 3658 interpungitur.
2517 3573 2651 3639 Sed

340 3697 541 3757 quum
599 3678 849 3761 templa
891 3679 1202 3744 Fortunae
1260 3688 1328 3745 et
1372 3681 1604 3745 Matris
1650 3682 1923 3747 Matutae
1977 3704 2107 3747 non
2154 3690 2339 3747 extra
2385 3690 2644 3764 portam

394 3929 512 3997 ¹)§
569 3933 627 3996 3,
692 3933 790 3985 ubi
844 3934 1334 3988 Weissenbornius
1397 3952 1465 3988 ex
1520 3935 1767 3990 Creverii
1820 3937 2149 3991 coniectura
2211 3936 2411 3989 edidit:
2477 3935 2642 3989 Eam

473 4022 734 4084 portam
810 4018 1024 4072 scalis
1101 4020 1287 4088 prius
1350 4025 1838 4088 transgressos
1902 4039 2164 4077 murum
2228 4021 2503 4090 aperire
2566 4039 2644 4075 ex

474 4102 828 4158 interiore
867 4109 1072 4172 parte
1119 4108 1233 4157 aut
1269 4105 1579 4158 claustra
1613 4105 2000 4176 refringere
2037 4108 2245 4172 iubet,
2284 4108 2340 4160 in
2377 4106 2420 4158 P
2451 4112 2640 4161 autem

474 4191 561 4239 est
614 4189 1187 4256 amurumperire,
1249 4188 1370 4243 fieri
1431 4195 1649 4258 potest,
1714 4197 1778 4245 ut
1830 4193 2023 4245 Livius
2077 4197 2299 4246 tantum
2354 4192 2642 4260 scripserit

472 4276 957 4340 transgressos
1013 4275 1313 4343 aperire,
1368 4274 1573 4328 deinde
1609 4294 1870 4331 murum
1907 4294 2078 4346 supra
2115 4277 2435 4331 declarandi
2472 4294 2640 4330 causa

472 4358 741 4426 scriptum
786 4374 972 4412 errore
1014 4360 1216 4413 medioe
1263 4361 1391 4413 voci
1440 4361 1716 4429 aperire
1763 4364 2162 4432 interpositum
2203 4363 2301 4428 sit,
2355 4363 2511 4415 cuius
2549 4378 2638 4414 er·

467 4442 611 4494 roris
650 4443 905 4512 exempla
940 4446 1103 4512 posui
1143 4462 1315 4513 supra
1350 4463 1403 4514 p.
1446 4450 1523 4498 18.
1596 4447 1796 4513 (1862.)
