3230 5282
611 606 735 661 Lib.
773 604 1001 659 XXXII.
1704 590 1830 650 478

615 777 994 862 oportebat:
1075 775 1466 852 arbitrie,
1539 774 1771 838 cuius
1837 771 2175 850 vellent,
2245 770 2727 854 populorum
2796 778 2923 838 cet.

615 884 925 950 Senserat
957 883 1026 947 id
1061 903 1141 947 ex
1178 882 1404 966 aliqua
1426 886 1618 964 parte
1645 880 2031 957 GronoviuS‚
2079 878 2196 943 sed
2232 877 2548 943 aberrans
2587 900 2924 961 quorum

615 992 813 1057 scribi
860 990 1138 1056 volebat.
1219 989 1401 1054 Unus
1447 996 1592 1053 erat
1640 986 1925 1070 populus
1971 986 2378 1069 deligendus.
2462 985 2559 1051 De
2606 988 2925 1052 orationis

612 1100 914 1165 breviore
950 1098 1162 1163 forma
1197 1079 1380 1180 (quo
1414 1094 1744 1174 vellent,
1791 1094 1854 1158 h.
1894 1116 1970 1173 e.,
2006 1094 2132 1175 uti)
2168 1093 2332 1158 nihil
2368 1114 2531 1176 opus
2567 1101 2668 1159 est
2700 1094 2922 1175 dici.¹)

782 1204 938 1289 Cap.
993 1210 1089 1284 16,
1139 1209 1197 1285 3,
1244 1205 1356 1269 ubi
1405 1209 1473 1268 et
1520 1203 1574 1266 B
1615 1208 1684 1268 et
1727 1203 1931 1267 ceteri
1978 1201 2240 1267 codices
2285 1201 2535 1267 habent
2581 1203 2921 1268 dimisso

609 1314 856 1392 Livio,
903 1313 1032 1377 cui
1080 1317 1619 1388 successerat,
1666 1309 1836 1375 male
1862 1309 2250 1375 aSabellico
2286 1315 2353 1374 et
2388 1308 2751 1374 editoribus
2787 1332 2923 1374 om-

609 1419 797 1485 nibus
833 1420 1265 1486 substitutum
1301 1439 1445 1483 esse
1479 1418 1817 1481 dimisso
1840 1415 1912 1480 L.
1936 1417 2284 1500 Apustio
2321 1424 2569 1482 certum
2607 1423 2735 1496 est3
2768 1438 2921 1482 nam

607 1535 833 1611 aperte
892 1526 925 1610 ξ
983 1533 1019 1593 5
1077 1527 1162 1593 ab
1231 1549 1339 1606 eo,
1409 1527 1515 1590 cui
1588 1524 1658 1588 L.
1719 1522 2067 1600 Quinctius
2135 1525 2203 1588 in
2259 1526 2467 1589 totius
2524 1524 2751 1590 classis
2806 1524 2921 1590 ad-

607 1636 1089 1701 ministratione
1146 1641 1584 1710 successerat,
1658 1638 2005 1715 separatur
2061 1632 2262 1714 legati
2318 1632 2760 1715 appellatione
2804 1633 2921 1696 ad-

607 1745 777 1808 iecta
823 1743 988 1808 alius
1034 1742 1254 1821 hom0,
1312 1742 1424 1826 qui
1484 1740 1737 1824 aliquot
1782 1760 1983 1804 naves
2029 1739 2301 1804 Athenis
2347 1740 2707 1824 reliquerit.
2812 1740 2919 1804 Li-

605 1853 778 1929 vius,
847 1852 959 1933 qui
1014 1872 1118 1916 res
1179 1850 1540 1933 superioris
1587 1850 1744 1913 anni
1789 1869 1843 1912 c.
1897 1851 2059 1910 1—7
2105 1848 2516 1927 brevissime,
2584 1870 2664 1912 ne
2710 1848 2918 1913 nomi-

605 1966 766 2026 nata
810 1959 1071 2039 quidem
1120 1958 1350 2035 classe,
1397 1957 1710 2034 narravit,
1756 1955 1848 2019 ibi
1895 1955 2179 2036 aliquem
2226 1955 2514 2039 legatum
2562 1955 2919 2038 classisque

604 2066 985 2149 praefectum
1051 2067 1225 2129 inter
1282 2065 1350 2127 L.
1397 2064 1753 2146 Apustium
1822 2070 1888 2127 et
1945 2063 2017 2126 L.
2068 2064 2448 2140 Quinctium
2503 2063 2916 2128 interiectum

605 2173 863 2238 silentio
924 2173 1173 2252 omisit,
1231 2172 1339 2235 hic
1396 2169 1615 2236 subito
1677 2192 1915 2236 nomen
1962 2171 2355 2254 interponit,
2413 2171 2545 2235 sive
2591 2172 2646 2234 is
2690 2168 2913 2234 Livius

605 2281 733 2344 fuit
802 2282 935 2344 sive
1004 2279 1134 2345 alio
1192 2279 1484 2356 nomine,
1553 2277 1623 2341 L.
1683 2280 2100 2360 praenomine.
2213 2277 2300 2343 Et
2354 2284 2577 2343 tamen
2632 2276 2909 2342 Athenis

605 2408 803 2452 naves
850 2409 890 2451 a
935 2387 1288 2469 superioris
1346 2387 1498 2449 anni
1544 2385 1760 2467 legato
1807 2385 2252 2469 praefectoque
2299 2386 2545 2450 relictae
2595 2386 2917 2462 dicuntur,

606 2495 781 2576 quod
829 2494 998 2559 alter
1042 2492 1154 2558 ille
1201 2495 1494 2558 Athenas
1540 2515 1667 2556 non
1717 2496 2089 2575 pervenisse
2135 2494 2410 2557 videtur.
2503 2491 2816 2574 (1863.)²)

783 2600 938 2685 Cap.
989 2605 1103 2680 21,
1169 2606 1196 2665 1
1251 2602 1340 2681 (in
1392 2601 1696 2665 Aristaeni
1744 2602 2042 2683 praetoris
2089 2602 2154 2664 in
2204 2600 2480 2666 concilio
2528 2599 2910 2664 Achaeorum

608 2710 931 2791 oratioue)
992 2711 1300 2795 quoniam
1347 2710 1676 2793 praetori
1724 2730 1756 2772 e
1804 2708 1856 2772 B
1904 2731 2022 2791 pro
2069 2716 2365 2791 praetor
2410 2730 2581 2773 nunc
2626 2730 2665 2772 a
2710 2707 2914 2771 Weis-

609 2816 957 2881 senbornio
1004 2824 1379 2882 revocatum
1426 2818 1632 2895 vide0,
1680 2816 1921 2880 addam
1960 2823 2237 2895 tantum,
2284 2815 2700 2881 scribendum
2737 2836 2912 2879 esse:

607 2930 747 2989 aut
805 2945 955 2989 non
1015 2924 1351 2989 dandum
1415 2924 1849 2989 concilium
1911 2923 2210 3003 legatis
2266 2923 2520 2988 {uisse
2577 2930 2716 2987 aut
2760 2945 2913 2987 non

608 3033 780 3096 sine
860 3053 1254 3116 responso
1336 3053 1470 3096 eos
1540 3030 2081 3095 dimittendos
2150 3052 2328 3095 esse
2394 3029 2489 3121 ¹(B
2557 3038 2696 3094 aut
2760 3050 2910 3092 non

605 3141 777 3204 sine
823 3161 1029 3223 resp.
1078 3159 1214 3203 eos
1261 3161 1417 3203 non
1465 3138 1671 3216 dim.,
1736 3138 1957 3219 vulgo:
2029 3145 2166 3203 aut
2221 3138 2408 3202 inde
2468 3139 2644 3202 sine
2702 3159 2909 3220 resp.

605 3267 743 3311 eos
791 3245 963 3310 dim.
1011 3267 1167 3310 non
1215 3245 1442 3327 esse).
1523 3247 1800 3327 Negatio
1849 3248 1911 3309 in
1960 3253 2239 3329 utroque
2286 3245 2575 3310 membro
2623 3245 2911 3328 proxime

602 3352 942 3436 particulae
990 3350 1395 3417 disiunctivae
1441 3352 1676 3417 subiici
1721 3353 1944 3432 debet3
1992 3375 2072 3417 ea
2116 3375 2313 3434 quum
2359 3352 2778 3435 neglegenter
2811 3352 2913 3416 bis

603 3480 644 3524 a
687 3460 960 3523 librario
1008 3459 1227 3541 posita
1273 3466 1475 3539 esset,
1542 3461 1607 3524 in
1660 3461 1996 3525 codicibus
2043 3459 2521 3526 recentioribus
2568 3482 2648 3525 ex
2693 3462 2911 3543 priore

658 3678 710 3744 ¹)
748 3678 880 3747 Cap.
922 3682 981 3731 11
1005 3721 1018 3745 ,
1071 3682 1136 3733 10
1182 3679 1635 3735 emendationem
1683 3680 1825 3734 olim·
1864 3698 1896 3733 a
1940 3699 2030 3735 me
2076 3697 2106 3733 e
2140 3680 2394 3749 vestigiis
2444 3679 2653 3734 codicis
2688 3678 2733 3732 B
2770 3678 2903 3731 duc·

738 3771 852 3817 tam
890 3762 1115 3832 (Opusc.
1153 3765 1251 3819 Ac.
1291 3763 1350 3817 11
1385 3784 1438 3834 p.
1477 3765 1608 3818 295:
1665 3766 1894 3818 instat
1940 3770 2102 3833 aput
2148 3765 2499 3818 stationes
2547 3780 2648 3832 pro
2687 3764 2910 3816 instat

739 3848 890 3917 capi
940 3848 1312 3915 stationes)
1349 3848 1846 3903 Weissenbornius
1892 3855 2116 3903 secutus
2165 3854 2263 3902 est.
2329 3848 2459 3917 Cap.
2502 3851 2593 3916 13,
2646 3851 2711 3901 14
2757 3851 2908 3916 recto

740 3933 822 3985 W.
863 3934 921 3986 in
959 3933 1089 3986 edit.
1129 3933 1309 3987 altera
1342 3934 1511 3987 rediit
1548 3933 1620 3987 ad
1658 3935 1946 4003 vulgatam
1985 3933 2319 4001 scripturam
2358 3934 2592 4000 (mixta
2638 3932 2910 3986 imbelli

739 4019 978 4084 turba).
1053 4017 1136 4072 Ne
1173 4019 1379 4072 dicitur
1417 4019 1640 4087 quidem
1677 4024 1828 4072 recte
1864 4017 2247 4072 multitudo
2287 4035 2365 4070 ex
2402 4017 2669 4071 imbelli
2704 4017 2913 4070 turba

737 4103 976 4169 mixta,
1044 4104 1306 4171 quoniam
1374 4105 1552 4159 turbae
1619 4103 1859 4157 imbellis
1916 4103 2296 4172 appellatione
2349 4120 2464 4157 non
2522 4101 2909 4172 significantur

737 4187 916 4256 plura,
958 4204 1028 4239 ex
1066 4189 1266 4255 quibus
1303 4188 1596 4242 miscendo
1637 4205 1809 4242 unum
1843 4186 1957 4241 fiat.

655 4272 707 4338 ²)
746 4271 801 4342 [ξ
844 4274 904 4325 17
944 4273 1300 4327 scribendum
1340 4274 1540 4341 signa
1578 4290 1650 4325 ac
1689 4272 1965 4326 tabulae.
2040 4271 2171 4340 Cap.
2211 4273 2296 4339 20,
2335 4274 2369 4325 8
2408 4289 2436 4324 e
2475 4272 2749 4340 scriptura
2785 4268 2907 4322 cod.

735 4358 781 4410 B
834 4374 1047 4426 neque
1110 4359 1349 4412 mirum
1403 4358 1459 4410 si
1513 4386 1581 4396 -
1637 4376 1753 4411 eos
1821 4358 1879 4411 si
1932 4357 2290 4411 orationes
2358 4355 2653 4425 Ussingius
2714 4352 2909 4408 efficit:

736 4459 952 4510 neque
987 4444 1302 4497 mirumst
1338 4471 1404 4481 —
1441 4459 1557 4495 eos
1598 4442 1655 4493 si
1693 4442 2069 4496 orationes.
2146 4438 2317 4509 1863]
