3230 5282
560 601 683 655 Lib.
720 600 966 656 XXXIV.
1648 593 1768 652 506

557 775 644 839 ad
701 781 1016 840 tantum
1072 796 1243 840 non.
1335 772 1462 837 cfr.
1512 773 1594 838 ad
1645 775 1745 851 23,
1794 779 1848 837 2.
1944 775 2080 857 (Sic
2127 777 2255 840 iam
2302 777 2369 840 P.
2420 778 2493 841 R.
2542 776 2859 841 Miillerus

552 883 787 948 Philol.
834 884 959 949 XII
1006 906 1067 966 p.
1119 881 1318 963 59.)1)

726 991 882 1076 Cap.
948 997 1057 1071 52,
1128 996 1163 1054 5
1238 990 1346 1070 (de
1417 990 1755 1073 triumpho
1812 991 1882 1054 T.
1944 989 2294 1070 Quinctii):
2363 991 2665 1056 Infecti
2735 1011 2859 1054 ar·

550 1101 773 1183 genti
818 1101 979 1164 fuit
1025 1100 1299 1164 decem
1345 1103 1425 1162 et
1482 1104 1665 1162 octo
1724 1098 1995 1161 millia
2054 1098 2313 1181 pondo
2374 1106 2449 1163 et
2507 1098 2859 1162 ducenta

552 1208 1092 1292 septuaginta
1135 1206 1375 1284 facti3
1435 1225 1625 1269 vasa
1671 1205 1925 1269 multa
1970 1206 2222 1270 omnis
2270 1208 2615 1288 generis⁸
2678 1227 2859 1269 cae-

552 1315 724 1380 lata
769 1316 1201 1399 pleraque,
1271 1311 1625 1396 quaedam
1682 1313 1988 1376 eximiae
2035 1314 2262 1377 artis.
2377 1314 2579 1378 Recte
2628 1313 2858 1378 Creve-

547 1425 689 1488 rius
745 1424 937 1488 nimis
996 1423 1304 1504 exiguum
1361 1421 1522 1484 facti
1579 1421 1838 1502 argenti
1894 1419 2153 1503 pondus
2210 1421 2485 1484 miratus
2544 1432 2671 1495 est,
2739 1423 2857 1485 mi-

549 1531 722 1595 nime
791 1529 1121 1595 sufficiens
1179 1529 1351 1593 vasis
1409 1527 1635 1591 multis
1700 1528 1907 1591 omnis
1966 1528 2255 1610 generis;
2324 1535 2588 1612 poterat
2646 1530 2854 1612 suspi-

550 1639 803 1702 cionem
872 1658 1112 1719 augere
1184 1635 1507 1700 rotundus
1564 1656 1874 1699 numerus
1928 1634 2243 1698 librarum
2302 1635 2525 1699 infecti
2584 1637 2856 1716 argenti,

550 1753 691 1809 tum
739 1746 994 1809 numeri
1040 1745 1135 1808 sic
1183 1742 1618 1808 substantivis
1662 1742 2064 1825 interpositi,
2122 1750 2195 1806 ut
2243 1751 2733 1820 concurrerent,
2793 1751 2857 1808 et

552 1851 970 1916 substantiva
1026 1850 1356 1934 particula
1413 1857 1488 1914 et
1536 1848 1879 1932 copulata3
1949 1849 2169 1913 Livius
2231 1851 2402 1914 enim
2452 1851 2855 1934 scripsisset:

549 1959 817 2023 XVIII
863 1958 1093 2023 milia
1138 1958 1427 2042 pond0,
1494 1954 1701 2021 facti
1751 1954 2096 2020 CCLXX.
2212 1956 2504 2040 Apparet
2550 1979 2851 2022 numeros

550 2065 1030 2131 continuandos
1089 2086 1227 2129 esse
1284 2071 1350 2128 et
1408 2064 1608 2128 verba
1666 2065 1757 2128 sic
1816 2063 2308 2145 distinguenda:
2379 2065 2671 2128 infecti
2729 2087 2851 2129 ar-

550 2174 771 2255 genti
847 2172 1011 2236 fuit
1078 2172 1342 2236 XVIII
1421 2172 1651 2235 milia
1729 2171 1992 2254 pondo
2063 2178 2138 2236 et
2207 2169 2564 2249 CCLXX,
2645 2173 2851 2237 facti

551 2300 739 2343 vasa
803 2278 1051 2343 multa
1118 2280 1371 2343 omnis
1441 2279 1766 2361 generis
1835 2283 1956 2343 cet.
2069 2279 2262 2343 Facti
2321 2281 2575 2360 argenti
2634 2280 2851 2344 Livius

549 2387 808 2469 copiam
874 2386 1246 2451 universam
1316 2393 1379 2450 et
1445 2407 1651 2468 genus
1718 2385 2061 2468 significat,
2132 2385 2387 2467 pondus
2455 2409 2581 2451 non
2649 2390 2851 2470 ponit,

548 2492 1094 2574 quemadmodum
1150 2494 1214 2556 in
1260 2493 1365 2556 M.’
1469 2493 1660 2556 Acilii
1710 2493 2089 2557 Glabrionis
2147 2493 2478 2577 triumpho
2527 2494 2849 2573 XXXVII,

545 2604 647 2680 46,
696 2603 763 2664 3:
826 2620 1019 2665 vasa
1077 2608 1472 2682 argentea
1519 2601 1843 2665 caelata
1890 2600 2147 2666 multa
2190 2602 2615 2685 magnique
2662 2625 2848 2686 pon-

547 2708 788 2773 deris.
900 2708 1025 2772 Hic
1087 2708 1575 2773 subsistendum
1637 2716 1808 2785 erat,
1879 2709 1930 2772 si
1989 2708 2153 2772 nihil
2212 2716 2385 2774 esset
2443 2718 2629 2774 extra
2685 2710 2847 2774 Livii
2924 2716 2934 2723 '

544 2815 749 2880 libros
796 2815 878 2879 ad
923 2815 1097 2880 hunc
1140 2816 1362 2880 locum
1406 2816 1828 2880 tractandum
1874 2815 2178 2893 subsidii3
2238 2837 2410 2881 nunc
2458 2817 2848 2882 Plutarchus

546 2924 612 2987 in
670 2924 804 2987 vita
861 2923 1215 2988 Flaminini
1273 2944 1326 2987 c.
1382 2929 1459 2986 14
1507 2945 1539 2988 e
1590 2923 1956 3006 Sempronii
2003 2922 2318 2987 Tuditani
2375 2924 2724 2989 annalibus
2781 2934 2846 2988 et

543 3031 688 3094 auri
759 3029 912 3094 facti
975 3037 1042 3095 et
1101 3031 1598 3114 Philippeorum
1660 3030 1922 3095 eosdem
1983 3052 2317 3107 numeros,
2389 3052 2553 3113 quos
2611 3032 2846 3107 LiviuS,

546 3139 735 3220 ponit
786 3136 957 3218 (auri
992 3145 1213 3202 tamen
1249 3136 1778 3201 MMMDCCXIII
1817 3157 1936 3219 pro
1971 3135 2546 3218 ‘MMMDCCXIVJ
2595 3141 2845 3221 argenti

545 3252 768 3308 autem
806 3254 987 3325 λίτρας
1021 3254 1466 3326 τετρακισμυρίας
1502 3254 1804 3325 τρισχιλίας
1843 3251 2122 3313 διακοσῖιις
2162 3250 2533 3323 ἑβδομήκοντα.
2614 3247 2845 3327 Itaque

544 3352 721 3434 apud
762 3352 1014 3416 Livium
1063 3373 1180 3435 pro
1218 3353 1434 3416 XVIII
1472 3353 1893 3417 scribendum
1928 3351 2165 3423 XLIII,
2205 3352 2846 3435 intellegentiamque

544 3460 744 3523 etiam
791 3480 869 3522 ex
915 3459 1041 3523 hoc
1086 3459 1261 3537 loco,
1329 3461 1393 3523 in
1452 3461 1743 3543 antiquis
1794 3459 1959 3524 Livii
2023 3458 2355 3523 codicibus
2401 3462 2576 3524 notis
2621 3459 2845 3524 huius-

599 3679 645 3745 ¹)
684 3677 836 3746 [Cap.
873 3680 970 3741 48,
1020 3680 1052 3731 5
1100 3677 1338 3731 fortasse
1387 3694 1488 3731 scr.
1546 3674 1783 3729 Omnia
1821 3692 1968 3729 cum
2006 3676 2520 3744 approbatione
2559 3678 2838 3744 ingenti

678 3767 840 3816 sunt
884 3761 1149 3826 audita,
1204 3767 1669 3830 praeterquam
1718 3777 1913 3827 quum
1960 3760 2041 3813 ad
2089 3762 2510 3815 mentionem
2549 3760 2841 3814 Nabidis

677 3853 950 3900 ventum
1012 3852 1120 3899 est
1177 3847 1302 3914 (pro
1359 3846 1578 3907 esset).
1664 3844 1794 3911 Cap.
1842 3847 1934 3909 49,
1991 3849 2051 3905 ὃ,
2109 3845 2203 3897 ubi
2250 3847 2330 3897 sic
2380 3846 2670 3898 scribitur:
2726 3845 2838 3898 Li·

677 3934 951 3985 bertate
995 3930 1264 3983 modice
1311 3935 1630 3995 utantur-3
1688 3933 2142 3997 temperatam
2198 3946 2335 3982 eam
2387 3929 2731 3982 salubrem
2779 3938 2844 3983 et

678 4015 973 4083 singulis
1013 4019 1077 4068 et
1114 4015 1537 4069 civitatibus
1575 4030 1747 4079 esse,
1801 4013 2082 4066 nimiam
2130 4016 2197 4065 et
2244 4013 2406 4066 aliis
2452 4030 2725 4082 gravem
2774 4019 2842 4067 et

677 4100 877 4169 ipsis,
927 4100 1035 4167 qui
1081 4099 1411 4166 habeant,
1461 4096 1868 4152 effrenatam
1906 4103 1975 4152 et
2008 4098 2453 4165 praecipitem
2490 4114 2662 4162 esse,
2707 4097 2843 4151 mal-

677 4185 786 4238 lem
841 4184 1063 4237 abesset
1116 4187 1183 4235 et
1236 4181 1643 4237 effrenatam
1700 4188 1798 4235 aut
1850 4183 2216 4235 scriberetur:
2273 4183 2554 4235 nimiam
2616 4189 2682 4234 et
2737 4181 2836 4236 ef·

676 4268 1017 4322 frenatam
1074 4271 1139 4319 et
1194 4267 1356 4320 aliis
1417 4283 1687 4335 gravem
1746 4276 1808 4320 et
1864 4267 2067 4335 ipsis,
2122 4267 2234 4333 qui
2282 4266 2608 4329 habeant,
2664 4283 2836 4334 prae·

675 4355 953 4422 cipitem
1001 4367 1161 4404 esse.
1244 4349 1456 4404 Vitium
1507 4353 1684 4406 sensit
1732 4353 1900 4405 etiam
1948 4350 2286 4405 Ritschelius
2326 4351 2466 4404 Mus.
2506 4350 2609 4403 Rh.
2651 4348 2840 4403 XVIII

676 4457 729 4507 p.
767 4439 884 4491 479.
965 4432 1134 4501 1863]
