3230 5282
507 603 630 659 Lib.
668 602 842 656 XXII.
1607 588 1732 649 292

684 774 840 858 Cap.
896 778 992 852 13,
1053 778 1120 837 6:
1182 794 1321 856 per
1365 771 1809 836 Allifanum
1868 770 2497 855 Calatinumque
2557 780 2637 839 et
2682 774 2830 840 Ca-

510 882 775 947 lenum
843 903 1121 964 agrum
1182 879 1572 962 (Hannibal)
1640 879 1718 942 in
1788 899 2151 963 campum
2208 877 2641 946 Stellatem
2700 882 2830 949 de·

341 1004 483 1071 (238)
518 989 855 1055 scendit.
968 990 1170 1053 Recte
1226 987 1633 1052 intellectum
1691 993 1790 1051 est
1844 1008 2081 1070 nuper,
2152 986 2525 1053 Calatinum
2584 1010 2830 1073 agrum,

512 1100 626 1183 qui
682 1098 861 1162 ultra
906 1096 1299 1162 Vulturnum
1356 1116 1613 1160 amnem
1675 1094 1760 1158 ad
1805 1094 2145 1159 meridiem
2188 1116 2414 1161 versus
2465 1097 2631 1183 situs¹
2673 1105 2832 1177 erat,

510 1208 579 1271 in
644 1206 771 1272 hoc
837 1206 1068 1270 itinere
1125 1202 1566 1268 Hannibalem
1634 1203 1960 1286 attingere
2019 1203 2200 1269 nullo
2261 1204 2456 1270 modo
2516 1207 2831 1288 potuisse.

513 1313 641 1380 Sed
712 1312 890 1398 quod
947 1311 1515 1377 Weissenbornius
1574 1310 1798 1376 Stierii
1871 1311 2317 1377 coniecturam
2389 1312 2730 1394 (Zeitschr.
2787 1314 2831 1378 f.

432 1466 439 1471 ·
512 1422 572 1487 d.
632 1420 1113 1487 Alterthumsw.
1189 1423 1351 1484 1852
1420 1441 1482 1483 n.
1546 1419 1658 1499 26)
1726 1425 1990 1484 secutus
2058 1417 2531 1485 Caiatinum'
2590 1422 2832 1504 posuit,

510 1531 650 1614 ipse
709 1531 944 1607 sensit,
1014 1529 1217 1593 etiam
1277 1526 1602 1591 Caiatiam
1658 1526 1920 1609 longius
1981 1527 2066 1592 ad
2127 1527 2465 1592 meridiem
2509 1535 2836 1594 remotam

512 1659 658 1703 esse
716 1658 836 1702 nec
892 1637 1153 1701 itineris
1206 1637 1532 1701 rationem
1590 1642 1925 1714 constare3
1992 1642 2061 1699 et
2118 1635 2303 1700 aliud
2360 1635 2566 1700 multo
2612 1638 2835 1719 aptius

510 1767 749 1810 nomen
817 1746 1111 1829 ipsorum
1178 1744 1478 1810 codicum
1538 1742 1702 1825 (PC)
1770 1743 2047 1826 vestigia
2111 1743 2462 1808 manifesta
2530 1742 2835 1821 offerunt,

508 1855 577 1918 in
647 1853 887 1936 quibus
956 1859 1084 1918 est:
1169 1874 1308 1936 per
1393 1850 1790 1917 alifanum
1873 1850 2467 1934 allifanumque
2550 1858 2629 1916 et
2699 1859 2834 1917 cet.

503 1961 881 2044 Scripserat
925 1961 1128 2043 igitur
1170 1960 1392 2024 Livius
1436 1980 1568 2024 una
1613 1959 1841 2024 littera
1886 1979 1918 2020 c
1965 1958 2142 2041 plus:
2203 1980 2342 2042 per
2385 1958 2840 2025 Allifanum

512 2066 1175 2151 Callifanumque
1234 2075 1348 2133 aut
1405 2068 1491 2147 (si
1549 2068 1653 2132 cui
1711 2066 1781 2132 id
1826 2066 2046 2150 aptius
2089 2066 2380 2146 videtur,
2452 2064 2840 2133 Callifarum

512 2178 711 2241 situm
755 2197 886 2240 non
931 2195 1222 2259 prorsuS,
1269 2182 1343 2240 ut
1386 2177 1640 2259 opinor,
1685 2181 1942 2240 certum
1987 2173 2445 2255 coniectanti):
2491 2195 2636 2258 per
2669 2172 2839 2240 Cal-

510 2283 849 2350 lifanum
906 2282 1545 2366 Allifanumque,
1607 2282 1968 2349 eorundem
2027 2282 2419 2365 oppidorum
2477 2282 2840 2347 vicinorum

512 2389 887 2455 nominibus
934 2391 1319 2470 coniunctis,
1368 2411 1512 2473 quae
1570 2393 1772 2456 etiam
1821 2389 1993 2468 vm,
2043 2393 2142 2470 25,
2188 2395 2228 2453 4
2279 2391 2779 2474 coniunguntur.

689 2496 887 2581 *Cap.
956 2502 1064 2575 14,
1152 2502 1229 2561 14
1298 2497 1394 2579 (in
1464 2499 1763 2563 oratione
1821 2498 1907 2564 M.
1967 2497 2238 2563 Minucii
2299 2496 2373 2574 Q.
2434 2498 2626 2563 Fabii
2682 2497 2841 2563 belli

511 2605 782 2690 gerendi
828 2607 1152 2672 rationem
1192 2607 1649 2688 exagitantis):
1699 2605 2084 2672 Stultitia
2130 2612 2251 2672 est
2296 2605 2653 2672 sedendo
2700 2614 2843 2672 aut

512 2715 722 2778 votis
770 2713 1176 2779 debellari
1224 2715 1555 2780 credere
1602 2737 1876 2798 posse;
1923 2716 2220 2780 armari
2265 2715 2548 2797 copias
2602 2735 2843 2798 opor-

516 2828 660 2901 tet,
709 2821 1235 2887 deducendas
1279 2824 1361 2887 in
1408 2844 1732 2904 aequum,
1779 2828 1865 2887 ut
1909 2824 2030 2886 vir
2075 2844 2242 2887 cum
2288 2823 2460 2887 viro
2510 2843 2842 2904 congre-

515 2930 795 2994 diariS.
876 2930 1093 3009 Posui,
1144 2931 1387 2995 omissa
1422 2929 1822 2996 Alschefskii
1868 2932 2318 3013 perversitate,
2369 2949 2515 2994 eam
2561 2930 2843 3012 scriptu-

514 3059 683 3116 ram,
755 3059 899 3122 quae
957 3038 1152 3122 vulgo
1204 3038 1819 3118 circumferebatur,
1879 3038 2257 3102 coniectura
2301 3037 2565 3116 adiuta,
2623 3043 2698 3102 ut
2740 3037 2842 3100 in-

515 3146 739 3229 tellegi
798 3153 1129 3229 utcunque
1177 3153 1436 3229 posset,
1504 3145 1571 3209 in
1632 3165 1764 3229 qua
1817 3151 2040 3209 tamen
2098 3144 2199 3226 (ut
2254 3145 2554 3210 omittam
2614 3145 2842 3227 copias

515 3254 639 3319 hoc
705 3254 850 3319 loco
918 3254 1330 3319 incommode
1398 3275 1517 3337 pro
1585 3252 1906 3317 militibus
1974 3252 2550 3332 commemoratas)
2627 3273 2840 3335 neque

654 3523 877 3577 Livium
942 3526 1002 3577 in
1069 3525 1455 3593 superioribus
1519 3523 1860 3593 significatio
1919 3530 2028 3590 est3
2091 3542 2273 3593 neque
2339 3523 2434 3576 vis
2489 3522 2658 3576 Fabii
2708 3540 2841 3576 cum

655 3608 956 3677 prudentia
1001 3609 1161 3677 quasi
1209 3610 1381 3663 animi
1426 3610 1668 3678 qualitas
1717 3610 1904 3678 aliqua
1941 3610 2253 3679 comparari
2288 3613 2504 3678 potest;
2559 3624 2840 3676 quumque

657 3699 714 3746 et
762 3709 829 3746 ex
874 3698 997 3747 tota
1044 3695 1323 3749 sententia
1367 3701 1426 3748 et
1475 3713 1545 3748 ex
1593 3696 1729 3764 ipsis
1767 3695 1951 3748 verbis
1990 3694 2445 3763 (prudentiam
2483 3692 2840 3761 extemplo

656 3807 724 3816 —
778 3780 1251 3833 constantiam
1316 3779 1661 3834 hauddum
1723 3780 2080 3849 expertus)
2134 3779 2490 3833 manifestum
2548 3778 2646 3842 sit,
2711 3794 2840 3845 quae

658 3865 808 3918 inter
856 3881 914 3917 se
962 3866 1249 3919 contraria
1285 3865 1626 3932 referantur,
1682 3882 1749 3920 ea
1800 3866 2215 3919 contrariorum
2263 3865 2468 3919 relatio
2515 3863 2735 3916 tollitur
2782 3868 2842 3916 et

656 3949 1023 4018 perturbatur
1066 3950 1178 4002 illis
1230 3968 1366 4004 non
1414 3952 1565 4004 vim.
1651 3950 1761 4004 Sed
1809 3949 1961 4019 quod
1997 3949 2311 4003 Gronovius
2360 3953 2640 4018 praeterea
2676 3947 2838 4001 duc-

657 4034 833 4087 toris
871 4034 1043 4089 scribi
1083 4034 1221 4100 vult,
1260 4035 1410 4104 quod
1448 4035 1591 4089 nulli
1630 4036 1951 4104 superiores
1989 4035 2298 4088 dictatores
2337 4035 2468 4098 sint,
2506 4034 2841 4103 quibuscum

658 4118 867 4173 Fabius
904 4121 1222 4188 comparari
1257 4121 1457 4189 possit,
1494 4138 1610 4175 non
1646 4127 1785 4189 puto
1823 4121 2201 4174 necessarium
2229 4137 2367 4175 esse.
2414 4117 2651 4172 Novus
2688 4118 2842 4170 enim

660 4204 904 4258 dictator
941 4205 1018 4256 sio
1058 4205 1269 4258 dicitur
1305 4223 1483 4274 nuper
1520 4210 1769 4272 creatus,
1828 4209 1890 4259 ut
1935 4205 2099 4258 simul
2146 4206 2326 4259 subsit
2360 4203 2698 4273 significatio
2732 4220 2841 4271 pro

661 4290 783 4342 aliis
838 4291 1259 4358 magistratibus
1317 4291 1626 4345 substituti.
1718 4289 1772 4359 [ξ
1822 4295 1853 4343 5
1903 4309 1972 4345 ex
2017 4308 2114 4358 e0,
2169 4291 2321 4358 quod
2365 4292 2426 4344 in
2462 4290 2505 4343 P
2543 4288 2842 4343 scribitur:

658 4374 1571 4445 Flaminissempronioque,
1619 4375 1682 4430 fit
1720 4376 1890 4430 duce
1938 4376 2472 4445 haudquaquam
2509 4374 2843 4428 Flaminii

660 4458 1193 4529 Semproniique
1233 4460 1469 4514 simili.
1548 4459 1724 4528 1862]
