3230 5282
1641 596 1768 656 448

548 803 680 844 non
727 780 1060 844 adnotatae
1107 783 1261 842 sunt
1308 778 1389 859 (c.
1438 782 1506 858 2,
1565 782 1633 858 2,
1696 799 1749 842 c.
1796 784 1855 857 4,
1919 782 2026 856 18,
2084 799 2137 841 c.
2187 783 2245 856 6,
2304 783 2361 856 ’7,
2421 779 2536 843 ubi
2582 779 2857 861 vestigia

548 890 684 954 veri
729 894 967 966 servat,
1027 907 1079 950 c.
1134 891 1227 966 11,
1274 892 1331 965 4,
1393 908 1445 950 c.
1501 891 1596 963 13,
1646 891 1704 965 7,
1764 907 1816 950 c.
1870 890 1963 964 19,
2011 887 2096 968 8).
2209 887 2285 950 In
2340 887 2612 970 reliquis
2670 887 2856 953 libris

550 997 750 1082 paulo
803 995 1084 1060 fortasse
1143 993 1292 1077 plus
1339 994 1506 1058 labis
1553 995 1843 1078 suscepit
1888 993 1981 1075 (in
2029 1015 2160 1078 quo
2206 994 2855 1060 animadvertendum

552 1112 669 1185 est,
725 1105 1007 1187 primum
1050 1103 1118 1165 in
1162 1102 1312 1167 libri
1358 1101 1653 1181 XXXIV,
1701 1107 1801 1180 62,
1863 1102 2099 1167 deinde
2141 1103 2209 1166 in
2254 1101 2426 1166 libro
2471 1101 2729 1182 XXXV,
2775 1106 2855 1167 33

551 1212 792 1278 mutari
837 1210 1092 1275 librarii
1137 1231 1424 1289 manum,
1473 1211 1843 1293 posteriore
1888 1211 2032 1274 loco
2080 1211 2274 1275 etiam
2323 1209 2623 1275 nonnihil
2667 1231 2858 1276 voca-

549 1321 708 1385 bula
763 1317 1094 1383 scribendi
1149 1317 1502 1398 rationem)
1562 1319 1892 1402 pauloque
1950 1319 2165 1383 rarius
2212 1318 2722 1401 exsplendescit,
2789 1319 2856 1382 in

549 1449 922 1492 universum
991 1432 1211 1490 tamen
1278 1424 1495 1489 locum
1564 1433 1790 1490 tuetur
1856 1425 1948 1507 (in
2018 1426 2322 1504 extremi,
2390 1448 2582 1509 quem
2639 1425 2857 1503 habet,

550 1534 701 1599 libri
739 1533 1083 1598 XXXVIII
1117 1534 1344 1616 primis
1392 1534 1623 1615 viginti
1672 1533 1996 1618 capitibus
2042 1541 2144 1598 ter
2187 1534 2362 1599 solus
2401 1555 2616 1598 veram
2653 1535 2858 1618 scrip-

551 1647 769 1707 turam
826 1641 1105 1724 praebet,
1169 1645 1275 1719 13,
1334 1646 1372 1704 4
1419 1642 1491 1704 vi
1550 1642 1805 1725 cepit,
1867 1649 2224 1725 captum,
2294 1642 2472 1725 quod
2518 1640 2858 1709 Bekkerus

550 1749 868 1826 restituit,
923 1753 1018 1827 16,
1068 1752 1104 1812 3
1150 1749 1628 1830 vectigales,
1679 1770 1729 1813 c.
1783 1753 1880 1828 17,
1931 1754 1966 1813 5
2015 1749 2388 1830 adsueti).

724 1856 826 1919 Ad
884 1855 1179 1920 codicum
1239 1857 1442 1937 igitur
1487 1857 1855 1937 Moguntini
1903 1856 2025 1938 (M)
2086 1861 2152 1921 et
2197 1857 2700 1939 Bambergensis
2745 1855 2857 1938 (B)

553 1964 747 2028 fidem
809 1963 1077 2044 (quibus
1134 1969 1358 2027 tamen
1407 1965 1775 2029 coniunctis
1821 1971 2077 2028 tantum
2127 1986 2167 2028 a
2210 1964 2381 2029 libro
2429 1963 2730 2043 XXXIII,
2783 1967 2860 2026 17

554 2072 638 2136 ad
684 2070 1044 2150 XXXVIII,
1101 2075 1184 2134 46
1231 2072 1504 2152 utimur)
1567 2071 1913 2154 dirigenda
1970 2078 2068 2137 est
2112 2070 2346 2136 horum
2392 2072 2618 2137 decem
2665 2071 2861 2136 libro-

553 2201 698 2243 rum
757 2178 1156 2257 emendatiO,
1229 2186 1451 2260 spreto
1508 2180 1877 2261 vulgarium
1937 2181 2119 2244 inani
2167 2201 2519 2258 consensu,
2587 2181 2697 2262 qui
2744 2178 2861 2243 ali-

555 2287 811 2368 quoties
861 2285 1287 2363 Gronoxfinm,
1356 2307 1555 2368 quum
1620 2288 1797 2352 solos
1842 2286 2036 2351 huius
2083 2289 2340 2370 generis
2388 2288 2644 2352 codices
2689 2294 2862 2351 trac-

553 2400 763 2458 tasset
818 2392 1097 2457 necdum
1142 2392 1694 2477 Bambergensem
1756 2401 2011 2472 nosset,
2081 2394 2165 2458 ad
2225 2397 2634 2460 coniecturas
2693 2393 2861 2458 diffi-

557 2502 714 2565 ciles
762 2499 1115 2565 tentandas
1161 2501 1453 2584 impulit,
1513 2503 1624 2566 ubi
1673 2502 1982 2567 Gelenius
2029 2524 2186 2567 vera
2233 2525 2267 2566 e
2314 2502 2704 2584 Moguntino
2749 2524 2861 2585 po-

557 2616 808 2689 suerat,
893 2610 1218 2693 torsitque
1299 2610 1500 2674 etiam
1567 2631 1778 2695 nuper
1842 2610 2173 2676 interdum
2240 2610 2863 2690 Weissenbornium,

557 2740 820 2783 causam
883 2740 1177 2783 errorum
1238 2719 1304 2781 in
1360 2718 1745 2800 vulgaribus
1790 2720 1986 2784 nimis
2033 2740 2254 2783 severe
2302 2720 2752 2800 exquirentem
2797 2724 2865 2784 et

386 2838 524 2908 (866)
562 2826 1072 2904 desiderantem,
1140 2846 1284 2908 quae
1341 2847 1539 2907 quam
1602 2848 1775 2910 saepe
1831 2822 1991 2892 levis
2047 2847 2124 2890 ac
2168 2826 2377 2891 futilis
2425 2827 2490 2890 in
2535 2826 2863 2891 facillimis

554 2935 750 2999 rebus
796 2956 862 2998 se
911 2934 1257 3011 obtulerit,
1329 2935 1489 2998 satis
1537 2934 1915 2999 ostenditur
1961 2956 2089 3000 uno
2136 2934 2251 2999 illo
2301 2935 2617 3018 exemplo,
2687 2933 2864 3018 quod

557 3065 759 3126 supra
804 3044 994 3125 posui
1042 3063 1119 3105 ex
1166 3040 1470 3120 XXXIV,
1535 3046 1647 3120 57,
1706 3047 1774 3120 8,
1836 3043 1939 3106 cui
1987 3043 2123 3107 alia
2167 3042 2410 3107 addere
2456 3041 2648 3106 facile
2699 3049 2859 3106 erat.

555 3150 770 3232 Atque
827 3172 992 3214 eum·
1025 3170 1311 3212 errorem
1359 3148 1691 3214 interdum
1741 3151 1939 3213 etiam
1988 3150 2071 3213 ad
2118 3149 2666 3231 Bambergensem
2716 3171 2864 3233 per-

554 3259 764 3322 tinere
813 3256 1099 3333 ostendi,
1157 3262 1231 3318 ut
1288 3278 1367 3319 ne
1425 3257 1482 3320 is
1530 3257 1794 3337 quidem
1842 3277 1882 3320 a
1925 3263 2111 3320 recta
2156 3264 2221 3321 et
2267 3258 2545 3340 simplici
2590 3257 2863 3338 Mogun-

554 3366 679 3428 tini
727 3366 1057 3447 scriptura
1104 3368 1169 3425 et
1215 3362 1298 3426 ad
1345 3385 1480 3426 rem
1528 3366 2025 3445 orationemque
2073 3370 2234 3447 apta
2269 3385 2389 3429 nec
2427 3364 2628 3429 ullam
2663 3366 2863 3429 inter-

556 3471 910 3553 polationis
967 3476 1188 3533 notam
1235 3471 1610 3535 continente
1657 3472 1850 3553 longe
1898 3478 1965 3535 et
2008 3472 2170 3535 mire
2217 3471 2561 3537 discedens
2609 3493 2865 3555 semper
2978 3494 2981 3497 ’

558 3577 903 3641 dubitandi
966 3598 1233 3640 causam
1290 3577 1552 3642 habeat.
1656 3578 1960 3643 Ceterum
2003 3579 2215 3643 libera
2259 3580 2657 3663 relinquitur
2701 3580 2865 3643 utri-

555 3706 768 3767 usque
826 3686 1262 3768 comparatio‚
1331 3687 1676 3749 sententiae
1738 3687 2189 3768 orationisque
2246 3688 2593 3751 momentis
2652 3694 2718 3751 et
2763 3708 2866 3755 er-

554 3792 745 3855 randi
841 3791 1307 3874 probabilitate
1403 3794 1778 3857 iudicanda.
1910 3794 2196 3859 Tantum
2274 3795 2451 3877 quod
2529 3795 2862 3860 Weissen-

555 3900 825 3964 bornius
873 3900 1074 3963 semel
1122 3906 1189 3964 et
1236 3901 1474 3965 iterum
1522 3900 1729 3981 (velut
1776 3901 1857 3965 ad
1908 3900 2247 3982 XXXVII,
2309 3906 2406 3981 39,
2471 3902 2575 3983 11)
2622 3902 2864 3967 bonam

555 4006 920 4089 Moguntini
969 4008 1398 4092 scripturam,
1458 4031 1498 4073 a
1544 4030 1675 4092 qua
1720 4009 1880 4073 mire
1929 4007 2241 4074 aberrant
2287 4008 2589 4093 vulgares
2637 4009 2865 4090 (inter-

557 4112 746 4192 dum,
813 4121 888 4178 ut
957 4115 1020 4178 in
1095 4116 1208 4179 illo
1266 4116 1409 4199 ipso
1471 4116 1625 4180 libri
1680 4115 1989 4180 XXXVII
2047 4118 2221 4194 loco,
2293 4118 2492 4181 etiam
2552 4118 2865 4182 Bamber·

555 4220 832 4301 gensis),
912 4222 1031 4285 viri
1101 4222 1274 4286 docti
1343 4224 1724 4288 coniectura
1790 4230 1856 4287 et
1917 4226 2319 4290 correctione
2376 4233 2602 4289 natam
2651 4230 2862 4308 putat,

554 4327 912 4393 tenendum
960 4335 1089 4409 est,
1149 4329 1311 4392 nihil
1361 4332 1621 4395 omnino
1670 4338 1786 4395 aut
1832 4333 1942 4410 iis,
2005 4332 2083 4397 de
2131 4333 2369 4416 quibus
2414 4332 2656 4415 agitur,
2702 4332 2865 4397 locis

556 4442 671 4500 aut
716 4436 862 4501 aliis
907 4437 974 4501 in
1009 4437 1396 4518 Moguntino
1443 4440 1739 4522 reperiri,
1788 4440 1964 4523 quod
2011 4439 2145 4505 ullo
2192 4441 2387 4505 modo
2433 4439 2864 4505 coniectando
