3230 5282
1613 603 1739 665 756

601 807 722 848 eur
765 792 899 846 cibi
941 819 1011 830 —
1054 789 1550 862 igno-cendum
1585 789 1683 827 —'

601 877 804 945 foret,
837 905 907 916 —
940 877 1288 946 extemplo
1321 895 1439 931 eoo
1468 877 1655 931 emie-

1773 790 1930 858 quasi
1967 788 2264 856 adflantur,
2302 789 2529 850 dicitur,
2564 788 2829 857 quemad-

1773 877 2003 930 modum
2033 874 2183 946 apud
2212 875 2530 929 Ciceronem
2556 892 2661 944 pm
2685 875 2829 930 seut.

601 981 845 1030 nurum,
882 964 1009 1019 nub
1043 964 1186 1019 haec
1213 963 1656 1019 eiterinomi·
1772 965 1859 1029 47,
1910 966 2003 1018 101
2053 962 2343 1015 honoris
2396 978 2576 1016 eun.
2647 961 2829 1028 Quum

601 1070 688 1107 na
718 1080 788 1090 —
823 1052 1047 1118 iuuit,
1082 1055 1163 1118 ut,
1199 1050 1532 1119 interposito
1568 1066 1655 1102 ar-

602 1143 868 1207 gumento
921 1136 1286 1206 proefationis,
1333 1137 1657 1190 continuen-

603 1231 697 1278 tur
731 1223 880 1278 haec:
920 1222 1261 1292 prefatus
1313 1250 1382 1259 —
1427 1221 1653 1275 iuuit.

602 1309 685 1364 De
721 1310 867 1376 XLI,
910 1312 989 1377 18,
1028 1312 1053 1363 1
1093 1327 1144 1362 v.
1185 1327 1240 1378 p.
1275 1309 1375 1361 611
1411 1307 1468 1360 h.
1509 1306 1597 1361 ed.

535 1397 594 1451 Ρ.
625 1399 728 1452 285
761 1393 1229 1451 ν.15ὀιιιιιΕιι.
1266 1392 1420 1460 VIII,
1455 1395 1523 1447 23
1557 1391 1653 1447 cfr.

605 1481 680 1550 11,
715 1485 807 1536 52:
845 1488 1052 1537 utero
1087 1497 1387 1535 recusso.

467 1545 480 1562 ⁸
537 1568 596 1621 P.
633 1570 736 1622 298
763 1587 816 1622 ιι.
853 1586 902 1620 v.
929 1570 1071 1622 1-5.
1110 1565 1221 1620 Gfr.
1257 1571 1446 1620 tamen
1474 1583 1526 1634 p.
1555 1566 1653 1618 561

604 1672 656 1709 v.
693 1656 728 1707 7
762 1654 833 1707 ab
867 1654 982 1707 imo
1017 1652 1071 1706 h.
1110 1652 1195 1708 ed.

545 1740 606 1795 P.
638 1742 742 1795 300
769 1759 819 1794 v.
852 1741 915 1794 16
947 1755 1168 1794 comma
1189 1743 1323 1808 poet
1355 1736 1536 1806 quod
1562 1737 1659 1791 de-

606 1826 806 1881 lentur.

538 1911 600 1965 P.
640 1914 744 1966 314
779 1912 889 1966 ima
925 1927 1031 1966 uer.
1070 1911 1392 1965 facturos
1435 1909 1656 1964 fuisse

603 1997 849 2052 Livius
885 2003 990 2052 oet.

538 2083 597 2137 P.
635 2085 737 2138 330
771 2102 851 2153 sq.
889 2083 1170 2138 addentur
1213 2084 1335 2137 haec
1373 2081 1655 2150 exempla:

1775 1050 1950 1103 rarius
1986 1049 2093 1102 hoc
2131 1048 2451 1119 significatu
2495 1047 2828 1102 vocabulum

1777 1152 1943 1188 aura
1992 1135 2081 1189 vel
2144 1137 2337 1204 potius
2388 1152 2512 1189 eur
2555 1133 2829 1201 (aured-

1776 1221 2041 1287 veutue)
2076 1222 2138 1275 iu
2181 1237 2390 1276 nuere
2442 1227 2539 1274 eut
2581 1219 2835 1275 habere

1776 1307 2089 1374 transisset,
2124 1307 2375 1360 additum
2412 1313 2500 1361 eet
2533 1323 2733 1376 spem,
2761 1323 2835 1359 ne

1776 1393 2003 1446 verbum
2022 1392 2245 1447 obiecto
2262 1399 2493 1448 careret.
2526 1391 2836 1447 Infeliciter

1775 1497 1956 1549 nuper
1996 1479 2183 1532 locum
2224 1480 2468 1534 tentavit
2501 1478 2837 1533 Weidneru·

1778 1565 1919 1620 Phil.
1954 1563 2190 1619 XXXVI
2224 1584 2278 1635 p.
2315 1568 2431 1619 ωθ.

1710 1651 1774 1704 Ρ.
1810 1653 1914 1706 449
1946 1669 1996 1704 v.
2032 1653 2092 1704 11
2126 1668 2344 1705 comma
2368 1656 2497 1721 post
2523 1650 2835 1705 viderem

1777 1737 2117 1808 ponendum.

1709 1823 1767 1877 Ρ.
1787 1826 1891 1879 463
1909 1842 1958 1877 v.
1984 1826 2049 1878 14
2064 1823 2189 1878 add.
2211 1823 2349 1878 Plin.
2368 1822 2503 1877 RN.
2523 1821 2735 1890 XVIII,
2753 1825 2840 1889 22,

1785 1911 1907 1965 188:
1947 1910 2212 1964 Civitas
2239 1909 2498 1963 Africae
2530 1910 2841 1980 petenti·

1779 1996 1904 2049 bun
1936 1995 2172 2064 Syrte·
2209 1996 2625 2066 Leptimque
2660 1994 2842 2064 Mug-

1777 2100 1929 2137 nam
1964 2087 2259 2137 vocatur
2292 2081 2579 2151 Tacape.

603 2170 722 2224 Liv.
760 2168 988 2236 XXVII,
1021 2170 1107 2235 45,
1142 2171 1192 2237 7,
1227 2167 1483 2237 XXXIII,
1519 2170 1570 2235 6,
1607 2170 1657 2234 7,
1709 2166 1770 2221 Ρ.
1809 2170 1915 2222 484
1958 2185 2008 2221 ν.
2051 2170 2255 2222 17-18
2307 2184 2409 2222 ser.
2455 2164 2839 2221 die-tribu·

606 2254 855 2320 XXXIV,
890 2257 974 2322 33,
1015 2258 1096 2323 10,
1144 2272 1211 2310 ex
1256 2253 1379 2308 aliie
1416 2253 1655 2323 scripto·

507 2330 514 2338 ’
608 2340 763 2395 ribus
811 2339 919 2395 cic.
967 2341 1036 2394 de
1071 2339 1220 2395 Orat.
1257 2339 1516 2408 111,2109,
1551 2356 1656 2410 pro

1778 2254 1899 2320 tin,
1934 2254 2070 2307 item
2104 2271 2162 2323 p.
2181 2255 2284 2308 618
2317 2271 2368 2308 v.
2400 2255 2537 2308 3-4
2566 2254 2843 2319 red-iit,

1778 2358 1833 2409 p.
1875 2342 1994 2406 624,
2031 2358 2081 2393 v.
2124 2341 2256 2394 1-2
2291 2339 2795 2395 abe-tinebant.

608 2425 748 2480 Caec.
785 2428 871 2494 64,
909 2426 981 2480 ed
1016 2426 1227 2480 Femm.
1267 2426 1374 2494 111,
1413 2429 1464 2493 8,
1500 2429 1548 2492 2,
1586 2425 1659 2480 de
1712 2424 1771 2480 P.
1807 2428 1911 2479 487
1944 2444 1998 2480 n.
2035 2428 2057 2478 1
2098 2428 2237 2479 extr.
2274 2442 2378 2493 pro
2416 2425 2569 2479 dies
2609 2431 2846 2480 noctu·

608 2510 759 2566 Νι).
782 2511 862 2580 11,
897 2514 981 2580 45,
1019 2511 1271 2567 Sen.Rh.
1310 2529 1363 2580 p.
1401 2514 1469 2565 54
1503 2530 1552 2564 v.
1597 2514 1660 2565 12

1783 2529 1908 2581 que
1945 2528 2049 2564 scr.
2092 2510 2209 2564 diu
2246 2514 2611 2580 noctuque.

606 2601 666 2652 et
697 2615 751 2669 p.
788 2600 891 2654 303
924 2617 975 2655 v.
1013 2599 1082 2653 25
1117 2597 1333 2666 KiesnL,
1374 2596 1526 2652 Curt.
1563 2596 1660 2665 IV,
1715 2596 1774 2651 P.
1811 2599 1914 2652 498
1946 2615 1997 2653 v.
2038 2599 2071 2651 5
2105 2597 2219 2651 ἰιιιο
2257 2612 2477 2652 comma
2528 2602 2663 2668 pont
2715 2614 2841 2653 no·

605 2686 694 2752 60,
732 2688 784 2752 4,
823 2683 920 2752 Π,
962 2688 1005 2750 1,
1039 2688 1075 2737 4
1109 2689 1168 2739 et
1201 2688 1412 2753 2‚1et
1446 2685 1529 2750 33,
1565 2686 1615 2738 e.

1783 2684 1913 2738 stri
1948 2682 2286 2752 ponendum.

543 2768 601 2822 Ρ.
642 2771 743 2823 345
777 2787 828 2824 v.
857 2770 980 2824 'Yeb
999 2771 1113 2824 imo
1143 2786 1361 2824 comma
1389 2769 1660 2823 deleatur.
1717 2770 1777 2824 P.
1820 2772 1916 2823 501
1974 2774 2113 2824 extr.
2167 2770 2293 2824 add.
2341 2769 2598 2839 XXXIX,
2643 2774 2729 2837 40,
2784 2773 2851 2824 12

540 2853 600 2908 Ρ.
638 2857 740 2909 377
782 2855 908 2909 ima.
948 2854 1087 2909 Cum
1124 2856 1274 2910 Suet.
1313 2855 1540 2925 Veepae.
1602 2859 1665 2908 12

610 2940 706 2995 cfr.
745 2939 876 2997 Tae.
915 2941 1051 3010 Agr.
1096 2944 1175 2996 10.
1404 2935 1415 2949 “

1787 2855 2115 2923 (dixerit),
2164 2856 2281 2923 XL,
2330 2860 2410 2923 14,
2445 2860 2481 2909 4
2532 2856 2847 2925 (milites)

1788 2948 1848 2997 et
1881 2945 1966 3010 42,
2007 2946 2065 2995 11
2107 2941 2630 3011 (inauguratus).

540 3025 600 3079 P.
638 3028 742 3082 380
792 3045 845 3081 ιι.
885 3046 933 3081 v.
989 3031 1046 3080 11
1093 3044 1197 3097 pro
1242 3027 1518 3082 incluou
1555 3043 1665 3083 scr.
1720 3028 1775 3082 P.
1820 3031 1922 3082 504
1957 3028 2029 3082 ad
2064 3045 2111 3082 e.
2148 3030 2232 3093 36,
2268 3030 2318 3083 3.
2375 3026 2587 3082 Iniuria
2619 3044 2709 3081 me
2744 3028 2850 3082 du-

610 3112 939 3168 inclusos.

540 3196 597 3250 P.
636 3201 739 3253 413
775 3217 824 3252 v.
861 3201 1059 3253 20-21
1102 3197 1245 3266 (Non
1277 3215 1468 3268 quaero
1497 3226 1563 3237 —
1593 3199 1669 3253 le·

611 3284 795 3353 gerit).
867 3284 1275 3354 Excipiendum
1322 3288 1444 3340 erat
1497 3301 1662 3353 quo-

609 3388 740 3439 que
795 3387 899 3439 pro
955 3376 1010 3425 et
1073 3388 1205 3440 quo
1268 3371 1348 3426 sie
1401 3371 1665 3441 positum,

609 3461 674 3510 ut
709 3456 806 3511 uni
854 3457 1126 3511 vocabulo
1171 3456 1515 3523 praecedenti
1560 3472 1666 3525 pro

612 3541 792 3597 altero
841 3542 1204 3613 adiungatur,
1254 3541 1408 3596 velut
1444 3542 1555 3597 Cic.
1594 3542 1665 3597 de

608 3624 758 3681 Orat.
795 3627 899 3696 111,
935 3631 1051 3683 227.

540 3712 601 3766 Ρ.
642 3715 745 3767 428
779 3732 829 3768 ιι.
853 3714 978 3768 add.
1008 3714 1245 3785 Legitur
1274 3719 1463 3769 tamen
1500 3720 1563 3768 et
1596 3742 1667 3752 —

610 3815 880 3868 quoque
916 3799 1042 3855 Sen.
1075 3799 1252 3871 Epist.
1282 3802 1365 3867 88,
1403 3802 1496 3867 24;
1535 3817 1665 3854 nam

612 3884 723 3939 Cic.
771 3885 840 3939 de
875 3884 996 3939 Inv.
1045 3880 1114 3951 11,
1152 3889 1220 3940 50
1254 3893 1323 3941 et
1357 3903 1427 3940 ex
1470 3886 1530 3939 it
1577 3903 1663 3939 οι·-

609 3975 730 4025 tum
765 3971 1067 4026 Lambinus
1103 3978 1255 4027 recte
1292 3972 1516 4026 delevit.

543 4056 602 4110 P.
639 4058 743 4111 435
778 4075 831 4110 n.
871 4075 920 4110 v.
965 4060 1026 4112 19
1062 4076 1142 4127 eq.
1212 4058 1261 4112 E
1298 4057 1463 4113 codd.
1501 4058 1667 4112 vesti-

609 4142 716 4211 giis
752 4144 990 4197 eruitur:
1036 4141 1182 4197 Non
1217 4161 1316 4197 me
1350 4143 1665 4211 fallebat,

609 4226 980 4294 Hannibal,
1009 4245 1174 4283 aura
1201 4229 1537 4283 adventus
1567 4229 1668 4283 tui

611 4312 1232 4383 Carthaginienses
1277 4342 1347 4352 —
1390 4315 1667 4370 turbae·

611 4416 696 4453 ae.
743 4400 925 4455 Aure
961 4400 1032 4454 de
1078 4400 1357 4455 levissima
1393 4400 1670 4455 auditiun-

609 4484 732 4538 cula
743 4490 911 4553 utque
921 4487 1350 4555 exspectatione,
1370 4503 1482 4555 qua
1497 4486 1668 4541 enimi

1788 3115 2011 3180 biiasse,
2032 3114 2382 3169 dicereturne
2412 3115 2617 3169 iuven
2630 3118 2737 3167 tut
2748 3132 2849 3169 em

1788 3201 2047 3255 habere
2074 3200 2152 3254 ad
2179 3199 2733 3270 supplementum
2753 3218 2850 3254 re-

1788 3286 2052 3356 migum,
2090 3285 2281 3342 hiloei
2300 3285 2848 3353 ostendunttXXVI,

1787 3373 1949 3434 47,3:
1990 3376 2292 3427 ceteram
2327 3371 2846 3427 multitudinem

1792 3486 1861 3497 —
1915 3458 1994 3511 ad
2047 3457 2590 3527 supplementum
2644 3458 2848 3511 remi-

1789 3562 1942 3615 gum
1981 3544 2195 3611 dedit,
2247 3543 2395 3610 XXI,
2447 3545 2524 3610 10,
2583 3545 2672 3597 12:
2729 3543 2848 3597 de·

1788 3628 2077 3684 dendum
2113 3628 2526 3697 (Hannibalem)
2573 3630 2655 3683 ad
2708 3630 2849 3698 piu-

1787 3716 2012 3770 culum
2085 3714 2280 3784 rupti
2352 3713 2683 3783 foederis,
2741 3713 2849 3783 111,

1785 3802 1869 3868 63,
1904 3805 1962 3854 4:
2018 3807 2255 3855 castra
2304 3800 2491 3855 hosti
2545 3800 2625 3854 ad
2675 3817 2851 3870 prae·

1788 3886 1932 3940 dam
1985 3885 2424 3956 relinquunt,
2476 3885 2594 3953 XL,
2631 3888 2716 3954 35,
2757 3890 2847 3941 143

1788 3972 1939 4026 loon.
1999 3978 2246 4041 pacata
2306 3991 2407 4027 me
2478 3973 2559 4027 ad
2616 3973 2849 4026 hiber-

1788 4058 2041 4113 nacula
2076 4058 2445 4127 leeturum3
2502 4058 2849 4113 excludimus

1790 4144 1938 4199 enim
1985 4147 2041 4197 et
2076 4160 2394 4213 separamus
2439 4144 2711 4200 eiusmodi
2749 4163 2845 4199 ex·

1791 4230 1989 4299 emple,
2025 4229 2209 4299 qualia
2245 4235 2379 4285 sunt
2402 4228 2500 4293 IV,
2538 4233 2623 4301 27,
2662 4234 2720 4285 1:
2756 4248 2851 4285 re-

1790 4316 1959 4369 licto
1997 4316 2280 4370 consule
2317 4316 2404 4370 ad
2438 4316 2847 4386 prasidium

1789 4402 2010 4469 urbia,
2048 4402 2310 4470 quonium
2344 4403 2540 4457 consul
2574 4419 2689 4458 non
2725 4404 2848 4472 ipse

1792 4486 2118 4556 praesidium
2174 4493 2286 4558 eet,
2343 4494 2441 4543 eut
2483 4486 2719 4555 XXXII,
2754 4489 2844 4556 38,
