3230 5282
468 635 591 690 Lib.
633 634 829 688 xxvr.
1166 618 1172 624 “
1567 624 1692 686 372

466 807 709 871 timos
778 808 1337 874 vincebantur.
1454 809 1590 892 [Sic
1651 809 2016 874 Gronovius
2074 805 2500 889 dubitanter]
2615 805 2785 887 (Ibd.

469 913 503 996 ἓ
551 919 761 981 9-10
810 914 1150 998 Ussingius
1196 918 1573 1001 suspicatur
1619 915 2039 982 scribendum
2085 936 2260 980 esse:
2318 915 2512 980 Inde
2572 915 2776 999 equi·

469 1029 649 1088 tatu
706 1045 1030 1107 quoque
1078 1026 1463 1107 superior
1505 1025 1871 1089 Romana
1913 1044 2038 1088 res
2082 1021 2276 1103 fuit,
2334 1030 2406 1086 ct
2457 1023 2787 1087 institu-

468 1136 650 1207 tum,
699 1139 787 1196 ut
829 1133 1127 1197 velites
1170 1133 1253 1197 in
1296 1132 1769 1216 legionibus
1817 1138 2122 1197 essent.
2219 1130 2433 1213 1863.)

641 1238 798 1324 Cap.
849 1246 916 1321 6,
982 1247 1009 1304 1
1077 1240 1218 1321 (ubi
1274 1246 1498 1306 castra
1553 1242 1854 1305 Romana
1911 1239 1996 1305 ad
2040 1239 2337 1324 Capuam
2394 1237 2478 1303 ab
2537 1237 2786 1303 Hanni·
2855 1266 2860 1269 ·

469 1346 618 1412 bale
689 1355 1072 1432 oppugnata
1136 1356 1521 1428 narrantur,
1589 1356 1742 1432 post
1796 1353 2382 1413 commemoratum
2436 1345 2629 1410 Navii
2685 1344 2783 1410 fa-

469 1455 687 1534 cinus,
757 1457 874 1540 qui
942 1458 1214 1522 secundi
1279 1457 1531 1523 hastati
1599 1457 1856 1539 signum
1912 1454 2223 1537 signifero
2279 1453 2660 1538 ademptum
2717 1454 2784 1517 in

465 1561 694 1628 hostes
739 1565 1024 1645 intulit):
1081 1565 1181 1631 Et
1225 1566 1311 1631 M.
1359 1564 1670 1630 Atilius
1715 1563 2043 1646 legatus
2088 1563 2330 1646 primi
2378 1562 2785 1646 principis

467 1693 557 1736 ex
647 1672 922 1738 eadem
1009 1672 1331 1756 legione
1423 1674 1737 1756 signum
1825 1670 2127 1736 inferri
2215 1672 2295 1735 in
2373 1668 2788 1734 cohortem

465 1779 1011 1863 Hispanorum
1078 1783 1365 1864 coegit.
1484 1781 1554 1847 Si
1611 1780 1841 1845 inferri
1897 1779 1984 1844 ab
2041 1778 2174 1844 alio
2232 1778 2489 1859 signum
2543 1776 2785 1842 Atilius

466 1890 818 1970 coegisset,
899 1912 1034 1955 non
1099 1912 1329 1970 unum,
1409 1889 1527 1955 sed
1596 1890 1818 1954 omnia
1881 1880 2184 1969 legionis*
2216 1887 2404 1969 signa
2464 1886 2788 1968 coegisset

464 1996 722 2076 inferri,
781 1997 905 2063 hoc
951 2005 1086 2079 est,
1143 2000 1476 2079 iussisset3
1536 1999 1834 2081 ineptum
1882 2002 1980 2061 est
2026 1995 2201 2060 enim
2246 1995 2461 2078 ipsum
2509 1993 2784 2075 cogendi

461 2105 752 2182 verbum,
799 2107 928 2170 nisi
973 2106 1358 2172 verberibus
1408 2112 1717 2172 coactum
1765 2103 2153 2188 signiferum
2198 2110 2526 2186 putamus.
2630 2102 2788 2184 Ipsa

462 2214 658 2276 unius
717 2219 785 2279 et
841 2215 1008 2279 certi
1064 2215 1233 2296 signi
1289 2215 1536 2280 mentio
1597 2213 1916 2291 ostendit,
1972 2210 2248 2275 Atilium
2290 2210 2483 2275 Navii
2528 2208 2786 2275 facinus

462 2321 791 2386 imitatum
864 2344 1009 2387 esse
1067 2322 1452 2405 Liviumque
1513 2323 1890 2405 scripsisse:
1963 2321 2279 2403 signum
2347 2319 2649 2382 inferre
2706 2318 2787 2382 in

463 2429 888 2495 cohortem
932 2430 1474 2513 Hispanorum
1519 2431 1791 2511 coepit.
1896 2428 2134 2494 Utrum
2179 2428 2264 2493 ab
2309 2426 2603 2491 inferri
2651 2425 2784 2509 (in)

222 2526 227 2535 ¹
292 2550 431 2616 (305)
470 2557 588 2618 pro
644 2537 955 2604 inferre
1012 2560 1097 2603 an
1156 2561 1198 2604 a
1253 2540 1527 2623 coegit
1583 2561 1706 2621 pro
1765 2539 2046 2620 coepit
2103 2537 2349 2619 scripto
2408 2556 2594 2599 error
2639 2554 2787 2599 coe-

463 2645 655 2728 perit,
702 2668 832 2712 non
878 2647 1175 2714 dixerim.
1278 2647 1729 2728 (Contrarium
1774 2645 2111 2724 mendum,
2168 2647 2619 2726 coeperunt
2662 2662 2783 2724 pro

464 2762 931 2837 coegerunt,
999 2758 1257 2821 correxi
1323 2757 1536 2836 XXV,
1604 2759 1717 2836 35,
1786 2754 1875 2836 8.)
1987 2752 2125 2836 [Sic
2182 2754 2314 2816 iam
2374 2748 2778 2832 Rupertius.]

464 2861 526 2944 (ἓ
574 2866 632 2942 2,
676 2862 790 2928 ubi
836 2865 1083 2930 editur:
1151 2864 1269 2930 ibi
1315 2887 1459 2950 per
1508 2871 1864 2946 stragem
1911 2861 2355 2926 iacentium
2402 2856 2783 2941 elephan-

462 2974 729 3035 torum
786 2978 1023 3039 atrox
1080 2973 1308 3051 edita
1353 2972 1640 3053 caedeS,
1699 2976 1880 3036 recte
1927 2969 2276 3050 Ussingius
2322 2966 2521 3031 scribi
2565 2965 2782 3032 iubet:

462 3077 577 3142 ibi
644 3099 869 3161 super
935 3088 1315 3165 stragem.
1429 3082 1601 3146 Nam
1658 3079 1870 3144 caedes
1929 3078 2262 3144 hominum
2320 3096 2441 3158 per
2494 3081 2786 3159 stragem

461 3186 965 3270 elephantorum
1013 3190 1193 3254 edita
1237 3189 1401 3254 nihil
1449 3198 1568 3254 est.
1668 3187 1881 3267 1863.)

417 3283 433 3295 ‘
635 3293 795 3379 Cap.
843 3301 911 3376 9,
974 3302 1011 3361 6
1058 3296 1169 3379 (de
1227 3296 1606 3362 Hannibale
1664 3295 1749 3360 ad
1805 3293 2038 3360 urbem
2084 3293 2360 3357 Romam
2422 3291 2783 3355 exercitum

462 3402 800 3484 ducente):
849 3404 1169 3470 Romam
1202 3405 1744 3488 Fregellanus
1788 3401 2141 3480 nuntius,
2188 3399 2394 3463 diem
2438 3403 2781 3462 noctem-

461 3531 612 3593 que
659 3511 964 3577 itinere
1011 3513 1510 3593 continuato,
1555 3514 1968 3595 ingentem
2006 3506 2315 3574 adtulit
2349 3511 2777 3584 terrorem3

459 3618 1074 3701 tumultuosiuS‚
1122 3643 1360 3706 quam
1406 3621 1776 3687 adlatum
1820 3624 2021 3697 erat,
2081 3612 2781 3681 cursu'hominum

460 3724 1068 3808 adfingentium
1149 3751 1353 3795 vana
1431 3729 1748 3794 auditis
1830 3733 2092 3793 totam
2158 3721 2438 3788 urbem
2507 3721 2781 3786 conci-

330 3902 334 3906 ,
458 3839 584 3897 tat
630 3832 844 3915 (codd.
885 3836 1056 3902 mell.
1096 3837 1548 3920 conciliat).
1639 3836 1798 3901 Haec
1850 3855 2011 3900 sana
2056 3853 2187 3898 non
2235 3852 2401 3910 esse,
2451 3830 2782 3894 Weissen-

459 3941 762 4024 borniu8‚
830 3947 944 4028 qui
1001 3967 1307 4011 enarrare
1365 3952 1646 4013 conatus
1703 3950 1836 4022 est,
1905 3942 2132 4007 sensit.
2234 3939 2465 4020 Neque
2510 3937 2780 4001 nuntius

413 4049 691 4116 .urbem
757 4055 1052 4119 concitat
1122 4054 1400 4120 aliorum
1457 4052 1992 4129 concursatione,
2057 4067 2272 4129 neque
2329 4067 2450 4128 pro
2510 4066 2781 4110 concur-

458 4161 715 4225 satione
776 4182 1009 4227 cursus
1071 4162 1341 4241 dicitur,
1409 4182 1628 4246 neque
1683 4166 1866 4225 recte
1922 4158 2192 4223 nuntius
2252 4152 2505 4235 (homo)
2554 4160 2623 4217 et
2675 4172 2781 4217 res

458 4276 929 4351 comparantur
963 4270 1221 4353 (quam
1254 4270 1627 4336 adlatum
1673 4266 1899 4349 erat).
1968 4264 2235 4329 Excidit
2267 4261 2541 4345 aliquid,
2579 4280 2782 4342 quum

455 4376 524 4440 in
570 4377 740 4444 hanc
783 4379 985 4444 ferme
1030 4379 1312 4445 formam
1356 4380 1678 4462 scriptum
1720 4375 1988 4441 fuisset:
2030 4409 2119 4419 —
2163 4369 2476 4437 adtulit
2519 4375 2776 4432 terro-

454 4505 635 4549 rem.
735 4485 1383 4568 TumultuosiuS,
1443 4506 1680 4570 quam
1725 4484 2089 4549 adlatum
2135 4485 2343 4557 erat,
2402 4493 2776 4558 propugn-
