3230 5282
1527 615 1648 676 451

436 800 657 864 Livius
718 797 1103 881 amplificat,
1164 798 1487 877 omiserit,
1547 799 1627 862 de
1672 798 1881 876 fum0‚
1940 799 2020 862 de
2069 797 2382 877 clamore,
2443 799 2523 864 de
2572 801 2742 865 seni-

438 906 662 972 oribus
708 917 777 970 et
822 907 1072 989 pueris,
1141 912 1261 970 cet.
1363 905 1583 971 Nihilo
1647 914 1869 970 autem
1927 905 2028 970 his
2073 906 2495 989 prudentiuS,
2564 908 2742 990 quod

438 1014 522 1079 ad
569 1013 864 1093 XXXIV,
912 1018 1009 1093 57,
1056 1018 1094 1077 8
1141 1014 1513 1092 adnotatur,
1570 1015 1681 1097 qui
1726 1014 1932 1092 locus,
1982 1020 2054 1078 ut
2097 1013 2413 1079 Emendd.
2459 1014 2632 1079 Livv.
2680 1040 2741 1101 p.

444 1127 566 1187 364
615 1121 906 1202 ostendi,
975 1122 1073 1186 vel
1134 1121 1586 1205 apertissimus
1635 1128 1735 1185 est
1780 1120 1863 1185 ad
1909 1121 2207 1185 codicum
2252 1120 2591 1205 dignitatis
2638 1145 2742 1189 or-

440 1232 656 1296 dinem
729 1229 1280 1296 constituendum.
1393 1227 1561 1292 Nam
1618 1227 1711 1292 ibi
1768 1229 1835 1292 in
1890 1227 1958 1291 M
2016 1229 2380 1312 aptissime,
2450 1233 2745 1296 oratione

438 1342 706 1424 propria
772 1345 847 1410 et,
905 1338 1210 1421 antiqua,
1296 1335 1641 1401 scribitur:
1723 1342 1864 1399 aut
1940 1359 2029 1399 ex
2106 1335 2455 1402 formula
2531 1340 2743 1404 iuris

440 1446 766 1530 antiqui
836 1450 974 1510 aut
1042 1466 1128 1508 ex
1197 1446 1466 1528 partis
1534 1445 1971 1526 utriusque
2039 1447 2476 1527 commod03
2545 1470 2746 1531 quum

440 1562 661 1620 autem
706 1556 773 1617 in
821 1573 898 1618 eo
946 1541 1188 1632 codice,
1246 1575 1326 1618 ex
1371 1573 1501 1635 quo
1549 1552 1600 1615 B
1650 1559 1717 1616 et
1761 1551 2060 1635 vulgares
2105 1555 2236 1617 orti
2280 1561 2452 1634 sunt,
2509 1557 2546 1617 1⁹
2589 1557 2659 1621 in
2702 1559 2744 1619 Ε

440 1667 714 1740 mutato,
770 1666 1003 1725 natum
1049 1666 1256 1725 esset:
1329 1683 1418 1725 ex
1465 1683 1554 1725 eo
1603 1660 1886 1741 rmula,
1944 1660 2097 1724 hinc
2140 1662 2207 1724 in
2254 1661 2476 1727 codice
2520 1664 2743 1747 vulga-

439 1771 607 1834 rium
675 1769 968 1851 principe
1027 1768 1309 1832 mirabili
1370 1767 1742 1851 corrigendi
1799 1767 2225 1851 simplicitate
2284 1768 2588 1835 effectum
2646 1778 2747 1835 est

442 1901 532 1943 ex
599 1897 686 1942 eo
757 1875 992 1940 simul
1063 1900 1129 1952 a,
1212 1875 1717 1958 Bambergensis
1798 1882 2019 1940 autem
2104 1876 2349 1940 codicis
2413 1877 2745 1957 librariuS,

442 1985 622 2069 quod
667 1984 825 2048 fecit
870 1984 1257 2065 saepissime,
1316 1983 1574 2048 obiecta
1620 1984 1821 2073 etiam
1865 1984 1932 2046 in
1978 1985 2342 2048 notissimis
2390 1984 2601 2049 verbis
2646 1986 2747 2050 vel

439 2101 707 2177 propter
763 2091 1072 2155 ductuum
1129 2090 1597 2155 obscuritatem
1644 2090 1744 2153 vel
1791 2096 2063 2173 propter
2106 2090 2413 2155 litterulae
2459 2114 2744 2157 errorem

438 2200 539 2265 vel
608 2207 879 2284 propter
942 2197 1204 2261 litteras
1264 2197 1572 2263 evanidas
1632 2204 1747 2261 aut
1802 2196 2098 2261 chartam
2155 2206 2496 2280 pertusam
2556 2200 2744 2265 dubi-

440 2308 719 2383 tatione,
780 2327 899 2389 pro
958 2304 1057 2369 his
1115 2327 1204 2368 ex
1253 2327 1340 2368 eo
1386 2301 1896 2370 rmula'iuris
1945 2306 2262 2386 antiqui
2309 2307 2595 2388 spatium
2638 2329 2748 2372 va-

442 2436 634 2477 cuum
680 2414 961 2495 reliquit.
1065 2413 1235 2490 Quid
1281 2412 1896 2478 Weissenbornius?
1962 2412 2092 2477 Ubi
2140 2413 2382 2477 codicis
2427 2412 2481 2476 B
2529 2415 2748 2480 scriba

443 2527 634 2585 caute
681 2521 965 2603 spatium
1012 2519 1403 2602 reliquerat,
1471 2529 1760 2584 veterem
1804 2521 2107 2584 lacunam
2154 2522 2327 2584 varie
2376 2522 2747 2606 suppletam

441 2635 653 2713 putat.
744 2628 944 2712 Atqui
989 2628 1172 2692 nulla
1220 2635 1324 2693 est
1369 2629 1653 2692 varietas
1700 2627 2062 2711 supplendi.
2111 2630 2424 2711 quoniam
2470 2631 2750 2697 ridicula

439 2738 558 2802 illa
595 2759 684 2801 ex
721 2760 807 2800 eo
846 2736 1082 2799 simul
1122 2758 1161 2798 a
1200 2737 1804 2800 manifestissimum
1847 2743 1942 2799 est
1979 2736 2137 2799 nihil
2177 2736 2356 2800 aliud
2382 2739 2749 2818 significare

440 2846 566 2909 nisi
627 2867 716 2909 ex
774 2843 1134 2907 formula.
1248 2843 1390 2908 Hoc
1447 2850 1666 2906 autem
1713 2844 2239 2926 supplementum
2288 2846 2618 2925 quomodo
2667 2869 2748 2911 ex

439 2953 528 3031 M,
578 2974 619 3015 a
665 2950 1044 3032 vulgaribus
1090 2951 1550 3026 remotissimO,
1599 2952 1666 3013 in
1712 2950 1861 3013 illos
1908 2952 2104 3028 venit,
2151 2951 2259 3030 qui
2309 2951 2552 3034 ubique
2600 2975 2749 3018 cum

443 3060 496 3122 B
544 3059 1044 3140 coniunguntur,
1105 3057 1375 3122 asseclae
1424 3080 1578 3122 sane
1625 3058 1817 3139 longe
1864 3057 2205 3121 inferiores
2254 3064 2318 3121 et
2365 3058 2749 3141 depravati?

443 3166 786 3230 Postremo
835 3166 982 3247 quis
1027 3165 1157 3228 illis
1204 3166 1487 3243 saeculis,
1559 3187 1833 3247 quorum
1894 3172 1992 3229 est
2052 3165 2256 3228 codex
2303 3165 2745 3249 moguntinus,

442 3272 813 3337 huiusmodi
885 3273 1440 3355 supplementum,
1507 3281 1644 3337 tam
1704 3273 2013 3338 Latinum
2069 3294 2148 3337 ac
2203 3274 2573 3356 proprium,
2641 3297 2750 3340 ex-

450 3381 813 3464 cogitavit?
893 3378 1022 3444 Sed
1091 3378 1270 3461 (nam
1339 3403 1495 3445 casu
1565 3381 1832 3458 accidit,
1901 3388 1987 3443 ut·
2033 3381 2381 3462 'aptissimo
2449 3384 2746 3466 exemplo

442 3490 788 3553 veritatem
849 3486 1235 3552 confirmare
1281 3487 1504 3570 liceat)
1551 3496 1626 3553 ut
1669 3488 1795 3552 hoc
1839 3487 1983 3552 loco
2029 3485 2378 3552 formula
2425 3491 2748 3574 antiqui

441 3598 649 3660 iuris
706 3596 773 3658 in
833 3594 885 3657 B
945 3595 1212 3661 sublata
1268 3602 1413 3661 tota
1471 3602 1602 3675 est,
1666 3596 1760 3659 sic
1817 3594 2087 3673 XXXV,
2160 3598 2268 3672 16,
2332 3599 2401 3673 6,
2458 3596 2572 3662 ubi
2626 3620 2749 3664 nec

441 3703 1009 3768 Weissenbornius
1076 3724 1195 3767 nec
1263 3704 1608 3787 quisquam
1676 3702 1966 3781 dubitat,
2036 3703 2196 3784 quin
2255 3701 2477 3768 Livius
2544 3708 2750 3791 scrip-

446 3812 627 3891 serit,
675 3821 751 3875 ut
794 3811 862 3876 in
908 3811 974 3875 M
1021 3817 1148 3875 est:
1197 3812 1275 3875 in
1322 3811 1739 3892 antiquum
1782 3810 1908 3874 ius
1952 3809 2281 3892 repetit,
2328 3810 2394 3872 in
2441 3810 2493 3873 B
2540 3811 2746 3895 (quod

444 3919 760 4002 scriptum
819 3924 962 3982 erat
1018 3918 1400 3998 anticum)
1447 3919 1692 3982 factum
1740 3923 1844 3981 est
1883 3917 2372 3981 Antiochum
2414 3922 2747 4002 repetit,
2788 3972 2799 3981 .

449 4027 687 4092 deinde
736 4030 800 4090 in
847 4025 1222 4108 vulgaribus
1269 4024 1654 4107 corrigendo
1705 4024 2153 4087 Antiochus
2200 4026 2526 4107 repetit.
2615 4028 2749 4112 Ap-

444 4142 634 4218 paret
682 4134 1068 4216 depravatio
1117 4135 1184 4198 in
1230 4133 1282 4197 B
1330 4132 1678 4215 incipiens,
1747 4133 1814 4195 in
1874 4132 2109 4195 ceteris
2167 4131 2424 4213 longius
2481 4156 2749 4219 progre-

446 4241 649 4305 diens.
765 4241 1004 4304 Verum
1060 4261 1141 4303 ne
1197 4241 1262 4304 in
1322 4241 1549 4322 paucis
1603 4238 1765 4304 locis
1811 4238 2055 4304 morari
2100 4238 2466 4318 videamur,
2537 4241 2749 4308 dicam

445 4351 727 4432 primum
773 4350 1130 4426 universe,⁸
1172 4348 1462 4412 codicem
1505 4347 1992 4429 Moguntiuum,
2048 4368 2239 4427 quem
2287 4348 2399 4428 qui
2442 4348 2751 4413 viderunt

445 4454 911 4538 (CarbachiUS,
983 4455 1318 4532 GeleniuS,
1378 4455 1551 4535 alii),
1614 4476 1838 4518 omnes
1882 4474 2145 4519 summae
2192 4453 2606 4534 antiquitatis
2648 4457 2750 4521 in-

2188 4569 2285 4622 29*

2596 4838 2759 4967 fs!

2364 4988 2535 5087 f*
