3230 5282
1378 640 1496 700 189
2278 649 2404 708 Lib.
2441 654 2589 708 VIII.

300 830 546 904 tamque
612 821 963 905 imaginem
1020 828 1135 887 aut
1201 824 1416 887 animo
1471 823 1687 905 ipsum
1742 823 2011 889 finxisse
2072 833 2186 889 aut
2245 825 2590 891 scribendo

300 930 704 1010 expressisse,
783 930 851 993 in
932 951 1011 994 ea
1076 931 1412 1010 inciderit,
1490 951 1635 1012 quae
1728 931 2027 996 codicum
2104 954 2457 997 consensus
2526 940 2593 999 et

302 1037 601 1099 orationis
659 1044 851 1101 tenor
905 1060 1024 1121 per
1080 1060 1150 1103 se
1206 1037 1420 1103 bonus
1476 1044 1546 1102 et
1597 1038 2018 1123 incorruptus
2065 1061 2211 1105 eum
2258 1043 2591 1125 scripsisse

299 1141 754 1207 demonstrant.
778 1144 838 1226 1)
961 1145 1169 1210 Extra
1234 1147 1450 1229 ipsam
1514 1167 1737 1210 rerum
1806 1148 2311 1230 explicationem
2378 1171 2593 1233 pauca

347 1311 390 1373 ¹)
423 1311 672 1365 Primum
721 1313 892 1381 igitur
936 1314 1329 1383 manipulatim
1378 1318 1654 1367 structam
1701 1316 1878 1369 aciem
1922 1321 1980 1369 et
2024 1316 2250 1370 ordines
2286 1317 2593 1372 instructos

419 1402 687 1465 tanquam
748 1399 860 1451 duo
906 1404 963 1451 et
1007 1399 1228 1453 diversa
1274 1400 1582 1469 separavit,
1640 1417 1810 1467 quum
1855 1402 2136 1454 centurias
2178 1405 2236 1453 et
2272 1402 2497 1456 ordines
2534 1404 2594 1455 in

419 1483 737 1551 manipulos
791 1483 1066 1537 conflatos
1112 1485 1367 1554 legisset3
1423 1484 1627 1538 deinde
1672 1486 1954 1539 centurias
2002 1484 2270 1553 (ordines)
2319 1491 2374 1539 et
2422 1487 2593 1540 mani-

419 1567 581 1634 pulos
628 1585 827 1636 parum
874 1569 1158 1636 distinxit3
1215 1571 1594 1624 centuriarum
1643 1570 1792 1623 enim
1841 1588 2076 1625 numero
2121 1571 2363 1623 militum
2407 1573 2593 1640 posito

420 1652 544 1719 (60),
587 1653 752 1707 binos
790 1653 1008 1707 addidit
1043 1656 1417 1721 centuriones,
1456 1656 1553 1723 qui
1586 1655 1649 1708 in
1683 1655 1972 1723 manipulo
2011 1662 2172 1709 erant
2209 1654 2286 1723 (in
2324 1658 2592 1710 centuriis

419 1738 674 1805 singuli),
728 1740 1142 1808 manipulisque
1197 1742 1426 1794 vicenos
1481 1740 1620 1793 levis
1667 1747 1965 1794 armaturae
2009 1742 2216 1795 milites
2254 1741 2593 1810 adsignavit,

419 1830 557 1891 quot
601 1824 659 1876 in
697 1826 951 1877 centuria
985 1825 1156 1878 fixisse
1192 1825 1459 1893 Polybius
1498 1825 1721 1891 scribit,
1767 1842 1870 1879 nee
1908 1826 2083 1894 cavit,
2136 1826 2288 1893 quod
2322 1826 2591 1896 Polybius

420 1907 728 1975 diligenter
763 1908 922 1974 facit,
970 1914 1033 1963 ut
1068 1910 1127 1962 hi
1163 1915 1323 1962 extra
1356 1912 1427 1963 60
1462 1910 1719 1963 hastatos
1757 1910 2150 1979 principesque
2187 1912 2357 1979 ipsOS,
2404 1914 2501 1979 qui
2535 1914 2595 1966 in

417 1994 670 2046 centuria
707 2000 911 2059 essent,
946 2001 1396 2060 numerarentur;
1433 1996 1706 2063 manipuli
1743 1995 1922 2048 totius
1959 2013 2249 2049 numerum
2278 1997 2360 2049 ita
2389 1998 2595 2063 omisit,

419 2084 482 2131 ut
530 2095 656 2132 eum
702 2079 968 2132 centurioe
1015 2096 1247 2134 numero
1287 2080 1611 2133 confudisse
1649 2080 1920 2133 videatur.
2007 2079 2127 2133 Una
2160 2081 2499 2149 relinquitur
2536 2083 2595 2136 in

417 2163 523 2216 hac
557 2170 720 2231 parte
757 2163 1068 2230 dubitatio,
1113 2165 1262 2218 unde
1303 2168 1364 2218 15
1400 2165 1723 2232 manipulos
1758 2166 2128 2231 hastatorum,
2181 2169 2245 2219 15
2279 2168 2595 2237 principum

418 2249 730 2316 acceperit,
787 2249 867 2301 ita
902 2256 965 2301 ut
1000 2267 1069 2302 ex
1104 2252 1200 2316 30,
1256 2250 1352 2317 qui
1399 2268 1664 2304 numerus
1713 2251 2127 2319 manipulorum
2173 2252 2287 2303 iam
2325 2253 2594 2320 antiquis-

418 2335 574 2386 simae
611 2334 852 2401 legionis
891 2339 1074 2387 certus
1113 2351 1234 2387 esse
1270 2334 1519 2401 videtur,
1569 2336 1707 2389 nulli
1754 2335 1963 2388 triariis
2009 2335 2412 2403 relinquantur.
2486 2335 2596 2389 Nu-

415 2436 634 2472 merum
704 2419 1118 2487 manipulorum
1192 2420 1372 2473 totius
1445 2421 1690 2489 legionis
1755 2420 1826 2473 ad
1886 2421 2138 2473 hastatos
2201 2421 2596 2489 principesque

415 2505 611 2557 nescio
657 2521 768 2571 quo
820 2521 1010 2558 errore
1054 2505 1396 2558 translatum
1440 2506 1611 2573 (quod
1660 2507 1717 2559 in
1763 2505 1973 2558 triariis
2022 2506 2135 2558 alia
2171 2511 2290 2559 erat
2328 2507 2595 2559 centtuiae

417 2590 594 2659 ipsius
645 2596 704 2643 et
748 2588 1023 2658 manipuli
1073 2589 1399 2659 descriptio)
1436 2591 1585 2645 inter
1623 2608 1719 2645 eos
1759 2591 2014 2645 divisisse
2050 2591 2291 2645 videtur.
2380 2590 2598 2645 Deinde

415 2682 608 2729 autem
646 2676 707 2729 in
745 2676 956 2728 triariis
995 2675 1396 2743 describendis,
1434 2677 1493 2729 in
1530 2695 1641 2744 qua
1675 2682 1837 2744 parte
1873 2677 2114 2730 maxime
2142 2677 2449 2743 laboratur,
2484 2695 2596 2729 ma-

414 2760 622 2813 nifesto
668 2776 773 2829 pro
820 2778 931 2813 uno
970 2760 1174 2813 vexillo
1216 2761 1547 2830 (manipulo)
1587 2762 1697 2814 tria
1734 2778 1943 2829 genera
1978 2763 2223 2814 militum
2261 2761 2591 2828 continenti,

391 2846 643 2898 ⁴triarios
673 2846 853 2914 ipsos,
893 2847 1161 2909 rorarios,
1213 2863 1493 2912 accensos,
1535 2847 1832 2899 substituit
1863 2847 2213 2916 manipulum
2244 2847 2427 2914 (quem
2456 2847 2600 2900 ordi-

413 2947 546 2984 nem
590 2931 838 2998 vocavit)
880 2931 990 2984 tria
1027 2930 1233 2984 vexilla
1273 2932 1660 2984 continentem
1699 2937 1757 2983 et
1783 2931 1873 2984 his
1903 2932 2084 2984 tribus
2113 2933 2333 2986 vexillis
2364 2933 2597 3000 singulis

415 3017 650 3083 plenum
695 3017 965 3069 centuriae
1003 3033 1300 3069 numerum
1339 3016 1513 3069 dedit.
1594 3016 1643 3067 E
1681 3017 1904 3084 Polybii
1951 3017 2329 3084 descriptione
2375 3017 2593 3070 intelle·

415 3101 598 3168 gitur,
655 3101 776 3153 eius
831 3107 997 3154 aetate
1051 3101 1372 3154 triariorum
1429 3101 1818 3170 manipulos
1874 3103 2114 3155 eundem
2167 3100 2430 3154 habuisse
2485 3120 2592 3154 nu-

411 3203 659 3251 merum,
736 3187 828 3253 qui
903 3188 958 3240 in
1022 3187 1265 3240 hastatis
1347 3186 1811 3254 principibusque
1886 3187 2360 3240 centuriarum
2433 3192 2596 3253 esset,

415 3272 524 3324 nisi
590 3271 748 3338 quod
800 3271 997 3324 velites
1053 3273 1224 3325 etiam
1277 3272 1337 3325 in
1393 3272 1608 3325 triariis
1666 3271 2010 3340 quadrageni
2067 3275 2281 3337 essent,
2346 3276 2487 3338 quot
2540 3272 2598 3324 in

413 3356 776 3409 hastatorum
831 3357 1257 3426 principumque
1309 3357 1608 3424 manipulis
1668 3357 1757 3423 (20
1799 3357 1860 3409 in
1909 3357 2215 3421 centuriis).
2304 3355 2430 3409 Duo
2469 3362 2602 3409 sunt

418 3440 451 3508 §
500 3444 533 3493 7
581 3448 644 3494 et
690 3444 726 3494 8
772 3447 968 3494 contra
1021 3441 1247 3496 codices
1307 3442 1560 3495 tollenda
1617 3442 2021 3494 additamenta:
2080 3442 2393 3510 primum,
2448 3441 2600 3508 quod

417 3533 550 3579 ante
613 3526 831 3595 pilum
891 3527 1123 3594 ponitur
1191 3517 1500 3596 (primum
1569 3527 1782 3596 pilum
1838 3526 2054 3579 librarii
2106 3531 2334 3590 norant,
2388 3526 2599 3595 pilum

415 3611 678 3665 absolute
725 3609 797 3663 de
842 3629 1074 3664 numero
1131 3613 1373 3665 militum
1435 3613 1689 3681 positum
1737 3611 2127 3680 ignorabant),
2174 3611 2404 3678 deinde,
2450 3613 2602 3679 quod

415 3696 529 3749 iam
583 3696 817 3764 Lipsius
880 3702 937 3748 et
993 3695 1310 3751 Gronovius
1375 3697 1800 3762 intellexerunt,
1876 3697 2203 3750 vexillum
2266 3703 2396 3750 ante
2453 3714 2596 3751 cen-

414 3789 555 3834 tum
593 3780 988 3849 octoginta,
1037 3782 1317 3849 additum,
1364 3799 1537 3850 quum
1573 3799 1689 3835 non
1727 3781 2290 3849 animadverteretur,
2337 3800 2601 3836 numeros

415 3866 486 3918 ad
532 3865 856 3920 ordinem
902 3867 1211 3934 pertinere;
1258 3873 1472 3933 cetera,
1520 3867 1708 3934 qualia
1752 3867 1811 3919 in
1857 3867 2144 3920 codicibus
2193 3873 2347 3933 sunt,
2392 3868 2596 3920 retine-

413 3950 633 4003 bimus:
700 3951 827 4003 sub
892 3952 1130 4020 signis
1194 3953 1326 4005 iam
1385 3952 1512 4005 alii
1567 3952 1990 4020 quindecim
2044 3952 2347 4006 ordines
2403 3953 2596 4005 loca-

413 4035 717 4101 bantur,
769 4053 848 4088 ex
883 4038 1145 4104 quibus
1185 4037 1357 4091 ordo
1395 4038 1893 4105 unusquisque
1929 4042 2080 4090 tres
2117 4042 2357 4106 partes
2392 4037 2597 4091 habe·

416 4121 565 4187 bat3
621 4121 875 4188 (earum
922 4139 1487 4191 unamquamque
1533 4122 1760 4191 pilum
1796 4120 2207 4187 vocabant3)
2247 4123 2485 4175 tribus
2523 4139 2604 4174 ex

415 4207 715 4260 vexillis
784 4209 1206 4274 constabat3
1273 4212 1560 4262 centum
1630 4208 2021 4276 octoginta
2085 4225 2211 4260 sex
2275 4208 2601 4261 homines

417 4299 628 4346 erant
664 4298 772 4345 cet.
854 4292 1108 4346 Levioris
1146 4299 1444 4346 armaturae
1481 4293 1723 4345 militum
1759 4292 1955 4345 Livius
1993 4309 2175 4359 neque
2212 4309 2423 4357 eorum,
2461 4309 2602 4360 quos

416 4377 665 4430 hastatis
718 4383 778 4429 et
828 4378 1180 4446 principibus
1237 4379 1535 4432 adiunctos
1582 4378 1784 4431 velites
1835 4377 2111 4446 appellat,
2164 4393 2344 4445 neque
2390 4393 2602 4441 eorum,

418 4478 561 4528 quos
600 4461 815 4515 triariis
852 4462 1171 4532 adscripsit,
1209 4462 1412 4517 deinde
1447 4463 1508 4516 in
1543 4462 1913 4516 describendo
1950 4478 2157 4530 pugnae
2193 4479 2398 4530 genere
2434 4460 2603 4513 ullam

417 4548 707 4600 rationem
743 4546 945 4615 habet3
983 4565 1250 4604 accensos
1286 4552 1478 4601 tamen
1514 4548 1575 4600 in
1611 4565 1732 4616 cap.
1775 4551 1839 4600 10
1874 4547 2143 4601 nominat.
