3230 5282
1491 572 1572 633 87
2414 584 2538 643 Lib.
2577 584 2674 651 111.

369 753 719 840 adscripto
765 756 964 821 etiam
1009 777 1043 821 e
1089 756 1260 821 libro
1285 755 1594 838 XXXIX,
1638 762 1734 838 12,
1772 762 1844 821 4:
1891 755 2551 822 Bacchanalibus
2598 756 2678 821 in

373 870 617 933 sacro
684 871 1122 945 nocturno3
1200 871 1467 949 poterat
1545 865 1775 933 eodem
1831 867 1974 930 iure
2031 885 2443 949 comparare:
2523 863 2673 929 Ta-

374 972 626 1051 renti,
693 972 775 1036 in
841 972 1037 1037 urbe
1104 972 1538 1056 locupleti;
1621 995 1774 1039 nam
1829 973 2479 1038 Bacchanalibus
2537 974 2675 1038 sine

371 1080 846 1163 praepositione
892 1081 959 1145 in
1003 1085 1299 1165 tempore
1344 1081 1698 1148 indicando
1744 1083 2029 1166 ponitur.
2268 1144 2269 1147 ,

551 1184 708 1271 Cap.
760 1192 818 1268 8,
864 1192 932 1252 8:
979 1187 1281 1254 Hostes
1318 1191 1520 1254 ...in
1566 1190 2032 1256 Lucretium
2076 1188 2452 1254 incidunt
2498 1210 2676 1255 con-

369 1295 661 1375 sulem,
740 1295 894 1362 iam
973 1304 1162 1361 ante
1242 1297 1708 1382 exploratis
1788 1297 2234 1363 itineribus
2315 1298 2486 1362 suis
2552 1298 2674 1361 in-

369 1409 786 1469 structum
863 1409 940 1469 et
1017 1405 1113 1469 ad
1191 1412 1607 1471 certamen
1673 1407 2094 1471 intentum.
2220 1404 2481 1484 Fuisse,
2566 1407 2678 1489 qui

372 1513 554 1577 suis
623 1512 711 1577 ad
774 1511 1059 1579 hostes
1102 1511 1451 1593 referrent,
1519 1536 1651 1579 non
1696 1515 2053 1594 crederem,
2121 1514 2250 1579 nisi
2293 1513 2678 1578 adnotatum

371 1619 700 1700 viderem3
770 1619 936 1686 adeo
1005 1620 1254 1686 nullam
1311 1620 1373 1686 h.
1421 1621 1463 1685 l.
1509 1621 1890 1687 reflexivum
1951 1641 2312 1706 pronomen
2372 1642 2447 1687 eo
2509 1620 2676 1685 rela-

372 1733 520 1792 tum
588 1730 1078 1794 excusationem
1142 1728 1376 1810 habet;
1456 1730 1574 1795 sed
1637 1751 1719 1795 ne
1789 1730 2075 1795 Lucretii
2141 1729 2406 1811 quidem
2472 1729 2678 1814 ipsius

372 1836 618 1901 itinera
685 1837 1013 1920 quomodo
1084 1836 1385 1903 dicantur
1417 1856 1418 1859 ’
1450 1844 1568 1904 aut
1637 1859 1782 1921 quae
1852 1839 2010 1916 sint,
2080 1837 2372 1921 expediri
2427 1843 2646 1920 potest
2663 1861 2687 1916 ς,

367 1943 841 2029 exploraverat
881 1945 1139 2024 itinera,
1186 1945 1425 2029 quibus
1469 1946 1696 2011 hostes
1742 1946 1839 2010 uti
1886 1952 2175 2030 possent.
2268 1944 2400 2010 Aut
2443 1943 2676 2009 tollen-

369 2051 534 2117 dum
581 2059 688 2118 est
733 2054 899 2117 suis
949 2060 1165 2118 ortum
1200 2075 1280 2118 ex
1317 2053 1806 2136 (itineribu)s
1842 2051 2386 2136 ins(tructum)
2420 2052 2678 2117 litteras

373 2160 777 2243 geminando
836 2166 953 2225 aut
997 2161 1444 2227 scribendum:
1514 2162 1975 2247 exploratis
2033 2160 2485 2226 itineribus
2545 2178 2677 2222 cum

369 2269 547 2333 suis
592 2269 1111 2337 instructum.
1207 2268 1451 2351 (1873.)
2544 2252 2549 2257 ⁵

553 2374 713 2461 Cap.
768 2380 863 2456 13,
927 2381 995 2441 7:
1054 2375 1398 2458 (Consulto
1457 2384 1691 2442 senatu
1746 2378 1812 2441 in
1871 2375 2159 2442 Caesonis
2217 2375 2406 2442 Fabii
2460 2395 2679 2454 causa,

367 2506 572 2569 quem
629 2486 698 2550 in
753 2484 968 2550 vincla
1025 2485 1205 2567 duci,
1270 2485 1396 2551 nisi
1451 2486 1734 2569 pecunia
1788 2486 2111 2570 promissa
2167 2490 2433 2549 cautum
2489 2490 2677 2563 esset,

371 2592 629 2660 tribuni
697 2592 1083 2677 iusserant):
1151 2594 1398 2661 vades
1465 2594 1656 2660 dare
1723 2577 2058 2678 placuit.
2169 2591 2323 2668 Hoc·
2379 2593 2435 2658 si
2500 2598 2675 2658 recte

367 2701 723 2780 scribitur,
783 2707 1054 2767 senatus
1112 2703 1253 2786 ipse
1297 2702 1496 2769 vades
1542 2703 1700 2767 dare
1748 2702 2066 2783 decrevit;
2134 2723 2347 2786 neque
2393 2702 2564 2765 enim
2609 2701 2678 2764 in

370 2808 496 2874 tali
563 2810 881 2875 orationis
947 2809 1162 2876 forma
1226 2811 1442 2876 audiri
1511 2811 1881 2876 subiectum
1949 2810 2131 2876 aliud
2197 2815 2433 2894 potest.
2549 2807 2678 2873 Sed

374 2917 803 2982 scribendum
880 2918 1090 2998 dari,
1179 2918 1728 3001 quemadmodum
1819 2920 2112 3003 proxime
2178 2925 2331 2984 ante
2399 2917 2672 2981 dicitur:

374 3025 568 3090 sisti
626 3047 846 3091 reum
901 3027 1484 3110 pecuniamque
1529 3027 1905 3110 promitti
1950 3028 2276 3110 placere
2322 3046 2677 3110 pronun·

375 3134 552 3199 tian
567 3139 614 3199 t.
715 3132 1015 3218 Persaepe
1073 3133 1251 3219 apud
1295 3134 1496 3199 verba
1537 3135 1944 3200 voluntatem
1987 3133 2423 3217 significantia
2467 3131 2678 3197 infini-

375 3242 586 3307 tivum
654 3242 940 3306 activum
1003 3264 1122 3326 pro
1191 3243 1452 3326 passivo
1525 3243 1961 3308 substitutum
2030 3261 2203 3320 esse,
2274 3241 2409 3306 dixi
2478 3261 2679 3324 supra

376 3373 444 3435 p.
491 3353 572 3414 38
618 3372 683 3414 n.
731 3353 802 3430 23
849 3348 963 3414 cfr.
1010 3373 1072 3434 p.
1119 3355 1244 3415 248
1292 3350 1371 3416 de
1417 3350 1623 3431 XXII,
1671 3355 1768 3431 33,
1817 3355 1853 3415 5
1902 3357 1968 3416 et
2012 3372 2073 3433 p.
2122 3353 2245 3415 413
2293 3349 2373 3414 de
2417 3347 2677 3427 XXXV,

380 3461 493 3539 34,
551 3461 624 3537 33
690 3456 842 3522 add.
900 3457 1107 3539 XLII,
1176 3462 1286 3540 25,
1358 3464 1436 3524 10
1505 3457 1975 3541 (renovare).
2089 3456 2332 3539 (1861.)
2431 3456 2682 3522 Eodem
2780 3463 2794 3477 ⁸

373 3586 604 3631 errore
652 3587 706 3629 c.
755 3569 855 3645 51,
903 3569 943 3629 2
989 3566 1248 3632 codices
1293 3566 1742 3650 appellare.

555 3660 717 3757 Cap.
769 3677 866 3754 14,
914 3678 978 3739 6:
1047 3674 1156 3739 Ne
1201 3696 1391 3742 voce
1437 3675 1760 3759 quidem
1804 3673 2336 3753 incommoda,
2394 3672 2681 3738 nedum

378 3787 473 3846 ut
544 3780 720 3846 ulla
787 3782 903 3846 vis
967 3779 1244 3861 fieret,
1343 3782 1745 3867 paulatim
1809 3781 2375 3867 permulcendo
2459 3787 2678 3845 trac-

379 3888 1577 3971 tandoque,mansuefecerant
1642 3891 1972 3974 plebem.
2083 3890 2230 3956 Non
2299 3888 2510 3955 solum
2566 3909 2681 3972 pa-

381 4018 532 4061 rum
598 3996 935 4080 eleganter
1003 3997 1274 4065 ablativi
1331 4005 1731 4065 concurrunt
1786 3998 2000 4081 (voce
2057 3996 2555 4064 incommoda
2597 4031 2684 4040 —

385 4104 1054 4189 permulcendo),x
1098 4106 1216 4172 sed
1259 4128 1534 4190 pravum
1579 4128 1698 4191 per
1743 4128 1814 4173 se
1860 4128 2000 4172 esse
2047 4106 2309 4172 videtur
2352 4127 2443 4171 ne
2488 4125 2680 4170 voce

383 4213 710 4295 quidem
762 4214 1261 4280 incommoda
1316 4215 2029 4281 mansuefecerant
2084 4214 2430 4300 plebem,
2504 4213 2683 4297 quod

385 4342 543 4387 voce
609 4322 1026 4388 incommoda
1089 4325 1156 4388 in
1222 4343 1300 4388 ea
1366 4343 1438 4389 re
1503 4322 1607 4389 vel
1659 4325 1938 4389 maxime
1995 4323 2459 4389 abstinendum
2517 4328 2679 4386 erat.
