3230 5282
605 611 729 666 Lib.
766 611 931 665 XLV.
1694 601 1815 662 714

606 782 845 847 finito
892 783 1141 848 aliter
1184 783 1397 849 bello
1445 785 1852 869 sequendo
1902 785 2150 850 aliter
2206 782 2724 866 gratulandi,
2784 803 2895 845 no·

606 890 797 955 tabili
864 912 1083 956 errore
1150 899 1217 957 et
1283 913 1513 957 vocum
1577 892 2023 977 repetitione.)
2114 890 2200 956 Ut
2264 892 2332 955 in
2399 889 2640 955 Rhodii
2706 889 2899 973 legati

584 1000 934 1078 oratione,
1002 1001 1095 1064 sic
1160 1000 1229 1064 in
1295 1007 1557 1066 senatus
1615 1022 1889 1085 quoque.
1937 1021 2249 1085 responso
2306 998 2611 1063 mendum
2658 998 2900 1063 residet

605 1105 671 1189 (ξ
718 1106 815 1189 6):
885 1107 1237 1173 Rhodios
1292 1129 1433 1173 nec
1489 1110 1990 1174 utilitatium
2037 1108 2365 1173 Graeeiae
2409 1126 2664 1188 neque
2711 1126 2901 1171 cura

603 1217 1148 1299 impensarum
1195 1217 1482 1299 populi
1528 1218 1892 1295 Romani,
1962 1217 2102 1282 sed
2165 1236 2308 1300 pro
2366 1215 2665 1280 Perseo
2734 1235 2899 1279 eam

607 1323 1105 1406 legationem
1173 1325 1514 1390 misisse.
1628 1325 2002 1390 Ablativum
2066 1326 2330 1407 utrique
2398 1323 2687 1411 membro
2759 1344 2900 1388 ora-

601 1433 800 1497 tionis
845 1434 1164 1514 negativae
1208 1433 1529 1516 copulatae
1577 1454 1981 1499 communem
2037 1454 2168 1497 non
2225 1453 2422 1515 posse
2477 1433 2649 1496 inter
2703 1452 2897 1514 nega-

603 1541 849 1605 tionem
915 1547 983 1605 et
1038 1540 1314 1606 alterum
1382 1543 1753 1623 genetivum
1818 1542 2178 1625 interponi,
2236 1546 2417 1605 recte
2477 1539 2782 1604 Dukerus
2838 1547 2901 1603 et

603 1649 716 1713 alii
779 1654 1149 1726 senserunt,
1219 1649 1334 1714 sed
1400 1650 1466 1713 in
1534 1650 1917 1733 corrigendo
1986 1650 2393 1714 aberrarunt.
2483 1646 2658 1711 Nihil
2731 1649 2899 1712 enim

599 1756 783 1823 aliud
826 1756 1139 1822 librarius
1186 1778 1410 1840 quam,
1458 1759 1635 1840 quod
1694 1758 2049 1842 saepissime
2104 1757 2292 1836 fecit,
2349 1756 2623 1821 duarum
2669 1776 2899 1820 vocum

600 1864 897 1930 ordinem
919 1865 1203 1945 invertit,
1238 1888 1437 1950 quum
1476 1867 1762 1932 scribere
1799 1866 2161 1931 debuisset:
2209 1885 2353 1929 nec
2396 1864 2899 1929 utilitatium

605 1972 928 2038 Graeeiae
995 1994 1187 2038 cura
1251 1995 1511 2056 neque
1578 1976 2123 2058 impensarum
2193 1973 2480 2056 populi
2546 1972 2895 2036 Romani.

605 2081 693 2145 Iis
739 2082 1052 2165 exemplis
1099 2081 1421 2147 huismodi
1469 2083 2091 2166 transpositionum‚
2149 2101 2294 2166 quae
2349 2102 2550 2163 supra
2606 2080 2697 2163 (p.
2744 2079 2894 2161 491)

605 2209 683 2253 ex
728 2188 896 2254 libro
943 2188 1154 2255 XLIII
1200 2192 1419 2273 posui,
1476 2213 1554 2255 ex
1609 2190 1734 2254 hoc
1778 2190 1947 2255 libro
1993 2189 2162 2254 XLV
2208 2189 2364 2254 addi
2409 2188 2548 2253 haec
2593 2195 2894 2271 possunt:

602 2315 658 2358 0.
689 2298 743 2374 5,
775 2300 849 2359 10
875 2295 1135 2379 (quam
1173 2300 1364 2363 mori
1404 2321 1521 2382 pro
1561 2301 1764 2363 mori
1811 2298 2086 2380 quam),
2136 2302 2231 2376 13,
2274 2296 2697 2380 1(rettulit
2732 2296 2893 2361 red-

603 2403 748 2484 iit),
813 2408 907 2482 17,
957 2409 993 2467 2
1042 2403 1231 2485 (tum
1278 2407 1555 2489 Pauli),
1602 2411 1702 2487 21,
1748 2413 1788 2469 4
1835 2408 2051 2489 (ante
2097 2429 2248 2471 non
2285 2414 2351 2471 et
2399 2405 2706 2470 vellent
2752 2404 2895 2469 fer-

601 2516 786 2574 rent
831 2533 948 2594 pro
994 2510 1255 2579 ferret
1297 2514 1653 2597 vellent),
1703 2518 1801 2592 31,
1853 2518 1887 2578 3
1936 2514 2295 2596 (inflavit
2339 2512 2697 2594 fuerant)
2746 2520 2816 2578 et
2859 2518 2893 2577 5

602 2615 837 2697 (elati
883 2620 1462 2707 Romanorum),
1513 2628 1609 2703 34,
1666 2629 1693 2688 1
1746 2622 1864 2704 (ea
1910 2622 2055 2704 ad),
2105 2626 2202 2702 35,
2249 2626 2286 2686 9
2338 2620 2711 2704 (militum
2771 2641 2890 2705 pe-

601 2728 841 2792 cunia
885 2729 1109 2795 illum
1148 2732 1465 2803 iudicia
1501 2734 1689 2798 dare
1735 2732 1951 2815 non);
1997 2753 2117 2796 nec
2162 2731 2380 2797 omnia
2412 2751 2515 2795 me
2551 2729 2889 2812 collegisse

601 2835 909 2901 arbitror.
1341 2898 1347 2905 ‚

773 2944 927 3030 Cap.
975 2951 1034 3025 4,
1084 2951 1121 3011 2
1170 2970 1368 3031 quum
1413 2951 1480 3014 in
1527 2950 1753 3014 codice
1791 2950 1886 3013 sic
1930 2947 2288 3013 scribatur:
2333 2945 2633 3011 Paulus
2669 2945 2889 3010 AEmi·

598 3051 763 3117 lius
832 3053 1148 3133 consul,
1219 3078 1386 3122 oum
1436 3064 1744 3137 castra,
1800 3063 1886 3121 ut
1941 3075 2187 3138 supra
2244 3055 2548 3119 dictum
2595 3061 2749 3132 est,
2798 3052 2890 3118 ad

599 3158 825 3226 Siras
902 3168 1139 3228 terrae
1218 3163 1918 3230 Odomantidiehae
1988 3163 2083 3244 (id
2151 3169 2251 3228 est
2318 3160 2884 3241 Odomanticae)

599 3267 966 3341 haberet,
1027 3270 1329 3337 litterae
1375 3272 1468 3337 ab
1513 3293 1705 3355 rege
1750 3271 2046 3337 Perseo
2092 3291 2229 3353 per
2273 3270 2679 3353 ignobiles
2725 3276 2886 3335 tres

598 3375 914 3456 legatos
963 3378 1358 3460 cerneret,
1413 3386 1489 3444 et
1544 3381 1718 3463 ipse
1765 3380 2326 3446 illacrimasse
2373 3380 2681 3444 dicitur
2728 3400 2886 3444 sor·

599 3485 708 3547 tis
755 3484 820 3564 (i.
871 3507 923 3549 e.
974 3489 1207 3567 sorti)
1255 3489 1651 3564 humanae,
1698 3494 1996 3571 apparet,
2052 3489 2355 3554 lacunam
2424 3489 2519 3553 sic
2561 3489 2779 3551 notari
2823 3494 2885 3550 et

597 3594 929 3675 utcunque
977 3595 1217 3678 expleri
1267 3595 1605 3661 debuisse:
1652 3633 1739 3641 —
1783 3597 2158 3675 haberet,
2204 3597 2510 3662 litterae
2566 3595 2662 3661 ab
2706 3614 2882 3676 rege

574 3694 886 3766 'Perseo
954 3723 1091 3785 per
1156 3705 1565 3786 ignobiles
1632 3711 1797 3769 tres
1863 3704 2183 3787 legatos
2248 3705 2551 3768 tradita:
2620 3702 2884 3786 [rectius

599 3808 1102 3890 Wesenbergius
1138 3811 1501 3895 redditae]
1550 3812 1622 3875 01
1668 3818 1858 3888 sunt,
1898 3832 2084 3890 quas
2122 3832 2336 3891 quun
2374 3820 2772 3892 cerneret,
2808 3846 2883 3856 -

597 3916 1151 3982 illacrimasse
1198 3930 1319 3984 cet.
1412 3921 1661 3986 Deinde
1708 3919 1741 4002 ἓ
1787 3927 1827 3984 4
1875 3922 1942 3985 111
2001 3921 2104 3986 his
2150 3921 2394 3986 verbis:
2443 3928 2882 4005 postquam,

598 4026 883 4109 Regem
929 4026 1226 4092 Persea
1271 4028 1585 4092 consuli
1635 4028 1883 4092 Paulo
1930 4028 2300 4108 salutem,
2348 4029 2571 4112 legit,
2619 4048 2881 4094 accusa·

596 4137 764 4199 tivus
804 4129 920 4199 'ille
966 4156 1227 4218 regem
1273 4135 1570 4201 Persea
1618 4158 1890 4220 prorsus
1950 4157 2254 4221 perverse
2311 4138 2609 4221 ponitur:
2677 4155 2883 4221 neque

422 4245 570 4317 (594)
609 4245 776 4307 enim
821 4252 1003 4308 recta
1049 4244 1254 4309 forma
1300 4245 1491 4326 (Rex
1535 4246 1602 4309 P.
1652 4244 1902 4309 Paulo
1942 4230 2157 4325 sal.),
2198 4264 2343 4328 quae
2386 4267 2505 4329 per
2560 4266 2628 4310 se
2676 4246 2885 4329 posita

593 4351 847 4417 facilem
915 4352 1114 4417 habet
1181 4354 1456 4437 ellipsin,
1524 4354 1619 4418 sic
1686 4353 1950 4434 oblique
2007 4354 2273 4435 reliquae
2340 4355 2622 4418 orationi
2689 4353 2882 4418 inseri

564 4459 730 4544 ‘ullo
797 4460 989 4525 modo
1059 4468 1297 4545 potest,
1364 4472 1439 4527 ut
1504 4461 1848 4525 omittatur
1913 4461 2284 4527 infinitivus.
2378 4461 2633 4528 Codex:
2703 4480 2885 4544 rege
