3230 5282
561 621 685 675 Lib.
724 620 789 674 V.
1661 606 1781 666 132

564 795 795 859 vitium
852 790 1195 858 sententiae
1249 790 1443 871 vidit3
1511 790 1579 855 in
1626 789 2013 872 corrigendo
2061 787 2514 871 aberravit.)¹)
2624 787 2877 872 Eodem

569 903 787 987 capite
835 899 868 984 ὅ
916 905 954 965 8
1000 899 1308 964 mendum
1365 900 1585 983 arguit
1640 898 2098 982 apertissimus
2145 897 2604 964 soloecismus:
2675 919 2719 982 q
2732 918 2775 960 u
2791 917 2828 961 o
2845 918 2877 962 s

568 1031 801 1095 quum
858 1015 937 1075 et
981 1030 1022 1073 a
1067 1007 1455 1091 patribus
1515 1007 1795 1073 collau
1814 1006 1989 1072 dari
2035 1011 2114 1071 et
2159 1026 2201 1070 a
2243 1004 2590 1070 militari
2634 1011 2877 1070 aetate

565 1127 952 1201 tanquam
1033 1116 1075 1180 b
1096 1137 1290 1181 onos
1372 1117 1591 1181 cives
1673 1114 2042 1199 conspici
2110 1112 2406 1197 vulgus
2472 1111 2879 1179 hominum

565 1226 786 1306 vidit,
845 1229 1207 1309 repente,
1254 1231 1533 1308 spreto
1580 1222 2042 1288 tribunicio
2090 1222 2420 1302 auxilio,
2470 1226 2878 1286 certamen

395 1344 536 1413 (111)
577 1332 1056 1399 conferendi
1104 1337 1370 1397 ortum
1416 1337 1567 1412 est;
1613 1353 1766 1397 nam
1812 1336 1931 1396 aut
1974 1335 2062 1395 ut
2104 1365 2192 1374 —
2232 1330 2440 1394 vidit
2484 1335 2603 1394 aut
2645 1351 2880 1414 quum

554 1479 652 1517 ‚—
694 1443 766 1507 vi
783 1443 824 1506 d
840 1463 920 1506 er
936 1462 970 1506 e
985 1446 1015 1505 t
1073 1440 1272 1506 scribi
1329 1439 1638 1505 debuisse
1695 1439 1761 1503 in
1818 1439 1943 1503 hac
1998 1459 2220 1503 rerum
2276 1437 2758 1502 consecutionis
2815 1443 2883 1502 et

569 1572 788 1616 causae
836 1548 1313 1633 significatione
1351 1553 1649 1632 apparet,
1693 1567 2023 1632 praveque
2057 1545 2626 1611 Weissenbornius
2658 1545 2880 1629 legen-

567 1666 672 1725 tes
720 1658 986 1740 ablegat
1031 1657 1117 1722 ad
1161 1657 1342 1722 locos
1390 1676 1629 1739 genere
1678 1655 2064 1734 contrarios,
2126 1653 2243 1720 ubi
2288 1674 2332 1737 q
2348 1674 2448 1718 uu
2464 1675 2530 1718 m
2575 1660 2679 1719 est
2722 1674 2764 1736 q
2781 1675 2822 1717 u
2841 1673 2881 1717 o

567 1773 598 1833 t
616 1788 650 1831 e
668 1789 788 1851 mp
806 1789 843 1832 o
859 1789 892 1831 r
906 1786 940 1829 e
998 1764 1108 1847 (11,
1173 1769 1274 1844 51,
1327 1769 1380 1844 1,
1429 1763 1537 1844 VI,
1586 1766 1688 1843 20,
1736 1762 1825 1844 4),
1931 1762 2330 1828 coniunctivi
2374 1767 2595 1827 autem
2640 1762 2879 1845 imper-

567 1874 814 1940 fectum
872 1874 1202 1939 soloecum
1261 1870 1446 1938 foret.
1559 1870 1897 1937 Correctio
1957 1870 2232 1954 simplex
2277 1875 2381 1934 est
2398 1894 2412 1950 ;
2480 1890 2634 1934 nam
2680 1890 2883 1952 quum

567 1985 641 2048 vi
657 1983 697 2047 d
716 2003 750 2047 e
765 2005 799 2047 r
816 2004 849 2047 e
865 1990 895 2047 t
938 2005 971 2047 r
985 2003 1019 2046 e
1033 2005 1076 2066 p
1092 2003 1126 2045 e
1140 1986 1224 2045 nt
1238 2002 1272 2045 e
1321 1980 1642 2064 scriptum
1689 1985 1883 2058 esset,
1942 1977 2197 2062 syllaba
2240 1999 2275 2042 r
2291 1998 2325 2042 e
2369 1978 2596 2042 nocuit
2638 1997 2880 2062 praece-

571 2091 752 2155 denti
797 2113 831 2155 r
845 2110 880 2155 e
896 2096 941 2155 t.
1046 2088 1182 2172 [Sic
1229 2091 1428 2154 etiam
1470 2085 1737 2170 Bauer]
1830 2084 2064 2171 Capite
2109 2087 2406 2170 proximo
2455 2084 2586 2167 (61,
2633 2086 2700 2167 2)
2746 2106 2877 2150 non

570 2200 710 2263 sine
757 2218 962 2263 causa
1003 2197 1152 2261 Ant.
1201 2196 1577 2261 Perizonius
1627 2195 1971 2275 dubitavit,
2016 2200 2277 2259 rectene
2323 2194 2652 2261 diceretur
2698 2213 2733 2257 c
2750 2213 2788 2257 o
2808 2214 2882 2256 n·

571 2306 771 2371 ciliu
791 2328 856 2369 m
922 2304 1015 2369 ad
1083 2304 1352 2369 fanum
1418 2304 1865 2369 Voltumnae
1932 2302 2411 2385 frequenter
2477 2301 2877 2380 habitum,

574 2414 681 2478 cui
737 2411 985 2478 frustra
1028 2410 1602 2477 Drakenborchius
1665 2411 1897 2477 obiicit
1963 2409 2036 2476 fr
2051 2432 2086 2476 e
2102 2434 2145 2496 q
2157 2433 2201 2475 u
2218 2432 2251 2475 e
2267 2433 2311 2475 n
2325 2418 2356 2476 t
2367 2432 2403 2476 e
2414 2433 2448 2475 r
2493 2409 2878 2475 adverbium

572 2521 655 2586 de
721 2520 1142 2585 multitudine
1210 2519 1776 2585 accommodatum
1841 2519 1929 2585 ad
1982 2519 2255 2585 verbum
2308 2516 2747 2603 impersonale
2804 2539 2882 2581 ex

570 2628 741 2694 libro
787 2627 835 2708 I,
880 2632 975 2709 11,
1009 2633 1079 2692 4:
1143 2626 1628 2712 frequenter
1672 2629 2103 2711 migratum
2149 2633 2287 2709 est,
2335 2624 2698 2693 cuiusmodi
2747 2624 2882 2690 alia

573 2758 608 2802 e
645 2737 872 2801 lexicis
921 2737 1091 2802 sumi
1125 2744 1436 2821 possunt3
1484 2758 1717 2822 neque,
1766 2738 1821 2801 si
1856 2738 2054 2821 plura
2088 2736 2366 2801 concilia
2397 2735 2629 2800 habita
2663 2734 2888 2799 Livius

573 2844 987 2929 significaret,
1017 2844 1120 2927 (ut
1144 2844 1217 2924 V,
1264 2850 1320 2925 5,
1368 2849 1406 2909 8
1454 2846 1739 2910 crebra
1783 2844 2128 2909 Etruriae
2188 2865 2330 2910 con
2347 2844 2542 2909 cilia
2601 2863 2884 2909 comme-

572 2959 791 3019 morat
837 2957 903 3017 et
936 2952 1008 3033 V,
1049 2957 1144 3034 1’7,
1193 2953 1276 3035 6),
1313 2959 1450 3018 tam
1495 2952 1749 3018 infinite
1795 2954 2138 3036 positurus
2182 2951 2386 3017 fuisse
2432 2950 2691 3016 videtur
2735 2950 2808 3015 fr
2822 2972 2886 3016 e-

573 3083 618 3144 q
630 3084 671 3125 u
689 3083 723 3126 e
739 3083 780 3125 n
793 3068 823 3126 t
836 3081 871 3126 e
883 3083 917 3125 r
961 3083 1176 3145 neque
1221 3061 1537 3145 singulari
1582 3081 1852 3126 numero
1898 3080 2157 3126 usurus.
2228 3058 2355 3125 Sed
2402 3080 2481 3124 ex
2517 3058 2588 3123 fr
2601 3080 2636 3124 e
2650 3080 2693 3142 q
2706 3080 2748 3122 u
2764 3079 2798 3124 e
2812 3081 2887 3123 n-

571 3176 697 3233 ter
740 3169 958 3235 facere
1004 3169 1234 3253 frequ
1253 3191 1388 3234 ens
1434 3170 1858 3234 temerarium
1906 3175 2038 3249 est;
2096 3167 2481 3247 videndum,
2538 3188 2620 3231 ne
2667 3166 2888 3231 Livius

572 3277 935 3362 scripserit:
997 3278 1440 3343 concilium
1481 3312 1569 3321 —
1611 3274 1848 3359 frequ
1868 3298 1957 3340 en
1977 3298 2006 3341 s
2065 3282 2189 3341 ter
2232 3274 2597 3341 habitum
2644 3280 2885 3340 esset.

1554 3486 1738 3567 Lib.
1805 3485 1904 3568 V.

748 3616 906 3702 Cap.
955 3621 1020 3696 2,
1090 3622 1128 3680 ὃ
1186 3615 1280 3697 (in
1336 3617 1758 3681 tribunorum
1816 3619 2291 3700 conquestione
2351 3617 2433 3682 de
2478 3618 2752 3684 consilio
2799 3618 2887 3682 ad

573 3726 770 3790 Veios
815 3724 1206 3805 hiemandi):
1268 3725 1432 3789 Hoc
1482 3745 1742 3808 neque
1800 3745 2031 3806 reges
2090 3724 2886 3810 neque—superbos

576 3833 772 3898 illos
850 3832 1228 3897 consules
1296 3853 1554 3916 neque
1624 3833 1874 3896 triste
1944 3832 2389 3899 dictatoris
2458 3834 2889 3917 imperium

575 3960 836 4024 neque
911 3941 1420 4022 importunos
1502 3939 2006 4005 decemviros
2085 3942 2549 4006 iniunxisse
2631 3943 2887 4006 servi-

576 4049 809 4125 tutis,
855 4053 940 4111 ut
984 4068 1416 4131 perennem
1462 4046 1839 4112 militiam
1885 4046 2277 4129 facerent,
2314 4048 2522 4132 quod
2568 4049 2889 4114 tribuni

578 4155 933 4219 militum
975 4154 1058 4218 in
1103 4154 1340 4238 plebe
1386 4155 1736 4219 Romana
1780 4176 2109 4238 regnum
2156 4162 2655 4222 exercerent.
2755 4156 2889 4220 Ex-

579 4270 791 4328 trema
860 4263 996 4326 haec
1065 4263 1294 4344 ignave
1353 4262 1690 4327 adhaerere
1734 4263 2307 4346 Weissenbornius
2366 4265 2605 4344 sensit3
2671 4285 2891 4348 neque

637 4478 684 4547 ¹)
725 4477 1048 4546 [Pax-tium
1083 4476 1375 4542 mentioni,
1414 4493 1538 4543 quae
1576 4494 1757 4545 nuper
1793 4478 1958 4531 etiam
1998 4480 2229 4548 placuit,
2268 4479 2453 4534 nullus
2491 4483 2578 4534 est
2611 4476 2808 4545 locus]
