3230 5282
1456 579 1571 638 511
2285 592 2407 645 Lib.
2447 592 2670 645 XXXV.

360 767 549 822 runt
595 759 658 822 in
708 780 812 830 eo,
882 761 1056 842 quod
1107 760 1437 842 Sulpicius
1494 762 1633 844 ipse
1694 752 2007 842 affirmat)
2068 772 2131 826 et
2184 767 2287 838 17,
2351 767 2386 825 7
2435 763 2669 845 (peti-

331 861 600 930 ‘erunt
670 874 898 931 contra
958 867 1024 931 M
1072 868 1122 930 B
1183 878 1244 931 et
1308 875 1345 931 4
1403 868 1728 932 Drakenb.
1791 869 2031 948 codd).
2147 869 2287 933 Lib.
2346 868 2673 947 XXXVII,

364 979 474 1051 60,
548 979 583 1037 6
642 973 980 1038 Bekkerus
1039 996 1158 1058 pro
1216 977 1669 1040 timuerunt
1726 979 1945 1059 posuit
2002 978 2447 1040 timuerint.
2564 977 2669 1056 (X,

362 1085 470 1157 26,
537 1087 607 1144 11
674 1082 957 1146 valuisse
1016 1083 1273 1146 videtur
1319 1083 1727 1147 consuetudo
1774 1085 1840 1147 in
1887 1083 2231 1166 particulis
2277 1105 2430 1148 non
2479 1092 2667 1148 ante

361 1224 445 1232 —
492 1210 724 1270 quam
770 1195 1087 1273 recepta.)

532 1295 688 1378 Cap.
732 1301 828 1368 17,
867 1305 902 1360 5
945 1298 1190 1361 editur:
1251 1297 1542 1361 Nabidi
1589 1305 1855 1362 tamen
1904 1297 2543 1363 dominationem
2591 1300 2668 1362 in

359 1406 707 1487 patriam
757 1426 973 1468 suam
1021 1414 1098 1469 et
1141 1407 1499 1487 patriam
1534 1405 2184 1469 Lacedaemonem
2220 1406 2668 1484 remissam;

364 1512 414 1575 B
443 1518 508 1576 et
532 1532 697 1576 rece.
735 1512 812 1575 in
848 1512 1124 1593 patria
1160 1533 1300 1575 sua
1336 1520 1413 1576 et
1448 1514 1799 1595 patriam
1823 1512 2479 1577 Lacedaemonem.
2543 1513 2667 1576 Re-

360 1620 735 1683 stituendus
771 1626 1052 1702 utroque
1077 1620 1220 1685 loco
1248 1619 1608 1697 ablativum
1644 1622 1709 1684 in
1738 1620 1899 1684 urbe
1925 1629 2242 1702 tyrannus
2268 1619 2665 1684 dominatur.

360 1726 605 1807 (1863).
698 1726 852 1809 Cap.
921 1731 1015 1802 19,
1075 1732 1114 1788 4
1172 1727 1267 1789 W.
1327 1727 1553 1802 edidit,
1610 1728 1786 1808 quod
1841 1729 1908 1791 in
1966 1728 2033 1791 M
2079 1733 2146 1792 et
2190 1727 2243 1791 B
2303 1735 2430 1792 est:
2497 1727 2665 1791 ubi-

360 1855 675 1915 cunque
755 1835 1000 1910 vireS‚
1096 1833 1233 1897 ubi
1313 1854 1531 1898 arma
1613 1855 1792 1898 esse
1874 1837 2153 1912 sciam,
2235 1835 2663 1898 inveniam.

360 1940 547 2017 Quod
612 1944 852 2005 scimus
915 1942 1026 2005 ubi
1090 1943 1203 2016 sit,
1265 1962 1396 2004 non
1454 1943 1811 2020 invenitur3
1874 1943 2315 2007 scribendum:
2388 1942 2663 2016 sciam,

359 2049 687 2112 veniam.
811 2049 892 2112 In
958 2071 1034 2112 ex
1098 2070 1152 2110 ιι
1213 2056 1446 2113 ortum.
1554 2049 1642 2112 Et
1703 2049 2024 2113 edebatur
2081 2049 2304 2131 vulgo:
2388 2049 2663 2125 sciam,

356 2154 505 2218 huc
552 2158 900 2232 veniam3
951 2156 1066 2220 sed
1113 2156 1423 2220 adverbio
1472 2155 1665 2219 facile
1713 2176 2028 2220 caremus.
2118 2155 2437 2236 (1863.)¹)

528 2263 681 2345 Cap.
746 2267 856 2339 29,
920 2267 976 2325 2.
1089 2262 1526 2328 Cretenses
1603 2269 1681 2327 et
1752 2263 2105 2328 hostium
2176 2263 2663 2339 auxiliare8‚

357 2372 884 2453 equitumque
932 2371 1139 2434 idem
1186 2392 1434 2452 genus
1482 2371 1935 2448 Tarentini,
1994 2371 2377 2453 praesidio
2426 2390 2659 2452 aqua·

355 2478 676 2542 toribus
724 2485 969 2542 erant.
1059 2477 1426 2560 Significari
1467 2478 1679 2556 debet,
1727 2480 1810 2543 ab
1850 2479 2135 2543 hostium
2175 2498 2434 2561 quoque
2474 2484 2662 2559 parte

355 2585 724 2663 auxiliareS‚
787 2586 898 2666 qui
948 2583 1295 2651 Cretenses
1354 2594 1561 2662 erant,
1622 2594 1686 2652 et
1743 2589 2000 2670 equites
2046 2586 2437 2676 Tarentinos
2494 2604 2660 2668 prae-

356 2694 521 2757 sidio
580 2692 803 2756 fuisse.
910 2693 1035 2757 Sed
1100 2695 1265 2758 adeo
1311 2695 1660 2776 impeditus
1706 2703 1772 2760 et
1817 2715 2059 2777 pravus
2106 2695 2452 2759 verborum
2499 2693 2660 2756 ordo

353 2808 483 2877 est,
554 2809 626 2863 ut
689 2798 1039 2865 Cretenses
1106 2801 1189 2865 ab
1259 2802 1547 2866 hostium
1617 2802 2050 2866 auxiliaribus
2112 2806 2527 2882 separentur,
2596 2807 2663 2862 et

352 2929 625 2991 prorsus
672 2907 1078 2983 obscuretur,
1127 2908 1209 2971 ad
1257 2908 1478 2972 hostes
1526 2910 1891 2972 orationem
1935 2908 2295 2973 transferri.
2387 2905 2661 2970 Sublato

413 3160 460 3225 ¹)
501 3160 624 3228 Cap.
685 3163 771 3227 17,
829 3164 860 3213 2
909 3179 1021 3214 non
1067 3166 1222 3215 recte
1269 3160 1761 3214 Drakenborchius
1810 3170 1865 3214 et
1909 3163 2252 3215 recentiores
2298 3179 2327 3213 e
2377 3159 2497 3213 cod.
2544 3157 2662 3210 Mo·

491 3245 727 3312 guntino
774 3247 1121 3315 scripserunt
1167 3263 1342 3299 nunc
1393 3246 1737 3312 querelas,
1793 3264 1966 3300 nune
2014 3246 2661 3315 expostulationes3

489 3336 639 3383 recte
721 3332 890 3384 ceteri
962 3332 1186 3385 codices
1258 3331 1819 3398 postulationes;
1901 3348 2030 3385 nam
2102 3332 2325 3386 diversa
2395 3330 2661 3398 componi

490 3416 739 3469 ostendit
792 3417 1075 3484 particula
1129 3420 1331 3483 (nunc
1375 3444 1442 3454 —
1491 3424 1719 3483 nunc);
1777 3417 2019 3485 querelae
2076 3425 2133 3471 et
2186 3416 2662 3486 expostulationes

489 3501 735 3555 eiusdem
775 3506 993 3569 generis
1032 3511 1176 3556 sunt.
1263 3501 1436 3568 Quem
1473 3501 1961 3556 Drakenborchius
2000 3520 2066 3555 ex
2105 3501 2283 3570 XLII,
2334 3504 2417 3568 42,
2463 3503 2511 3567 9,
2561 3500 2656 3554 ad-

489 3592 652 3639 vocat
689 3586 901 3652 locum,
951 3588 1067 3655 ipse
1106 3604 1233 3640 eum
1268 3602 1534 3641 revocare
1573 3586 1860 3641 debuerat.
1953 3587 2037 3640 De
2074 3605 2117 3641 c.
2156 3590 2249 3652 20,
2301 3590 2359 3639 11
2400 3599 2457 3639 et
2492 3587 2584 3649 21,
2635 3589 2657 3636 1

490 3670 603 3723 dixi
640 3688 691 3739 p.
731 3673 799 3724 52
847 3673 916 3725 ad
952 3672 1005 3737 Ι,
1057 3674 1136 3726 46.
1222 3669 1373 3741 [Cap.
1412 3675 1502 3737 25,
1550 3674 1582 3723 ’7
1621 3688 1783 3739 quem
1822 3671 2094 3725 Gronovii
2128 3688 2371 3726 errorem
2407 3670 2663 3738 Kreyssi-

488 3756 642 3825 gium
665 3763 723 3809 et
735 3756 1254 3811 Weissenbornium
1275 3763 1498 3812 secutos
1528 3757 1793 3824 dixeram,
1823 3758 2002 3826 apud
2020 3757 2307 3812 Achaeos
2336 3756 2663 3821 scribentes,

489 3859 615 3894 eum
644 3842 704 3894 in
737 3841 869 3894 edit.
901 3841 957 3895 11
978 3842 1060 3895 W.
1093 3841 1342 3910 abiecit]
1397 3842 1524 3911 Cap.
1548 3845 1631 3909 27,
1651 3845 1685 3896 8
1714 3842 2005 3896 Bekkerus
2033 3848 2188 3898 recte
2217 3842 2408 3908 sensit,
2437 3846 2662 3894 tamen

488 3926 825 3994 particulam
862 3929 1112 3995 ineptam
1148 3944 1293 3991 esse,
1351 3944 1520 3994 quum
1570 3944 1753 3981 rerum
1793 3928 1943 3981 cladi
1980 3928 2268 3981 hominum
2305 3927 2659 3995 adiungatur.

489 4010 666 4077 Quum
706 4012 763 4064 M
801 4011 1008 4065 habeat
1054 4016 1282 4065 tamen
1333 4027 1407 4063 ex
1445 4016 1577 4064 tam
1618 4014 1916 4081 ancipiti
1955 4018 2148 4082 peste
2184 4013 2256 4078 (si
2293 4017 2444 4065 recte
2481 4011 2657 4078 scrip·

487 4098 615 4148 tura
662 4095 935 4149 adnotata
979 4096 1116 4162 est),
1163 4096 1206 4148 B
1256 4100 1390 4149 tam
1436 4097 1737 4165 ancipiti
1786 4104 2004 4166 peste,
2051 4098 2228 4152 ceteri
2270 4105 2496 4151 tamen
2544 4112 2657 4149 an·

487 4182 689 4249 cipiti
743 4187 962 4249 peste,
1033 4182 1290 4251 suspicor
1337 4181 1560 4234 Livium
1622 4185 1941 4251 scripsisse:
2006 4185 2343 4252 perpauci
2397 4188 2532 4236 tam
2587 4200 2664 4236 ex

490 4266 788 4335 ancipiti
836 4276 1059 4333 peste,
1110 4267 1179 4320 de
1225 4284 1336 4335 quo
1385 4267 1582 4321 ordine
1631 4268 1745 4320 dixi
1794 4270 1864 4321 ad
1911 4269 2020 4323 Cic.
2068 4268 2190 4320 Fin.
2237 4266 2313 4333 V,
2357 4270 2391 4321 9
2436 4286 2488 4336 p.
2536 4270 2662 4332 651;

488 4349 632 4404 addo
682 4350 802 4403 Liv.
849 4349 1006 4417 VIII,
1057 4354 1135 4417 13,
1183 4355 1239 4404 4:
1298 4342 1661 4405 admodum
1710 4370 1741 4405 a
1787 4355 2026 4421 paucis
2065 4352 2362 4421 populis,
2407 4349 2661 4416 XXXVI,

487 4437 570 4501 30,
609 4438 662 4488 5:
703 4451 899 4503 quam
937 4453 1080 4491 cum
1118 4435 1336 4490 inerti
1372 4435 1590 4489 hoste.
