3230 5282
1450 611 1574 671 413
2255 626 2376 680 Lib.
2413 626 2668 681 XXVIII.

355 794 626 859 ciendas
687 795 1062 859 coniunctio
1131 794 1448 881 temporis
1519 794 1716 858 index
1785 796 2334 880 scribendumque
2394 806 2494 864 est
2551 821 2663 865 ne-

360 903 677 967 cessario:
739 902 990 980 Quum
1038 901 1416 966 oratione
1460 937 1548 947 —
1590 902 1899 967 Fabius
1944 909 2109 982 tu„m
2155 908 2663 972 auctoritate

361 1018 439 1075 et
493 1045 580 1055 —-
634 1010 846 1074 fama
899 1029 1115 1086 quun
1178 1030 1540 1092 magnam
1599 1016 1917 1093 partem
1974 1019 2314 1078 senatus
2371 1050 2459 1060 —
2503 1037 2664 1080 mo-

357 1119 647 1196 visset,
702 1153 789 1162 -
834 1118 1112 1200 Scipio
1158 1124 1281 1181 cet.
1388 1116 1731 1195 Similiter,
1789 1125 1864 1182 ut
1909 1140 1988 1183 ex
2034 1119 2261 1185 eodem
2307 1122 2665 1204 particula-

302 1256 311 1266 ·
358 1248 505 1289 rum
571 1246 809 1308 genere
878 1231 944 1288 et
1012 1246 1091 1289 ex
1158 1226 1458 1309 proxima
1527 1226 1862 1290 vicinitate
1920 1227 2219 1310 exempla
2277 1235 2530 1311 petam,
2598 1230 2664 1292 in

361 1353 415 1396 c.
464 1338 576 1410 41,
637 1336 673 1396 9
722 1353 962 1415 quam
1008 1332 1278 1411 excidit,
1337 1334 1405 1395 in
1452 1353 1504 1396 c.
1552 1337 1654 1412 42,
1721 1337 1794 1395 17
1841 1332 1988 1412 hic,
2047 1357 2193 1418 quae
2238 1356 2428 1399 nemo
2476 1335 2665 1399 dubi-

358 1442 525 1505 tavit
602 1446 720 1504 aut
795 1439 1037 1504 addere
1106 1445 1226 1503 aut
1290 1439 1520 1504 addita
1583 1441 1887 1506 retinere.
2000 1441 2127 1506 Pro
2197 1443 2665 1506 inveterata

360 1547 818 1631 prudentiae
862 1547 1106 1625 fama,
1165 1568 1310 1628 quae
1356 1547 1480 1612 hac
1522 1554 1855 1612 vetustate
1902 1549 2182 1613 multum
2226 1549 2416 1628 valet,
2461 1549 2665 1614 libra-

359 1657 531 1732 riue,
590 1675 813 1720 casum
870 1655 953 1718 ad
1013 1656 1377 1737 proximum
1436 1654 1917 1719 substantivum
1963 1657 2464 1721 accommodans
2511 1657 2663 1738 (vid.

360 1787 423 1846 p.
470 1763 654 1843 207),
711 1764 1196 1827 inveteratae
1250 1762 1723 1845 prudentiae
1789 1762 2073 1829 famam
2138 1764 2346 1828 Fabio
2413 1765 2666 1844 tribuit,

360 1871 725 1954 habuitque
810 1870 1283 1951 obsequentem
1350 1870 1970 1935 Weissenbornium.
2091 1872 2178 1936 Et
2243 1879 2464 1936 tamen
2543 1872 2667 1936 hoc

360 1979 586 2061 potius
630 1978 805 2042 feras
852 1976 1280 2058 (quamquam
1323 1979 1587 2042 minime
1634 1977 1975 2042 ferendum
2022 1983 2180 2060 est),
2242 2000 2441 2063 quam
2488 1980 2666 2061 quod

360 2087 533 2150 idem
595 2086 628 2167 ἓ
685 2092 724 2148 4
784 2085 1131 2149 mirificam
1197 2085 1366 2149 hanc
1423 2087 1738 2149 orationis
1794 2086 2075 2150 formam
2119 2088 2301 2151 Livio
2362 2086 2665 2151 adfinxit:

363 2199 761 2275 tamquam
832 2192 1024 2256 mihi
1092 2192 1186 2256 ab
1253 2192 1548 2257 infimo
1620 2215 1941 2277 quoque
2007 2195 2461 2278 periculum
2524 2196 2664 2272 sit,

360 2322 454 2365 ne
498 2322 798 2365 mecum
845 2299 1299 2378 aemuletur,
1360 2307 1439 2364 et
1483 2323 1642 2365 non
1690 2301 1786 2365 ab
1836 2323 1952 2379 ec,
2012 2303 2146 2382 qui
2193 2303 2382 2384 quia
2427 2324 2667 2385 super

364 2414 686 2472 ceteros
759 2407 1148 2486 excellat,
1214 2428 1528 2492 quoque
1587 2410 1743 2472 niti
1809 2430 1962 2473 non
2021 2409 2485 2490 dissimulo,
2553 2432 2666 2474 me

364 2516 524 2580 eibi
571 2515 872 2599 aequari
919 2514 1168 2593 nolit3
1228 2535 1502 2598 eamque
1560 2517 1654 2580 sic
1709 2523 1977 2580 enarrat
2022 2516 2117 2597 (et
2162 2540 2324 2600 opus
2372 2523 2474 2582 eet
2522 2540 2666 2600 pro-

363 2623 535 2688 fecto
584 2622 1052 2703 enarratione),
1101 2629 1175 2687 ut
1221 2645 1542 2707 quoque
1590 2625 1677 2688 sit
1722 2630 1798 2688 et
1843 2645 2020 2706 quo.
2109 2623 2458 2689 Debebant
2504 2624 2669 2690 talia

345 2733 566 2796 ·tacito
622 2731 1144 2813 uniuscuiusque
1206 2752 1404 2795 sensu
1460 2733 1715 2813 respui3
1786 2732 1902 2796 sed
1959 2754 2035 2796 eo
2082 2733 2356 2813 argutiis
2404 2739 2668 2796 ventum

365 2848 495 2917 est,
553 2846 628 2903 ut
675 2840 1076 2921 argumentis
1123 2839 1438 2903 utendum
1488 2840 1593 2902 sit.
1694 2838 1842 2903 Non
1889 2860 2140 2922 quaem,
2197 2838 2310 2902 ubi
2356 2839 2423 2902 in
2469 2861 2669 2922 prosa

363 2947 664 3010 oratione
713 2967 1031 3027 quoque
1078 2948 1170 3010 sic
1215 2947 1502 3027 positum
1547 2945 1813 3028 legerit3
1870 2945 2035 3009 illud
2082 2966 2333 3028 quaer0,
2393 2967 2539 3027 quae
2584 2947 2670 3009 sit

364 3053 594 3117 umbra
664 3056 1037 3132 sententiae,
1106 3056 1231 3118 nisi
1300 3059 1618 3135 praeterea
1686 3058 1764 3116 et
1831 3075 1983 3135 quo
2053 3052 2454 3134 accipiamus
2510 3073 2664 3134 pro:

364 3183 514 3243 quo
585 3164 828 3225 etiam
894 3184 1039 3241 me3
1117 3182 1269 3224 nam
1349 3159 1722 3241 copulativa
1798 3160 2123 3242 particula
2189 3159 2407 3222 omnia
2473 3158 2668 3241 plane

363 3270 625 3348 evertit3
707 3291 820 3333 me
902 3276 1122 3333 autem
1202 3267 1379 3351 quod
1459 3273 1636 3329 recte
1704 3268 1919 3331 omitti
1986 3268 2281 3350 potuisse
2350 3267 2474 3345 ait,
2557 3266 2670 3347 qui

362 3378 580 3459 potuit
635 3377 702 3440 id
757 3397 1119 3460 pronomen
1168 3376 1411 3452 omitti,
1479 3373 1544 3437 in
1603 3394 1730 3454 quo
1788 3395 1975 3437 omne
2033 3374 2290 3456 pondus
2353 3374 2670 3437 orationis

360 3486 535 3548 inest
594 3483 735 3564 (me
793 3505 1054 3566 quoque
1113 3506 1242 3547 non
1301 3482 1515 3545 minus
1576 3501 1774 3562 quam
1819 3480 2167 3561 Fabium)?
2237 3480 2323 3544 Et
2366 3480 2506 3543 haec
2550 3480 2669 3544 fin-

364 3600 604 3673 guntur
649 3592 730 3656 ab
780 3613 886 3670 eo,
947 3592 1061 3671 qui
1106 3592 1173 3654 in
1218 3590 1343 3654 hoc
1388 3611 1517 3653 uno
1565 3588 1734 3652 libro
1780 3588 2057 3651 XXVIII
2104 3610 2306 3671 prope
2353 3589 2671 3670 quinqua-

363 3700 546 3779 ginta
610 3699 772 3763 locis
839 3719 1031 3762 voces
1099 3697 1392 3780 singulas
1458 3697 1759 3779 pluresve
1826 3697 1891 3759 in
1949 3695 1999 3758 P
2059 3702 2126 3759 et
2180 3698 2413 3760 ceteris
2471 3695 2658 3760 codd.
2700 3698 2840 3769 (339)

363 3808 638 3871 omissas
684 3807 1038 3884 notaverit,
1098 3807 1321 3888 potius
1378 3824 1578 3888 quam
1635 3804 1919 3867 retineat
1975 3804 2413 3867 certissimum
2478 3824 2671 3884 supe-

359 3915 606 3977 riorum
658 3914 1215 3996 supplementum:
1251 3947 1339 3955 —
1377 3910 1755 3988 excellat,
1804 3930 1947 3987 qn·
1995 3930 2098 3972 me
2151 3932 2466 3993 quoque
2515 3911 2668 3973 niti

362 4044 512 4086 non
560 4021 1009 4086 dissimulo,
1114 4020 1238 4083 Hic
1295 4018 1560 4100 quidem
1618 4019 1860 4083 erroris
1907 4038 2108 4083 causa
2152 4038 2413 4099 quoque
2462 4017 2670 4080 mani-

360 4128 534 4193 festa
599 4137 701 4194 est
768 4131 836 4192 in
902 4149 1052 4209 quo
1119 4127 1223 4192 bis
1280 4125 1601 4208 posito.¹)
1715 4124 1991 4205 (Eodem
2050 4126 2268 4207 capite
2328 4123 2359 4205 ξ
2419 4129 2487 4201 8,
2558 4123 2671 4188 ubi

419 4381 460 4448 ¹)
498 4380 626 4435 Non
662 4382 845 4435 minus
883 4399 1057 4450 prave
1095 4399 1141 4435 c.
1181 4381 1264 4447 27,
1318 4381 1379 4432 13
1418 4377 1550 4432 inde
1588 4395 1622 4431 a
1659 4376 1943 4432 Gronovio
1982 4378 2266 4431 omittitur
2300 4377 2384 4443 ia,
2423 4374 2575 4444 quod
2612 4375 2669 4427 in

497 4467 694 4521 codice
750 4466 1058 4535 archetypo
1116 4464 1326 4520 excidit
1376 4468 1511 4533 post
1555 4461 2011 4518 credideritis
2058 4462 2141 4529 (is
2189 4461 2487 4528 denique
2537 4474 2765 4591 egps

2316 4726 2437 4799 „sd
