3230 5282
692 595 816 649 Lib.
853 595 999 650 XXI.
1777 584 1901 645 256

683 769 1013 851 sequendo
1060 768 1151 854 (p.
1199 768 1339 850 22),
1411 775 1712 835 servetur
1765 769 2069 850 libertas,
2136 771 2522 854 superstitio
2580 770 2951 848 excludatur,

682 877 750 942 in
828 877 1163 943 nonnullis
1243 877 1505 960 quidem
1572 878 1766 958 locis,
1848 883 2117 962 propter
2184 898 2357 957 eam,
2438 900 2633 961 quam
2697 879 2953 963 exposui,

679 984 967 1064 librarii,
1047 987 1161 1070 qui
1217 986 1623 1052 Puteaneum
1681 986 1980 1070 scripsit,
2051 985 2122 1050 in
2179 986 2442 1052 obiecta
2495 989 2708 1053 animo
2762 988 2954 1072 specie

683 1094 1018 1179 sequenda
1072 1095 1440 1175 licentiam,
1508 1116 1640 1160 non
1707 1095 1900 1160 nimis
1959 1093 2229 1179 singulae
2288 1095 2526 1160 litterae
2582 1104 2953 1181 premantur.

679 1202 1282 1283 WeissenborniuS,
1351 1204 1463 1288 qui
1508 1209 1722 1268 totum
1767 1202 1959 1267 huius
2007 1202 2270 1268 decadis
2318 1209 2698 1270 contextum
2740 1205 2821 1271 ad
2861 1226 2952 1270 co·

682 1312 844 1378 dicis
899 1312 1045 1377 Put.
1092 1311 1287 1377 fidem
1355 1313 1573 1395 exegit
1630 1317 1697 1375 et
1753 1310 2038 1395 perbene
2096 1332 2175 1377 ea
2229 1332 2302 1377 re
2361 1312 2441 1377 de
2501 1312 2683 1379 Livio
2729 1315 2955 1390 meruit,

682 1421 1031 1502 interdum,
1091 1421 1289 1485 etiam
1335 1421 1402 1485 in
1446 1419 1811 1484 minoribus
1858 1426 1925 1485 et
1968 1419 2335 1486 manifestis
2380 1421 2636 1487 mendis
2678 1443 2797 1487 nec
2835 1422 2957 1486 inu-

679 1530 920 1608 sitatiS,
997 1529 1190 1594 nimis
1269 1527 1563 1594 studiose
1633 1528 1879 1593 codicis
1946 1529 2415 1594 auctoritatem
2481 1531 2814 1614 amplexus
2875 1536 2960 1594 est

680 1638 981 1703 adhibita
1048 1635 1425 1703 contortula
1478 1636 2026 1720 interpretatione
2085 1657 2162 1701 ac
2220 1636 2595 1703 defensione
2653 1659 2959 1722 compara·

676 1747 894 1829 tisque
941 1745 1254 1829 exemplis
1301 1744 1783 1823 dissimillimis,
1852 1743 2025 1826 quod
2081 1745 2277 1829 quale
2335 1747 2423 1811 sit
2478 1745 2589 1827 (ne
2635 1747 2739 1812 hic
2781 1747 2958 1831 pluri-

680 1855 808 1920 bus
853 1854 1187 1935 insecter)‚
1233 1854 1515 1938 perspici
1559 1853 1697 1919 fere
1744 1854 1994 1938 poterit
2038 1874 2118 1918 ex
2159 1855 2257 1933 iis,
2304 1875 2451 1937 quae
2493 1877 2627 1920 uno
2674 1862 2739 1921 et
2779 1855 2958 1920 altero

677 1964 855 2044 loce,
927 1984 1130 2046 quum
1186 1962 1378 2046 quasi
1436 1963 1819 2046 praeteriens
1876 1962 1944 2026 in
2000 1962 2320 2027 eiusmodi
2378 1965 2678 2046 argutias
2722 1962 2957 2029 incidis-

679 2093 835 2151 sem,
890 2071 1227 2150 adnotavi,
1285 2076 1362 2135 ut
1406 2070 1492 2135 ad
1537 2069 1712 2149 XXI,
1773 2074 1875 2153 44,
1922 2074 1959 2134 7
2007 2068 2694 2155 (vindicaremus),
2740 2075 2833 2151 52,
2878 2075 2955 2147 11,

677 2179 896 2259 XXII,
959 2184 1034 2244 15
1083 2180 1224 2244 init.
1273 2185 1342 2244 et
1397 2182 1507 2258 22,
1573 2182 1651 2242 18
1699 2184 1767 2243 et
1826 2181 1936 2259 30,
1995 2183 2063 2259 5,
2122 2178 2207 2243 'al.
2318 2178 2490 2243 Nam
2545 2180 2836 2263 alioquin
2886 2175 2956 2242 ad

678 2309 893 2353 meum
950 2287 1296 2353 consilium
1355 2308 1487 2352 non
1543 2288 1831 2370 pertinet
1888 2306 1968 2351 ea
2024 2287 2362 2371 persequi,
2428 2288 2497 2352 in
2544 2289 2787 2372 quibus
2831 2287 2957 2352 sim-

677 2395 939 2480 pliciter
990 2394 1399 2460 redeundum
1457 2402 1558 2459 est
1614 2394 1701 2459 ad
1762 2395 2174 2478 superiorum
2233 2393 2544 2477 (Bekkeri
2604 2416 2857 2481 quoque
2906 2398 2960 2457 et

678 2503 1063 2587 Kreyssigii)
1113 2504 1541 2586 scripturam,
1609 2508 1729 2568 aut
1786 2504 1919 2567 iam
1974 2503 2042 2567 in
2101 2503 2441 2569 codicibus
2486 2511 2610 2569 aut
2655 2505 2737 2570 ab
2781 2504 2958 2570 edito-

677 2611 862 2677 ribus
909 2617 1091 2677 certa
1137 2612 1540 2678 correctione
1584 2619 1945 2696 repertam,
2000 2612 2069 2677 in
2113 2612 2312 2678 rebus
2358 2615 2731 2697 praesertim
2772 2592 2981 2698 parvis‘

680 2726 748 2785 et
791 2719 1113 2800 facilibuS,
1158 2741 1280 2785 nec
1326 2720 1655 2805 explicare
1703 2720 1961 2786 decrevi
2007 2720 2108 2802 (ut
2150 2720 2253 2787 his
2300 2720 2499 2803 utar),
2548 2743 2751 2805 quam
2792 2738 2962 2805 prave

678 2830 745 2894 in
791 2828 1006 2909 XXX,
1068 2833 1177 2909 16,
1239 2833 1276 2892 2
1322 2828 1690 2912 perfectum
1735 2828 2360 2913 (reposuerunt),
2417 2830 2485 2893 in
2529 2830 2737 2911 XXX,
2796 2835 2884 2906 24,
2931 2829 2961 2888 2

677 2935 1392 3022 plusquamperfectum
1494 2935 2030 3020 (censuerant)
2131 2945 2454 3023 ponatur,
2569 2946 2691 3004 aut
2791 2955 2962 3022 quam

507 3062 819 3129 (210)non
863 3046 1103 3130 (XXX,
1165 3050 1233 3126 9,
1293 3045 1359 3127 2)
1416 3044 1659 3110 urbes
1717 3045 2142 3112 subiicere
2200 3045 2346 3131 (pro
2407 3046 2816 3131 subigere)
2871 3043 2962 3109 de-

680 3156 989 3221 fendatur
1034 3177 1144 3234 eo,
1214 3153 1393 3238 quod
1451 3154 1672 3219 dativo
1732 3153 1993 3219 adiecto
2052 3155 2295 3219 dicitur
2340 3154 2777 3222 subiectus
2821 3173 2962 3219 ser·

678 3266 910 3345 vitio,
971 3263 1403 3330 subiectus
1461 3262 1823 3345 imperio.
1926 3261 2085 3328 Haec
2130 3269 2197 3328 et
2242 3262 2514 3343 similia,
2573 3267 2694 3348 qui
2738 3264 2963 3328 Livium

683 3372 879 3438 edent
934 3372 1247 3457 posthac,
1299 3371 1428 3455 ipsi
1474 3392 1591 3453 per
1637 3392 1706 3435 se
1755 3370 2127 3456 expediant.
2229 3370 2367 3437 Nos
2414 3371 2500 3437 ad
2543 3380 2780 3439 nostra
2822 3388 2965 3455 prae-

681 3487 1036 3546 vertamur.

1566 3653 1752 3736 Lib.
1818 3653 2119 3764 xxv)

857 3786 1014 3871 Cap.
1048 3793 1101 3868 1,
1149 3790 1216 3851 2:
1267 3793 1345 3852 et
1388 3786 1603 3853 haud
1648 3787 1973 3870 ignotas
2015 3786 2218 3853 belli
2262 3794 2487 3854 artes
2531 3789 2753 3854 inter
2795 3802 2964 3858 sese,

688 3895 826 3961 sed
859 3901 1239 3980 expertas
1273 3896 1528 3979 primo
1552 3897 1856 3961 Punico
1892 3897 2433 3962 conserebant
2467 3896 2704 3964 bello.
2750 3896 2965 3977 Pugna,

686 4011 1036 4083 certamen,
1091 4025 1324 4069 manus
1371 4009 1825 4084 conseruntur,
1884 4027 2087 4089 quum
2133 4004 2494 4070 adversarii
2538 4006 2715 4070 inter
2760 4024 2825 4068 se
2868 4000 2968 4064 im·

746 4214 796 4281 ¹)
835 4212 968 4281 Quae
1020 4213 1081 4268 in
1130 4213 1290 4267 libris
1338 4212 1498 4283 XXI,
1552 4212 1747 4282 XXII,
1798 4213 2001 4268 XXIII
2046 4219 2179 4269 ante
2223 4232 2271 4269 a.
2314 4216 2447 4269 1854
2491 4214 2866 4276 emendaram,
2911 4219 2968 4257 eo

827 4317 974 4354 anno
1037 4316 1165 4354 cum
1215 4297 1565 4368 Ingerslevio
1631 4299 2066 4369 communicavi,
2132 4301 2229 4370 qui
2289 4300 2574 4371 plerisque
2635 4300 2695 4353 in
2746 4293 2969 4351 editione

828 4384 1118 4454 discipulis
1155 4383 1438 4438 destinata
1471 4386 1680 4455 partim
1716 4386 1776 4440 in
1811 4386 1934 4456 ipsa
1971 4387 2246 4455 oratione,
2280 4387 2490 4457 partim
2523 4387 2583 4439 in
2610 4376 2968 4440 adnotationi-

826 4471 933 4526 bus
978 4486 1113 4526 usus
1162 4474 1261 4526 est.
1342 4471 1431 4525 Ab
1475 4470 1829 4541 Ingerslevio
1865 4472 2358 4528 Weissenbornius
2405 4472 2623 4541 aliquot
2662 4484 2813 4524 meas
2856 4477 2972 4519 con·
