3230 5282
1501 571 1627 664 ⁷⁶⁷

416 761 546 816 Ubi
574 779 698 815 cum
727 757 1156 830 plusquamperf.
1191 759 1355 814 indie.
1383 761 1454 812 44
1483 776 1535 812 n.
1589 757 1838 814 Verbum
1919 759 2327 814 substantivum
2410 778 2460 813 v.
2530 758 2711 813 Esse.

415 847 606 904 Ullus
625 864 741 901 non
758 845 1031 916 praecedit
1049 845 1405 915 negationem
1423 847 1537 899 117.
1658 844 1845 901 Verba
1864 842 2194 913 affirmandi,
2229 845 2490 915 negandi,
2511 847 2715 900 similis

415 934 680 989 Umbrae
716 934 832 988 498.
1659 950 1787 987 eum
1823 932 2103 988 sententia
2146 931 2388 1001 infinite,
2435 950 2551 987 non
2587 949 2714 987 oum

415 1020 899 1090 Unusquisque
998 1019 1148 1090 apud
1232 1017 1538 1072 numeralis
1661 1021 1979 1075 accusativo
2031 1022 2149 1073 473.
2221 1017 2534 1073 Verborum
2587 1019 2705 1090 plu·

482 1109 578 1162 621
617 1126 669 1162 n.
1659 1106 1803 1161 rium
1839 1123 2141 1162 concursus
2177 1106 2421 1160 insuavis
2458 1107 2574 1160 219.
2640 1147 2647 1159 .

413 1192 501 1247 Ur
545 1190 864 1246 terminatio
901 1207 1071 1261 prave
1119 1191 1311 1246 addite
1345 1194 1447 1246 716
1481 1209 1535 1245 n.
1588 1192 1768 1248 Vero
1804 1210 1910 1264 pro
1959 1208 2120 1246 vere
2167 1191 2396 1246 dubium
2433 1191 2579 1261 apud
2614 1191 2707 1246 Li-

413 1277 580 1333 Urbis
599 1294 804 1333 nomen
833 1276 998 1331 latius
1019 1277 1363 1346 intellegitur
1392 1278 1537 1347 apud
1655 1279 1808 1334 vium
1843 1281 1945 1334 230
1978 1297 2032 1333 n.

481 1369 701 1419 veteres
737 1365 854 1418 333.
1589 1365 1879 1420 Vertere
1931 1382 2047 1419 non
2101 1381 2204 1434 pro
2257 1368 2528 1419 certare
2581 1365 2707 1432 563;

410 1449 753 1521 Usnrpare
790 1448 1245 1517 (possessionem)
1279 1453 1396 1504 492.
1656 1452 1831 1506 verti
1880 1470 1975 1514 re,
2016 1467 2133 1504 non
2166 1451 2235 1505 in
2269 1467 2336 1503 re
2372 1451 2492 1518 236,
2532 1451 2647 1503 323.

409 1534 496 1591 Ut
531 1537 780 1606 pendens
828 1554 862 1590 a
903 1537 1076 1591 verbo
1124 1553 1237 1590 non
1274 1552 1534 1606 expresso
1586 1537 1820 1594 Vieem
1857 1537 2152 1592 alieuius
2181 1534 2556 1603 sollicitus,
2595 1552 2709 1590 non

476 1623 603 1688 6673
640 1627 715 1675 ut
747 1639 917 1691 prave
950 1639 1054 1691 pro
1091 1641 1174 1677 ne
1209 1623 1326 1676 408.
1655 1626 1805 1680 viee
1847 1627 1880 1679 9
1925 1642 1979 1678 n.
2077 1622 2155 1677 In
2196 1623 2413 1676 vicem
2470 1622 2707 1675 comis-

407 1706 714 1776 Uterque
742 1708 998 1773 consul,
1034 1726 1147 1763 non
1179 1708 1533 1763 consulum
1657 1711 1954 1766 santium
1989 1726 2222 1780 pravum
2257 1710 2372 1763 565.

479 1794 628 1868 apud
662 1792 883 1848 Livium
918 1796 1034 1848 623.
1119 1837 1125 1854 .
1586 1795 1947 1851 Videlicet
1978 1798 2062 1849 67.

407 1878 520 1934 Uti
558 1879 680 1946 (sie
716 1877 995 1947 utimur)
1041 1897 1154 1935 non
1189 1880 1391 1935 Latine
1437 1898 1533 1950 po·
1583 1883 1820 1938 Videri
1854 1882 2078 1952 passive
2112 1884 2194 1935 50.

486 1965 652 2019 situm
692 1967 805 2019 124.
1583 1970 1736 2024 Viri
1775 1973 2050 2039 quatenus
2084 1986 2188 2038 pro
2234 1967 2514 2038 peditibus
2552 1968 2703 2022 diea-

406 2049 519 2104 Uti
553 2068 763 2120 rogas
799 2053 915 2105 440.
1651 2060 1747 2110 tur
1780 2057 1897 2109 754.

405 2136 723 2191 Uttarius
760 2138 952 2191 vocab.
977 2137 1313 2192 auctoritate
1332 2154 1528 2193 carens
1583 2142 1840 2196 Vitium
1878 2141 1940 2194 vi
1974 2158 2089 2195 non
2124 2141 2388 2196 Latinum
2423 2142 2539 2194 209.

472 2225 588 2278 702.
1580 2228 1854 2295 Vitare,
1891 2227 2160 2280 evitare
2196 2227 2311 2280 569.

1580 2313 1769 2368 Vitio
1806 2311 2066 2380 creari,
2104 2312 2345 2366 vitium
2389 2310 2479 2366 fit
2513 2316 2611 2366 611
2650 2330 2703 2367 n.

404 2392 894 2448 Weissenbornius
929 2397 1016 2464 43,
1053 2398 1170 2450 449.
1581 2399 1847 2455 Vocare
1882 2399 1949 2453 in
1983 2402 2250 2469 partem
2284 2398 2551 2467 aliquid
2590 2400 2703 2453 120.

402 2477 618 2534 Velites
656 2483 714 2535 et
750 2480 886 2533 levis
924 2486 1205 2536 armature
1237 2485 1353 2537 407.

402 2564 613 2620 Velle.
684 2565 807 2619 Vis
846 2565 955 2619 tu?
992 2568 1094 2621 229
1127 2586 1208 2637 n.;
1245 2568 1522 2639 vellem,
1580 2569 1857 2643 Xychus
1891 2587 2098 2625 nomen
2131 2587 2247 2625 non
2283 2568 2539 2625 Groeeum
2583 2571 2700 2624 587.

469 2652 746 2705 mallem
793 2654 916 2719 5503
966 2655 1125 2708 volo
1174 2655 1368 2720 eddi,
1413 2675 1527 2712 non

470 2737 728 2793 addere
762 2742 879 2793 499.
