3230 5282
1388 588 1511 650 287
2271 601 2399 657 Lib.
2435 601 2610 657 XXII.

299 771 669 837 substituit:
749 771 1414 857 prodictatorem
1490 793 1665 856 pop.
1730 774 2049 838 creavit
2117 772 2191 851 Q.
2248 773 2610 853 Fabium,

298 880 678 945 coniectura
733 880 935 945 ducta
991 900 1071 945 ex
1123 880 1234 959 iis,
1302 900 1447 963 quae
1501 879 1723 945 Livius
1790 880 1915 945 hoc
1979 882 2122 966 ipso
2186 881 2359 947 libro
2418 902 2470 947 c.
2531 886 2605 946 31

297 987 553 1066 scribit,
623 986 898 1053 Caelium
941 988 1366 1073 Antipatrum
1423 994 1491 1053 et
1547 988 1714 1053 alios
1758 988 2269 1073 reprehendens.
2369 988 2467 1054 Ne
2514 990 2610 1054 di-

298 1116 469 1176 cam,
540 1097 705 1161 satis
775 1095 995 1161 audax
1061 1095 1188 1161 hoc
1242 1116 1389 1162 esse
1447 1095 1823 1178 corrigendi
1879 1117 2115 1179 genus,
2186 1098 2364 1182 quod
2428 1097 2613 1162 nulla

299 1203 562 1287 syllabae
620 1205 912 1269 maxime·
962 1194 1354 1270 necessariae
1411 1203 1664 1270 omissae
1723 1223 1925 1269 causa
1969 1206 2330 1288 excogitari
2374 1212 2612 1289 potest,

299 1318 497 1395 utque
544 1313 880 1392 omittam,
943 1332 1074 1377 non
1131 1311 1344 1376 minus
1389 1312 2037 1395 promagistrum
2082 1314 2449 1395 equitum
2495 1333 2611 1397 ap·

298 1419 677 1502 pellandum
732 1419 971 1499 fuisse,
1038 1419 1351 1502 quoniam
1416 1418 1623 1484 nihilo
1682 1419 1890 1501 magis
1946 1414 2263 1501 magister
2318 1420 2613 1504 equitum

304 1546 343 1590 a
384 1528 631 1612 populo
688 1527 901 1592 creari
957 1532 1253 1612 poterat,
1323 1525 1589 1590 omnino
1629 1546 1790 1590 ‚non
1856 1525 2053 1592 credo
2108 1527 2362 1592 Livium
2428 1549 2612 1612 pro-

301 1633 795 1701 dictatorem
858 1640 1156 1700 creatum
1203 1632 1494 1698 scribere
1538 1633 1857 1716 potuisse.
1969 1634 2137 1698 Nam
2183 1655 2411 1716 quum,
2469 1637 2613 1721 qui-

299 1740 420 1806 bus
476 1748 594 1807 aut
650 1748 1084 1828 prorogatum
1140 1742 1492 1825 imperium
1548 1747 1695 1806 erat
1751 1746 1868 1805 aut
1924 1746 2111 1806 extra
2156 1742 2454 1809 ordinem
2499 1734 2620 1809 da-'

303 1857 470 1929 tum,
539 1849 653 1914 diu
701 1856 962 1915 tantum
1017 1871 1163 1934 pro
1221 1848 1553 1914 consule
1613 1846 1781 1931 (pro
1827 1849 2204 1932 praetore)
2251 1872 2394 1916 esse
2441 1850 2614 1916 dice-

298 1964 528 2022 rentur
595 1977 717 2023 nec
773 1958 1101 2024 haberent
1154 1957 1495 2047 proprium
1514 2006 1528 2035 ,
1596 1977 1727 2040 quo
1775 1955 2271 2040 appellarentur
2290 2008 2304 2037 ,
2376 1979 2613 2023 nomen

300 2064 838 2145 (substantivum3
908 2086 1064 2130 nam
1112 2065 1197 2129 M.
1246 2064 1571 2128 Tullius
1628 2084 1770 2147 pro
1828 2064 2166 2143 consule
2223 2063 2611 2146 dicebatur),

298 2174 539 2237 sensim
581 2179 802 2238 tamen
852 2193 930 2238 eo
978 2178 1365 2256 perventum
1412 2177 1530 2252 est,
1579 2177 1656 2236 ut
1699 2192 1820 2255 pro
1867 2192 1998 2236 uno
2043 2174 2308 2237 nomine
2356 2172 2605 2238 dicere·
2642 2190 2782 2257 (234)

299 2287 411 2344 tur
452 2279 921 2365 proconsul,
966 2284 1458 2364 propraetor3
1507 2300 1604 2358 ea,
1654 2299 1936 2362 quorum
1979 2281 2196 2344 rarior
2239 2301 2399 2345 usus
2446 2287 2610 2361 erat,

301 2387 592 2452 nondum
642 2386 976 2453 Ciceronis
1020 2387 1317 2469 Liviique
1375 2392 1569 2451 aetate
1615 2407 1698 2451 ne
1744 2386 2131 2481 quotidiano
2177 2387 2441 2470 quidem
2484 2410 2612 2453 usu

299 2502 569 2579 recepta
612 2495 848 2575 fuisse,
907 2493 1197 2560 ostendit
1251 2514 1396 2579 pro
1452 2494 1854 2577 magistro
1911 2514 2170 2577 semper
2216 2495 2611 2579 appellatuS,

300 2603 413 2684 qui
468 2603 772 2686 magistri
830 2603 970 2668 vice
1024 2598 1443 2684 fungeretur,
1511 2608 1580 2667 et
1645 2602 1926 2667 vitatum
1995 2601 2096 2685 (ut
2149 2601 2273 2667 hoc
2331 2601 2514 2684 utar)
2573 2623 2614 2668 a

302 2708 619 2776 Cicerone
663 2712 730 2775 in
779 2708 1349 2774 commemoranda
1384 2710 1608 2774 Verris
1653 2709 1719 2773 in
1768 2709 1999 2776 Cilicia
2043 2710 2614 2777 administratione

301 2820 637 2899 quaestorii
694 2817 983 2883 muneris
1030 2815 1114 2898 (V
1116 2836 1242 2881 err.
1288 2817 1319 2881 I
1379 2838 1432 2883 c.
1483 2820 1563 2882 36
1613 2816 1787 2901 sqq.)
1831 2819 2308 2902 proquaestoris
2353 2839 2611 2883 nomen.

304 2923 777 2990 Prodictatoris
846 2923 1111 3007 quidem
1178 2924 1539 3009 appellatio
1609 2946 1690 2990 ex
1755 2946 1887 2990 uno
1959 2926 2072 2990 illo
2142 2925 2433 3005 homine,
2501 2926 2614 3007 qui

302 3031 720 3098 dictatoriam
765 3037 1169 3118 potestatem
1218 3039 1407 3098 extra
1451 3031 1748 3097 ordinem
1794 3054 1874 3099 ea
1920 3039 2117 3097 aetate
2161 3033 2426 3112 babuit,
2485 3018 2636 3115 qua’

301 3140 588 3205 nondum
672 3141 1023 3224 quisquam
1101 3140 1521 3224 proconsulis
1599 3160 1840 3206 nomen
1920 3139 2428 3221 (substantivum
2495 3161 2616 3224 per

303 3267 495 3313 casus
557 3247 991 3329 declinatum)
1049 3246 1422 3327 audiverat,
1487 3248 1677 3312 nasci
1748 3249 1853 3312 vix
1911 3249 2145 3332 potuit.
2257 3248 2491 3330 Itaque
2548 3254 2615 3312 et

302 3356 503 3420 ceteri
572 3361 640 3420 et
697 3354 921 3421 Livius
988 3355 1056 3420 in
1127 3355 1384 3439 reliqua
1452 3357 1835 3421 narratione
1890 3355 2170 3421 Fabium
2224 3355 2615 3421 dictatorem

302 3461 439 3525 sine
484 3460 624 3526 ulla
668 3463 995 3528 varietate
1041 3463 1414 3546 appellant3
1483 3483 1562 3528 ac
1618 3484 1701 3528 ne
1757 3461 1874 3529 illo
1923 3463 2186 3547 quidem
2237 3464 2411 3544 1000,
2480 3484 2613 3548 quo

298 3566 518 3633 Livius
598 3575 966 3635 ceterorum
1044 3592 1333 3637 errorem
1417 3571 1734 3654 castigat,
1813 3570 2283 3654 prodictatoris
2351 3573 2614 3637 nomine

304 3677 544 3758 utitur,
615 3664 733 3742 se‘d
791 3682 1180 3758 creatum,
1249 3679 1383 3762 qui
1439 3700 1582 3763 pro
1642 3677 2059 3744 dictatore
2119 3685 2364 3759 esset,
2431 3679 2608 3744 dicit.

298 3783 511 3866 Atque
556 3784 718 3848 mihi
761 3785 950 3849 illum
995 3784 1211 3850 locum
1254 3786 1499 3868 legenti
1545 3792 1613 3851 et
1657 3807 1804 3850 cum
1851 3787 2190 3870 superiore
2235 3789 2612 3852 narratione

302 3893 714 3974 comparanti
776 3892 1329 3977 contendentique
1386 3894 1571 3958 illum
1630 3893 1784 3958 libri
1845 3895 2069 3977 quarti
2124 3894 2344 3960 locum
2402 3895 2483 3976 (c.
2536 3899 2611 3957 19

304 4003 372 4060 et
418 3997 555 4079 20),
618 4019 750 4083 quo
795 3998 1018 4063 Livius
1064 4001 1346 4083 primum
1392 4001 1555 4066 satis
1601 3999 1828 4066 multis
1876 4008 1943 4066 et
1988 4001 2350 4085 splendidis
2396 4001 2613 4066 verbis

302 4104 516 4187 spolia
579 4107 802 4190 opima
867 4128 908 4170 a
965 4103 1272 4173 Cornelio
1334 4105 1538 4174 Cosso
1606 4112 1687 4171 tr.
1747 4109 2032 4174 militum
2100 4115 2295 4193 capta
2362 4117 2608 4187 narrat,

306 4233 571 4278 omnes
629 4221 817 4279 ante
876 4236 958 4279 se
1004 4221 1384 4280 auctores
1434 4220 1800 4295 secutuS‚
1857 4216 2091 4281 deinde
2138 4223 2359 4282 autem
2405 4217 2611 4281 critici

302 4339 650 4402 personam
695 4323 1001 4406 suscipit,
1069 4322 1418 4408 probabile
1478 4343 1556 4387 ac
1614 4325 1834 4406 potius
1892 4331 2142 4396 certum
2186 4324 2292 4403 fit,
2360 4323 2612 4388 Livium

301 4447 512 4510 usque
555 4427 638 4493 ad
683 4427 872 4494 illum
916 4430 983 4494 in
1031 4451 1173 4515 cap.
1224 4434 1299 4495 31
1349 4430 1585 4511 locum,
1631 4438 1927 4497 secutum
1974 4432 2314 4498 omnium
2358 4451 2609 4515 prope
