3230 5282
1462 608 1584 669 349
2319 620 2443 674 Lib.
2480 619 2680 674 XXIV.

365 800 716 857 mentum
764 800 981 857 esset
1026 792 1134 873 (ex
1178 799 1362 857 recta
1407 793 1706 856 oratione
1753 791 2157 856 huiusmodi:
2220 791 2367 856 hoc
2412 828 2497 838 —
2541 794 2676 871 sit3

365 900 724 965 infinitivus
768 901 926 966 ferri
972 901 1152 966 nullo
1199 900 1393 965 modo
1439 906 1679 982 potest,
1725 899 1840 963 sed
1885 920 1968 964 ne
2014 920 2369 983 pronomen
2415 900 2679 983 quidem

368 1009 633 1089 abesse3
702 1008 784 1072 de
852 1003 934 1067 id
988 1005 1089 1068 vel
1147 1003 1240 1067 ad
1299 1028 1416 1090 pro
1475 1006 1571 1072 ad
1633 1007 1742 1085 id,
1810 1006 1890 1071 id
1949 1006 2044 1071 ad
2103 1009 2351 1090 scripto
2404 1008 2532 1072 vid.
2592 1009 2677 1073 ad

367 1116 568 1194 XXV,
613 1121 715 1195 40,
764 1115 851 1197 8).
956 1116 1173 1198 Atque
1229 1114 1367 1180 haec
1413 1115 1677 1197 quidem
1723 1114 2002 1179 aliorum
2047 1115 2312 1182 illorum
2355 1118 2680 1181 sententia

364 1224 520 1303 fuit3
590 1222 706 1288 sed
760 1224 829 1287 in
874 1224 955 1288 iis
1002 1244 1293 1306 quoque,
1354 1214 1507 1305 quae'
1545 1220 1578 1304 ξ
1625 1227 1666 1286 4
1711 1228 1779 1287 et
1824 1227 1860 1286 5
1909 1229 2302 1306 sequuntur,
2362 1224 2435 1302 Q.
2483 1225 2670 1290 Fabii
2710 1235 2851 1301 (285)

368 1332 761 1396 sententiam
821 1331 1258 1408 continentia,
1327 1330 1519 1412 plura.
1573 1338 1726 1394 sunt
1780 1337 1933 1414 post
1985 1330 2192 1413 Lipsii
2252 1339 2320 1397 et
2368 1332 2680 1397 Gronovii

364 1439 857 1511 ,emendationes
916 1438 1118 1503 dubia
1177 1444 1294 1503 aut
1350 1444 1700 1521 corrupta3
1770 1459 1920 1502 nam
1978 1439 2259 1521 primum
2317 1439 2418 1520 (ut
2463 1439 2681 1504 adiec-

365 1549 571 1611 tivum
637 1547 906 1612 libera
970 1555 1151 1611 recte
1217 1546 1486 1628 adiungi
1552 1545 1639 1610 ad
1708 1545 2063 1612 arbitria
2133 1567 2378 1629 agere
2448 1568 2679 1612 conce·

368 1654 588 1736 datur)
648 1654 1137 1720 distributionis
1197 1654 1585 1737 significatio
1643 1661 1804 1736 apta
1849 1676 1976 1719 non
2025 1655 2286 1720 videtur
2330 1655 2450 1736 (de
2497 1676 2679 1737 quo·

370 1782 547 1844 que,
629 1763 806 1845 quod
884 1784 1013 1827 non
1094 1762 1265 1826 idem
1335 1768 1437 1827 est
1502 1768 1701 1844 atque
1771 1762 1866 1826 de
1933 1763 2486 1846 unoquoque);
2563 1764 2682 1829 sed

370 1870 642 1936 meliora
686 1893 819 1936 non
862 1872 1141 1954 reperio.
1246 1868 1550 1952 [Rectum
1610 1868 1901 1934 videtur:
1974 1870 2236 1936 libero
2294 1891 2678 1954 aequoque

369 1979 723 2043 arbitrio
783 1999 1049 2061 agere.
1131 1977 1348 2060 1862]
1453 1977 1706 2042 Deinde
1752 1978 1817 2041 in
1865 1978 2175 2043 Gronovii
2224 1980 2680 2046 emendatione

371 2107 503 2151 non
547 2093 726 2151 recte
771 2086 909 2151 haec
952 2079 1470 2169 componuntur:
1542 2107 1776 2169 quum
1831 2085 2041 2149 illud
2099 2088 2372 2170 potius
2427 2122 2541 2165 —,
2597 2088 2679 2153 id

368 2215 525 2259 non
585 2195 986 2276 cogitent3
1043 2194 1166 2258 hoc
1212 2195 1385 2258 enim
1430 2195 1760 2276 posterius
1806 2195 1901 2257 sic
1949 2194 2218 2274 dicitur,
2278 2196 2466 2278 quasi
2513 2215 2679 2278 prae-

371 2301 595 2366 cedat:
665 2301 876 2384 quod
920 2303 1255 2367 maxime
1302 2301 1700 2382 agendum
1748 2301 1885 2380 sit3
1930 2323 2144 2386 neque
2191 2311 2370 2368 recte
2416 2309 2680 2367 autem

373 2408 962 2489 (documentum
1039 2417 1308 2474 autem
1388 2410 1666 2474 dicant
1747 2411 1999 2474 statui
2069 2412 2488 2493 oportere)
2561 2433 2680 2493 pro

373 2516 511 2580 sed
567 2524 721 2599 post
776 2538 928 2582 non
973 2518 1257 2601 ponitur.
1361 2516 1684 2581 Veniebat
1726 2518 1793 2579 in
1837 2525 2149 2582 mentem:
2212 2519 2375 2601 qui,
2439 2540 2680 2602 quum

369 2623 582 2689 illud
627 2626 904 2708 potius
951 2624 1347 2708 agendum
1392 2630 1639 2709 atque
1687 2624 2219 2708 cogitandum
2265 2627 2392 2706 sit,
2438 2659 2539 2706 ——,
2586 2649 2680 2693 ne

374 2733 510 2814 qui
561 2734 767 2797 socii
818 2734 1101 2817 populi
1149 2733 1615 2797 desciscant
1672 2739 1739 2794 ct
1800 2740 1879 2797 ut
1933 2733 2098 2795 novi
2154 2734 2684 2801 concilientur

372 2837 626 2920 [novos
699 2840 1207 2923 concilient‘P]
1269 2840 1344 2921 (P
1402 2847 1479 2904 et
1533 2862 1687 2905 non
1744 2839 2176 2921 uocitent),
2246 2842 2681 2907 documen·

369 2953 534 3011 tum
600 2948 829 3011 essa-
911 2949 1195 3013 dicant
1276 2949 1530 3013 statui
1603 2956 1994 3030 oportere
2065 2956 2189 3014 cet.
2315 2948 2479 3012 Tum
2549 2947 2582 3030 §
2642 2954 2679 3013 6

378 3054 520 3135 (ubi
613 3057 1037 3121 continuatur
1110 3056 1299 3120 Fabii
1390 3056 1749 3136 sententia)
1818 3056 2394 3121 Weissenbornius
2473 3078 2550 3119 ex
2630 3057 2680 3120 P

370 3163 667 3245 scripsit:
738 3162 957 3239 Quod
1025 3166 1095 3228 si
1162 3163 1407 3228 abire·
1454 3164 1550 3228 ab
1608 3148 1988 3228 Roma‘nis
2056 3164 2340 3242 liceat,
2409 3163 2681 3228 redire

372 3269 468 3334 ad
516 3291 648 3335 eos
693 3291 847 3336 non
893 3271 1166 3351 liceat,
1214 3269 1619 3354 qni‚(vulgo
1665 3273 1824 3352 cui)
1873 3271 2195 3336 dubium
2243 3292 2448 3344 esse,
2491 3272 2679 3353 quin

370 3377 542 3458 (cod.
591 3386 808 3443 esset
864 3378 1025 3462 qui)
1087 3378 1315 3443 brevi
1371 3378 1850 3443 desiderata
1908 3379 2132 3460 (vulgo
2180 3380 2319 3444 sine
2364 3380 2680 3445 varietate

371 3485 724 3567 deserta.)
782 3486 877 3551 ab
941 3488 1196 3552 sociis
1242 3488 1604 3551 Romana
1660 3508 1783 3551 res
1828 3486 2307 3552 foederibus
2353 3487 2680 3552 Punicis

372 3591 542 3672 (cod.
590 3594 981 3677 puniciis)
1052 3595 1315 3659 omnia
1378 3596 1455 3658 in
1522 3594 1774 3662 Italia
1840 3595 2125 3659 iuncta
2191 3596 2462 3659 visura
2528 3596 2683 3660 sit?

372 3700 499 3764 Sed
555 3722 770 3782 neque
827 3700 1307 3767 desiderata
1359 3723 1488 3766 res
1534 3703 1888 3766 Romana
1942 3724 2062 3785 pro
2121 3724 2230 3783 ea,
2298 3703 2404 3767 cui
2451 3703 2682 3767 adiun-

370 3828 523 3889 gere
582 3829 651 3873 se
697 3810 924 3892 populi
972 3810 1273 3893 cupiant,
1344 3808 1474 3872 dici
1528 3808 1667 3874 ullo
1727 3809 1920 3873 modo
1974 3830 2187 3892 neque
2246 3812 2461 3875 omitti
2518 3817 2681 3874 tem-

369 3916 550 3998 poris
621 3895 977 4000 superioris
1045 3917 1440 3999 significatio
1509 3923 1776 3999 poterat
1844 3916 2359 3997 (desiderata
2437 3924 2713 3998 antea,

368 4022 469 4087 vel
514 4022 961 4104 hactenus),
1010 4032 1077 4088 et
1121 4024 1289 4088 alius
1335 4023 1622 4089 debebat
1667 4045 1812 4089 esse
1858 4024 2020 4089 ordo
2067 4024 2415 4091 verborum
2462 4025 2682 4107 (quin

374 4129 531 4193 des.
579 4129 970 4197 hactenus
1025 4167 1113 4176 ——
1155 4152 1285 4196 res
1345 4131 1569 4196 brevi
1626 4131 1809 4213 cet.);
1891 4153 2044 4196 nam
2101 4132 2326 4197 brevi
2387 4134 2683 4216 praeponi

374 4236 573 4302 debet
628 4241 770 4304 voci
828 4240 1258 4305 mutationem
1317 4239 1733 4323 significanti.
1845 4240 1942 4304 Ex
2002 4240 2486 4305 desiderata
2544 4239 2683 4304 effi-

375 4344 677 4411 ciendum
743 4346 1004 4412 videtur
1069 4369 1201 4412 non
1269 4347 1629 4427 deserta,
1698 4348 1815 4413 sed
1883 4349 2341 4433 desperata.
2453 4348 2680 4429 Neque

374 4460 594 4518 tamen
662 4454 922 4534 celabo,
991 4455 1150 4521 mihi
1216 4462 1433 4521 totum
1497 4454 1627 4521 hoc
1693 4454 1775 4520 de
1841 4477 1912 4520 re
1968 4457 2264 4521 Romana
2330 4457 2549 4520 omnia
2615 4456 2682 4518 in
