3230 5282
578 621 703 678 Lib.
738 621 903 677 XLV.
1674 608 1796 669 734

583 795 666 860 ab
738 794 933 860 editis
999 793 1382 861 notabiliter
1450 792 1833 877 discrepans
1902 799 1968 858 et
2045 790 2333 872 (defectu
2399 793 2873 875 praepositionis

578 900 1036 987 particulaque
1081 899 1256 985 que)
1302 900 1607 966 lacunam
1651 901 1971 967 indicans.
2063 899 2266 965 Valde
2323 920 2579 978 vereor,
2635 923 2718 967 ne
2761 923 2875 967 vo-

580 1017 767 1075 cant
819 1009 1027 1074 hunc
1089 1007 1408 1074 debeatur
1466 1009 1686 1076 studio
1744 1009 1999 1075 librarii
2046 1029 2126 1074 ex
2170 1009 2280 1087 iis,
2327 1029 2471 1092 quae
2516 1030 2647 1074 non
2691 1010 2873 1096 intel-

576 1117 871 1201 legebat,-
916 1117 1157 1183 Latina
1213 1116 1447 1182 saltem
1491 1117 1813 1182 vocabula
1869 1116 2195 1182 efficiendi
2248 1116 2584 1200 lateatque
2640 1117 2771 1184 loci
2812 1127 2876 1184 et

577 1234 808 1313 portus
889 1225 1284 1310 significatio
1366 1246 1443 1290 ex
1519 1223 1758 1289 litteris
1839 1223 2240 1289 canthunc
2318 1225 2627 1290 eruenda.
2717 1226 2877 1291 Mihi

579 1335 842 1419 quidem
878 1331 1294 1400 scribendum
1329 1333 1621 1397 videtur:
1666 1338 1953 1416 portus
2000 1332 2097 1397 ad
2132 1331 2498 1398 Toronen
2545 1354 2634 1398 ac
2677 1356 2877 1401 mon-

576 1450 734 1510 tem
777 1442 1041 1508 Athon
1098 1448 1179 1507 et
1237 1441 1671 1517 Acanthus,
1741 1439 1838 1505 ad
1884 1439 2207 1524 AEgeum
2263 1461 2479 1506 mare
2547 1442 2699 1507 alii
2772 1445 2874 1508 in-

579 1550 992 1633 sulamque
1053 1547 1487 1628 Euboeam,
1556 1548 1702 1613 alii
1755 1548 1852 1613 ad
1909 1548 2539 1632 Hellespontum
2596 1571 2874 1634 oppor-

577 1667 773 1726 tune
816 1660 1050 1725 versi.
1117 1656 1547 1740 Hellesponto
1593 1677 1727 1723 una
1771 1656 1990 1723 insula
2020 1657 2289 1723 Euboea
2331 1678 2413 1722 ne
2459 1678 2589 1741 perf
2622 1679 2693 1722 se
2738 1660 2878 1742 qui·

577 1768 724 1835 dem
760 1773 942 1833 recte
978 1766 1313 1832 contraria
1346 1766 1504 1850 poni
1539 1764 1816 1830 videtur.
1865 1765 2257 1831 Accusativo
2283 1763 2493 1831 Atho
2529 1765 2878 1849 Vergiliae,

574 1883 650 1943 ut
671 1875 948 1956 videtur,
974 1895 1179 1940 ausus
1205 1880 1305 1939 est
1329 1895 1447 1956 pro
1473 1872 1709 1938 Latino
1734 1873 1861 1954 uti3
1908 1872 2133 1940 Cicero
2158 1871 2362 1939 Atho
2378 1894 2549 1938 nem
2584 1873 2747 1939 dixit
2781 1876 2879 1956 (et

575 1982 940 2066 Athone),
988 1981 1290 2048 Valerius
1336 1981 1508 2046 Mar.
1547 1980 1623 2063 (I,
1671 1985 1707 2046 6
1756 1987 1886 2048 ext.
1930 1980 2011 2063 1),
2057 1980 2249 2061 Mela,
2295 1980 2545 2047 Plinius
2594 1981 2878 2062 Athon,

579 2092 818 2176 quibus
845 2092 1100 2157 Livium
1134 2111 1281 2155 mea
1316 2091 1696 2155 coniectura
1730 2089 2047 2173 adiungit.
2097 2088 2318 2173 [Apud
2353 2090 2638 2156 Plinium
2674 2090 2883 2157 Deth-

573 2200 887 2266 lefsenius
926 2198 1126 2265 semel
1171 2198 1433 2264 Athon
1468 2196 1570 2263 bis
1618 2197 1780 2264 Ath
1800 2220 1856 2280 0,
1894 2196 2219 2280 edidit.]¹)
2265 2198 2342 2262 In
2373 2199 2687 2282 proximis
2712 2197 2774 2281 (ἓ
2807 2199 2881 2281 5)

573 2330 694 2393 pro
740 2310 967 2391 ignota
1011 2307 1381 2373 Vettiorum
1425 2311 1640 2390 gente,
1688 2327 1831 2388 quae
1874 2308 1943 2371 in
1988 2307 2189 2372 tertia
2234 2305 2633 2372 Macedoniae
2692 2313 2883 2391 parte

573 2417 746 2482 inter
776 2416 1013 2480 Axium
1051 2421 1117 2481 et
1148 2405 1436 2480 Pe'neum
1472 2416 1761 2498 ponitur,
1807 2416 2028 2480 nescio
2073 2435 2155 2479 an
2203 2414 2661 2480 substituenda
2704 2414 2886 2481 Bot-

573 2523 939 2589 tiaeorum
984 2523 1103 2603 sit;
1149 2529 1326 2588 certe
1372 2524 1439 2587 in
1487 2543 1565 2586 ea
1607 2523 1872 2606 regione
1917 2522 2015 2586 illi
2058 2522 2344 2588 fuerunt.
2424 2522 2560 2605 [Sic
2605 2523 2883 2589 Dederi-

575 2629 758 2698 chius
845 2635 1006 2697 1855
1085 2631 1153 2696 in
1241 2630 1627 2716 praefatione
1705 2630 2003 2697 Frontini
2078 2655 2141 2716 p.
2219 2630 2305 2712 X3
2382 2633 2517 2698 iam
2591 2630 2887 2699 Niebuh-

573 2740 710 2806 rius
775 2738 1366 2823 Bottiorum.]²)
1455 2739 1770 2804 Extrema
1832 2760 1984 2823 pars
2054 2741 2290 2823 capitis
2358 2739 2417 2823 (ξ
2497 2740 2564 2822 8)
2645 2742 2715 2806 in
2771 2762 2883 2807 co·-

621 2961 667 3028 ¹)
706 2959 987 3030 [Aliorum
1025 2965 1261 3016 conatus
1300 2965 1456 3015 recte
1493 2959 1861 3029 reprehendi,
1898 2960 1999 3015 sed
2035 2958 2372 3015 emendandi
2419 2960 2512 3014 via
2556 2960 2678 3030 ipse
2725 2960 2881 3015 aber-

707 3047 854 3113 ravi,
917 3047 1026 3101 etsi
1087 3047 1338 3102 intellexi
1401 3052 1532 3101 ante
1596 3046 1736 3099 alii
1799 3046 2229 3114 insulamque
2282 3045 2630 3100 Euboeam
2686 3045 2879 3099 deesse

708 3131 937 3201 aliquid,
995 3132 1147 3201 quod
1200 3149 1325 3186 cum
1362 3131 1595 3186 Euboea
1632 3132 2086 3201 coniungeretur.
2159 3129 2271 3184 Sed
2305 3135 2363 3184 et
2397 3130 2716 3185 Acanthum
2755 3132 2880 3186 sine

705 3217 1033 3272 testimonio
1079 3216 1282 3272 idoneo
1330 3218 1460 3273 huic
1497 3222 1766 3287 portuum
1816 3216 2092 3272 mentioni
2129 3217 2443 3286 interposui
2496 3222 2553 3271 et
2608 3234 2735 3269 cum
2788 3217 2878 3269 in-

709 3302 1033 3371 aequalitate
1096 3303 1322 3372 ingrata
1374 3302 1481 3370 (ad
1544 3300 1865 3357 Toronen
1917 3329 1985 3340 —
2038 3301 2120 3355 ad
2172 3307 2475 3356 montem
2526 3302 2760 3356 Athon
2814 3306 2881 3356 et

707 3385 1120 3455 Acanthum)
1177 3392 1233 3441 et
1287 3387 1357 3441 ad
1409 3387 1668 3441 lacunam
1721 3386 1929 3441 frustra
1981 3386 2236 3458 confugi,
2293 3405 2463 3457 quum
2496 3387 2622 3457 ipsa
2657 3386 2754 3440 illa
2788 3387 2873 3440 in·

708 3472 1000 3541 oequalitas
1038 3472 1336 3526 admonere
1372 3472 1665 3542 potuisset,
1703 3472 1806 3526 sub
1841 3473 1955 3527 illis
1984 3473 2203 3539 litteris,
2234 3490 2301 3527 ex
2328 3472 2529 3543 quibus
2568 3477 2638 3527 et
2663 3472 2880 3526 Acan-

705 3556 898 3627 thum
924 3557 1099 3626 effeci,
1128 3558 1188 3612 id
1215 3558 1405 3624 latere,
1433 3557 1584 3626 quod
1605 3558 1939 3626 quaerebam.
1975 3558 2062 3612 Ex
2093 3559 2555 3613 athoeneaeuo
2591 3556 2657 3610 fit
2692 3557 2877 3611 Atho

705 3642 772 3695 in
823 3641 1019 3709 fano;
1076 3643 1228 3711 quod
1281 3643 1442 3698 deest
1493 3644 1625 3697 huic
1678 3644 1834 3709 voci,
1887 3645 2102 3711 nium,
2160 3661 2229 3697 ex
2273 3661 2338 3698 eo
2374 3644 2663 3709 librarius,
2708 3649 2878 3711 capto

707 3726 871 3780 initio
910 3744 980 3780 ex
1015 3728 1228 3797 syllaba
1262 3746 1346 3783 uo
1384 3735 1441 3783 et
1474 3728 1581 3783 hac
1619 3729 1890 3797 adhibita,
1927 3728 2113 3783 effecit
2149 3734 2404 3784 uocant
2436 3728 2631 3783 hunc.
2707 3726 2778 3782 Id
2803 3744 2880 3782 ne

706 3812 795 3865 cui
831 3811 1160 3867 incredibile
1196 3813 1478 3882 videatur,
1527 3814 1750 3869 attendi
1785 3814 1957 3869 velim
2004 3815 2234 3884 (praeter
2279 3831 2369 3881 ea,
2407 3831 2532 3883 quas
2570 3831 2743 3884 supra
2775 3829 2878 3883 po-

706 3896 792 3951 sui
843 3913 898 3965 p.
947 3896 1049 3950 597
1100 3899 1262 3967 not.)‚
1319 3899 1561 3968 primum
1614 3917 1661 3954 c.
1708 3901 1792 3967 34,
1850 3902 1914 3953 10
1967 3916 2036 3955 ex
2071 3899 2466 3955 finiendum
2512 3898 2720 3954 factum
2755 3914 2880 3953 esse

704 3982 916 4038 finem
971 3981 1152 4051 dum,
1207 3982 1439 4051 deinde,
1494 3985 1648 4053 quod
1683 3985 1987 4040 notabilius
2023 3992 2109 4040 est
2146 3990 2203 4040 et
2236 3985 2400 4040 huius
2435 3984 2549 4039 loci
2586 3983 2763 4039 errori
2796 3984 2875 4038 si-

699 4069 848 4138 mile,
883 4086 928 4123 c.
967 4070 1051 4135 39,
1092 4070 1155 4123 13
1191 4085 1261 4123 ex
1296 4074 1590 4127 auctore
1627 4070 1865 4125 seruio
1909 4070 2110 4140 galba
2146 4070 2409 4126 effectum
2445 4075 2742 4125 auctore
2779 4085 2879 4124 se·

701 4160 869 4209 runt
903 4155 1015 4210 ulo
1052 4153 1277 4224 galba.
1347 4155 1534 4224 Atque
1588 4173 1658 4212 ex
1694 4156 1893 4211 eodem
1927 4173 2134 4226 genere
2186 4163 2274 4212 est
2313 4156 2459 4211 illud
2493 4156 2554 4210 in
2588 4172 2638 4210 c.
2678 4157 2766 4222 39,
2808 4154 2875 4207 15

701 4256 772 4293 ex
803 4239 1016 4294 hodie
1051 4245 1242 4295 natum
1281 4240 1410 4295 hoc
1449 4240 1701 4296 dicere.
1779 4240 2098 4312 scripserat
2130 4241 2305 4312 igitur
2346 4241 2566 4296 Livius:
2617 4244 2876 4310 portus

704 4341 738 4378 a
776 4323 1061 4379 Torone
1108 4342 1181 4381 ac
1219 4330 1444 4380 monte
1482 4327 1667 4380 Atho
1703 4327 1775 4380 in
1825 4325 2205 4382 Favonium
2260 4327 2384 4381 alii
2435 4326 2876 4394 insulamque

700 4408 1072 4477 Euboeam,
1111 4415 1308 4480 estque
1341 4411 1402 4464 id
1437 4411 1508 4465 ad
1542 4429 1663 4466 rem
1700 4412 2063 4481 aptissimum.
2125 4411 2294 4482 1864]

611 4496 663 4561 ⁹)
702 4492 757 4563 [ξ
794 4497 827 4547 7
863 4494 933 4549 de
968 4494 1170 4550 ritibus
1204 4513 1320 4551 non
1355 4497 1571 4566 agitur5
1608 4496 1857 4553 subsitne
1893 4496 2065 4565 aliud,
2102 4501 2268 4567 atque
2302 4498 2365 4553 in
2401 4496 2651 4553 editione
2685 4495 2868 4565 posui,

702 4596 926 4634 mores
961 4596 1154 4647 suos,
1190 4580 1425 4651 nescim]
