3230 5282
1450 626 1520 686 11

321 810 559 877 eodem
604 798 821 894 capite
869 806 903 892 ἓ
957 812 1033 873 13
1081 808 1163 874 de
1209 830 1280 874 re
1328 808 1620 891 eadem);
1664 831 1819 875 nam
1865 814 2103 877 omisso
2152 833 2207 874 ιιι
2254 833 2334 876 ex
2377 811 2642 876 mediu

321 926 551 985 natum
598 924 702 983 est
750 917 1032 997 medio,
1093 918 1554 1001 contrarioque
1601 939 1842 1001 errore,
1888 920 2117 986 addito
2165 942 2238 1001 ιιι,
2284 920 2398 1000 ΙΠ,
2446 923 2544 1000 36,
2593 925 2629 983 5
2668 920 2777 989 (10)

324 1036 548 1095 ortum
608 1028 686 1092 in
744 1033 1040 1092 senatu
1100 1027 1360 1092 autin
1405 1026 1796 1111 populum
1843 1030 2212 1094 misisset
2259 1028 2462 1112 (quod
2507 1034 2641 1093 tres

322 1137 425 1202 illi
469 1137 759 1203 editores
805 1134 1210 1217 tenuerunt),
1269 1136 1392 1200 nisi
1439 1135 1619 1219 quod
1663 1135 1757 1200 ibi
1802 1139 2029 1203 nocuit
2074 1138 2273 1203 etiam
2319 1158 2374 1199 ιιι
2419 1137 2643 1201 littera

328 1267 615 1329 sequens
672 1245 775 1323 (ut
830 1244 902 1323 V,
962 1247 1074 1322 32,
1135 1247 1194 1323 3,
1256 1242 1336 1307 de
1391 1264 1523 1327 quo
1578 1241 1726 1308 loco
1786 1244 2047 1328 dicam).
2069 1246 2117 1326 ¹)
2228 1247 2500 1324 Verum,
2569 1250 2644 1309 ut

323 1356 491 1433 dixi,
579 1352 706 1419 hoc
782 1351 1003 1417 mendi
1079 1372 1316 1436 genere
1395 1353 1727 1417 sententia
1803 1352 1940 1419 fere
2018 1376 2149 1420 non
2219 1353 2643 1431 obscuratum

323 1465 591 1548 gravius
637 1461 919 1527 alterum
965 1467 1069 1526 est
1111 1482 1340 1545 genuS,
1388 1459 1565 1542 quod
1610 1461 1679 1524 in
1723 1460 1888 1525 Livii
1927 1462 2227 1528 codicum
2262 1462 2641 1545 archetype,

324 1580 399 1638 ut
463 1574 533 1637 in
589 1570 738 1636 aliis
797 1568 1135 1634 codicibus
1190 1568 1483 1650 antiquis
1540 1567 1768 1650 (etiam
1829 1569 2103 1651 Graecis)
2160 1570 2293 1636 late
2352 1571 2642 1654 patuisse

325 1679 723 1765 significavi,
782 1685 856 1742 ut
902 1698 1094 1743 voces
1140 1697 1326 1755 casu,
1384 1696 1653 1759 genere,
1711 1699 1983 1744 numero
2031 1701 2231 1763 prave
2277 1700 2641 1743 accommo-

326 1790 651 1854 darentur
706 1786 793 1851 ad
847 1786 1125 1863 vicinae,
1196 1785 1373 1870 quod
1433 1793 1548 1852 aut
1603 1785 1913 1852 librarius
1961 1808 2071 1852 eas
2118 1810 2268 1852 cum
2312 1788 2444 1851 illis
2492 1808 2643 1852 con-

326 1900 594 1962 iunctas
684 1901 953 1979 putaret
1035 1901 1152 1958 aut
1233 1894 1468 1958 saltem
1551 1894 1830 1960 obscure
1897 1896 1964 1960 in
2032 1897 2250 1961 animo
2320 1895 2644 1960 calamum

324 2006 591 2089 regenti
666 1991 950 2067 llaereret
1026 2002 1252 2066 formae.
1328 2004 1770 2083 grammaticae
1849 2005 2143 2087 proxime
2211 2004 2646 2089 praecedentis

324 2113 651 2179 memoria
709 2110 1080 2195 proximeve
1139 2110 1476 2192 sequentis
1523 2111 1841 2193 cogitatio
1888 2113 2377 2195 praeciperetur.
2484 2110 2689 2194 [cfr.,

326 2222 494 2288 Adv.
530 2220 695 2286 crit.
730 2218 781 2298 I,
828 2222 906 2282 52
946 2216 1115 2300 sqq]
1186 2218 1399 2282 Huius
1444 2219 1702 2301 generis
1748 2241 1783 2283 e
1830 2218 2001 2283 libro
2049 2221 2248 2284 tertio
2294 2228 2361 2284 et
2405 2225 2644 2304 quarto

326 2328 639 2413 exempla
680 2326 821 2391 haec
866 2330 1051 2390 sunt:
1097 2324 1213 2405 111,
1255 2330 1314 2405 6,
1350 2330 1392 2396 ‚3
1430 2346 1521 2391 ea
1565 2325 2041 2392 colluvione
2089 2327 2236 2412 (pro
2283 2326 2644 2392 colluvio

324 2445 603 2524 propter
653 2439 1004 2518 sequentes
1051 2433 1435 2515 ablativos),
1499 2438 1556 2514 9,
1623 2439 1700 2498 10
1747 2457 1903 2499 non
1948 2434 2164 2500 illud
2212 2436 2646 2502 consulare

322 2546 756 2631 imperium
814 2543 994 2625 (non
1051 2542 1337 2624 illum),
1413 2548 1519 2623 13,
1577 2547 1619 2607 8
1677 2542 1921 2608 vades
1980 2543 2364 2627 publicos
2422 2544 2647 2609 dedit

328 2655 707 2741 (publico
764 2657 946 2717 recte
997 2652 1364 2718 Gronovius
1418 2653 1680 2718 restitui
1737 2651 1975 2731 voluit,
2034 2653 2349 2737 publici
2407 2653 2649 2719 vades

329 2770 556 2829 essent
602 2785 644 2827 a
686 2760 932 2846 populo
979 2760 1149 2841 dati,
1205 2781 1338 2826 non
1384 2760 1677 2845 populo),
1740 2765 1836 2841 18,
1895 2765 1931 2824 3
1979 2761 2467 2827 demerendo
2512 2762 2650 2827 be·

329 2872 643 2938 neficio
690 2868 1247 2950 (demerendi),
1308 2873 1408 2947 34,
1470 2874 1508 2933 6
1555 2869 1655 2935 ad
1697 2889 2064 2934 rumores
2110 2869 2514 2934 hominum
2560 2870 2650 2934 de

332 2998 824 3062 unoquoque
884 2976 1154 3059 legum
1212 2978 1491 3061 capite
1552 2977 1772 3043 edito
1834 2977 2133 3059 (editos
2180 2978 2488 3043 Dukerus
2547 3000 2650 3043 re-

331 3090 524 3154 stitui
582 3089 725 3153 iure
782 3086 1020 3165 voluit3
1087 3087 1314 3152 nocuit
1367 3086 1651 3152 fortasse
1711 3087 1909 3151 etiam
1966 3107 2247 3169 sequens
2303 3087 2528 3152 littera
2571 3087 2649 3168 s),

331 3201 443 3275 40,
501 3201 541 3259 7
586 3215 1114 3279 quoscunque
1160 3196 1695 3277 magistratus
1743 3194 2335 3277 (quodcunque,
2395 3195 2475 3259 de
2521 3215 2652 3276 quo

332 3306 486 3373 loco
535 3323 832 3370 seorsum
876 3301 1139 3384 dicam),
1194 3302 1328 3367 ibd.
1383 3307 1454 3366 11
1505 3302 1597 3367 de
1647 3324 1733 3368 eo
1781 3324 1934 3387 quo
1979 3302 2363 3382 Valerius
2408 3303 2650 3368 Hora·

330 3416 686 3495 tiusque
751 3445 840 3456 —
904 3411 1390 3476 insimulent
1470 3410 1590 3492 (de
1671 3433 1791 3491 eo,
1874 3411 2120 3493 quod3
2201 3431 2476 3494 pravum
2542 3409 2652 3475 Al-

331 3520 724 3598 schefskius,
761 3518 1352 3594 Weissenbornius,
1388 3497 1698 3584 Hertzius
1735 3520 1944 3584 secuti
1980 3519 2179 3600 sunt),
2220 3524 2319 3595 50,
2357 3522 2394 3583 6
2422 3518 2653 3600 (filiae

402 3744 441 3807 Ῐ)
476 3741 564 3795 De
600 3739 797 3793 eodem
832 3739 1040 3792 erroris
1076 3755 1284 3808 genere
1322 3739 1379 3794 in
1416 3739 1612 3794 codice
1651 3738 1885 3793 Puteani
1924 3744 1981 3793 et
2016 3740 2188 3794 tertia
2224 3740 2434 3795 decade
2472 3741 2655 3796 dicam

476 3825 729 3880 breviter
765 3823 836 3878 ad
872 3824 1074 3891 XXIII,
1119 3827 1169 3891 3,
1219 3827 1264 3878 3.
1350 3824 1481 3880 Non
1515 3841 1662 3894 nego
1698 3824 1819 3878 fieri
1855 3826 2133 3893 potuisse,
2180 3830 2245 3879 ut
2277 3825 2441 3880 Livio
2479 3827 2653 3880 semel

484 3912 765 3966 iterumve
794 3910 899 3964 sub
927 3928 1167 3965 acumen
1193 3910 1307 3964 stili
1339 3911 1560 3966 venerit
1593 3911 1662 3963 in
1696 3915 2135 3980 potestatem,
2172 3911 2240 3964 in
2278 3912 2655 3965 amicitiam

483 3996 780 4061 alicuius
817 4013 995 4062 esse3
1031 4001 1090 4050 et
1124 4000 1317 4050 tamen
1352 3996 1475 4051 hoec
1513 3996 1691 4050 multo
1728 3997 1940 4051 rectius
1978 4014 2048 4050 ex
2085 3997 2333 4065 antiquis
2362 3996 2654 4051 codicibus

480 4082 743 4136 adnotari
778 4099 945 4150 quam
982 4082 1043 4136 in
1077 4087 1401 4136 nostrarum
1439 4081 1751 4136 editionum
1786 4087 2051 4136 contextu
2084 4099 2198 4137 uno
2227 4087 2281 4137 et
2316 4082 2497 4137 altero
2527 4084 2655 4138 loco

478 4167 622 4238 poni
660 4173 833 4237 pute,
887 4167 1112 4236 quando
1162 4166 1387 4236 quidem
1432 4167 1493 4221 in
1539 4167 1795 4236 pluribus
1833 4168 1976 4222 locis
2010 4169 2313 4222 retinemus
2351 4168 2418 4223 in
2454 4173 2651 4238 pote·

482 4259 686 4308 state.
768 4252 955 4307 Codex
1000 4252 1228 4322 quidem
1266 4252 1556 4309 Mediceue
1600 4254 1771 4322 longe
1809 4254 2014 4323 saepius
2052 4271 2220 4323 quam
2258 4254 2456 4321 ceteri,
2503 4256 2655 4323 quod

482 4339 715 4408 quidem
751 4343 990 4406 constet,
1027 4354 1073 4390 ιιι
1109 4356 1281 4408 prave
1317 4338 1574 4393 additum
1608 4339 1797 4406 habet,
1836 4357 1906 4394 ex
1941 4356 2052 4408 quo
2089 4356 2202 4393 uno
2240 4357 2363 4408 quae
2400 4346 2654 4394 monstra

484 4422 873 4479 Alschefskius
916 4424 978 4478 in
1019 4423 1167 4479 Livii
1213 4424 1524 4479 orationem
1567 4424 1822 4479 intulerit
1868 4426 2044 4495 (velut
2077 4425 2235 4493 vm,
2296 4428 2376 4493 12,
2430 4428 2463 4479 5
2497 4443 2652 4495 par-

487 4512 659 4564 tium
696 4511 764 4564 in
800 4527 935 4564 rem
972 4510 1326 4580 publicam
1360 4508 1729 4577 memores),
1765 4511 1943 4580 pudet
1978 4512 2182 4567 dicere.
