3230 5282
1514 573 1638 635 599

403 753 921 837 consultum),
970 743 1513 837 quemadmodum
1547 757 1773 836 XLIV,
1822 761 1921 838 36,
1978 760 2054 821 13
2100 778 2220 841 pro
2266 755 2505 821 hodie
2556 758 2719 840 qui-

403 883 601 926 esse
646 863 911 946 scripsit
954 865 1088 946 qui
1143 864 1382 930 hodie
1443 887 1648 930 esse.
1739 863 1930 946 (Cfr.,
1978 886 2122 948 quas
2169 865 2383 930 dicam
2430 865 2508 930 de
2554 864 2718 945 XLI,

423 974 480 1050 1,
524 968 612 1051 8.)
683 968 844 1035 Cum
888 972 1015 1037 hoc
1061 973 1303 1039 erroris
1348 995 1584 1057 genere
1622 975 1985 1039 coniunctae
2023 979 2176 1038 sunt
2220 994 2410 1039 voces
2456 981 2572 1038 aut
2616 974 2749 1039 bis·

400 1079 729 1143 -continuo
790 1081 1051 1163 scriptae
1120 1080 1222 1164 (ut
1266 1082 1557 1147 eiusdem
1599 1082 1753 1172 ‚libri
1796 1082 2011 1146 XLIII
2066 1103 2119 1146 c.
2172 1081 2397 1161 11,'10
2440 1081 2569 1146 hae:
2640 1083 2719 1146 in

400 1187 605 1253 trib.
664 1188 842 1267 mil.‚
898 1194 1184 1254 contra
1241 1190 1434 1254 illos
1499 1191 1577 1253 in
1636 1190 2088 1268 consulum)
2136 1196 2255 1254 aut
2302 1189 2498 1273 paulo
2546 1196 2716 1272 post,

422 1295 613 1360 oculo
660 1295 746 1360 ad
805 1297 1148 1379 superiora
1204 1297 1552 1378 redeunte,
1619 1298 1859 1363 iterum
1912 1299 2318 1380 interpositae
2367 1297 2467 1378 (ut
2512 1319 2564 1362 c.
2621 1304 2715 1376 12,

400 1407 490 1467 ·9:
539 1425 726 1468 cura
770 1405 1186 1488 praebebat
1250 1408 1329 1469 in
1397 1406 1740 1471 classem
1797 1427 1987 1471 cura
2040 1405 2183 1470 ille
2240 1426 2390 1489 pro:
2449 1427 2716 1470 curam

419 1511 857 1595 praebebat.
958 1513 1045 1578 In
1114 1515 1459 1579 classem
1523 1514 1773 1595 mille,
1842 1522 1911 1579 et
1976 1535 2028 1578 c.
2104 1517 2200 1592 13,
2270 1518 2337 1578 5:
2408 1535 2570 1595 quae
2636 1515 2718 1578 in

403 1619 630 1685 -colle
679 1626 802 1685 est
848 1621 997 1686 duo
1045 1622 1370 1686 diversa
1413 1621 1790 1707 prodigia
1822 1624 2113 1706 quaein
2148 1621 2536 1703 collecm).
2606 1623 2716 1687 In-

417 1728 675 1793 terdum
720 1729 1028 1794 librarius
1075 1751 1262 1795 voces
1309 1731 1440 1795 iam
1486 1731 1767 1814 scriptas
1812 1733 2053 1796 iterum
2097 1731 2375 1815 scripsit,
2421 1738 2494 1796 ut
2538 1752 2717 1796 erro-

417 1857 554 1901 rem
598 1838 666 1902 in
713 1838 791 1902 iis
836 1839 1250 1902 commissum
1296 1840 1682 1921 corrigeret,
1730 1839 1845 1904 sed
1888 1861 2037 1905 raro
2084 1839 2152 1903 id
2200 1840 2259 1904 ei
2316 1841 2412 1904 ita
2457 1860 2715 1905 succes-

405 1946 524 2022 sit,
570 1954 808 2011 utnon
844 1954 962 2011 aut
994 1954 1249 2030 partem
1286 1947 1524 2011 erroris
1557 1946 1964 2031 relinqueret
1998 1953 2115 2011 aut
2150 1969 2389 2012 novum
2423 1948 2716 2029 adderet,

397 2054 597 2119 >velut
640 2056 706 2118 in
752 2055 862 2119 lib.
911 2054 1108 2135 XLII,
1167 2060 1266 2131 34,
1332 2060 1439 2118 15:
1510 2055 1896 2121 adversus
1963 2055 2528 2137 magistratum
2593 2078 2715 2122 se-

397 2170 822 2245 natusque
890 2165 1471 2228 auctoritatem
1550 2164 1617 2228 is
1697 2185 1931 2247 quam
1997 2163 2436 2229 feceritais
2504 2186 2715 2229 nunc

399 2293 730 2356 quoque
798 2273 879 2337 in
944 2279 1362 2356 potestate
1425 2292 1512 2336 ac
1578 2278 2068 2354 senatusque
2126 2274 2716 2338 auctoritatem

417 2398 673 2464 usque
718 2367 1087 2446 feceritis
1133 2402 1342 2445 nunc
1390 2402 1705 2464 quoque
1750 2380 1827 2443 in
1872 2385 2291 2463 potestate
2347 2401 2437 2445 ac
2484 2402 2715 2446 sena-

413 2493 546 2553 tus
615 2489 1076 2555 consultum
1134 2511 1337 2568 esse,
1405 2497 1524 2553 aut
1565 2490 1636 2553 in
1678 2487 1903 2567 XLIV,
1952 2491 2051 2568 33,
2098 2493 2154 2568 6,
2202 2488 2319 2554 ubi
2365 2490 2459 2555 sic
2506 2492 2715 2574 scrip-

399 2597 530 2662 sit:
579 2596 786 2663 alios
831 2597 1066 2663 nimis
1114 2597 1260 2682 (pro
1307 2596 1590 2680 minus)
1626 2597 1936 2679 facere3
1982 2598 2385 2664 clamores
2423 2597 2715 2664 deinde

416 2706 797 2772 dissonos
876 2705 1190 2772 ostalos
1267 2708 1529 2771 minus
1596 2706 1872 2771 facere
1952 2707 2349 2771 clamores
2420 2706 2714 2772 deinde

395 2815 797 2880 -dissonos
866 2816 1136 2880 sorori
1201 2814 1570 2879 omnibus
1638 2814 1939 2894 locis.¹)
2030 2813 2248 2879 Unum
2307 2823 2410 2880 est
2469 2816 2711 2880 erroris

393 2944 618 3007 ⁴genus
662 2924 732 2988 in
776 2922 1001 2989 codice
1048 2922 1553 3001 Vindobonensi,
1602 2924 1728 2988 etsi
1762 2944 1896 2988 non
1930 2943 2200 3006 prorsus
2239 2944 2314 2988 eo
2360 2930 2562 3000 caret,
2609 2929 2709 2987 ta-

413 3053 563 3097 men
620 3033 780 3097 satis
847 3052 1098 3110 rarum,
1143 3030 1594 3095 additamenta
1656 3030 1800 3094 dico
1856 3031 1925 3094 in
1972 3029 2137 3094 Livii
2198 3031 2563 3096 orationem
2607 3052 2710 3096 re·

399 3147 626 3224 cepta.
715 3138 1319 3204 Manifestissimum
1377 3138 1643 3222 quidem
1698 3139 1985 3202 omnium
2046 3137 2240 3204 huius
2295 3139 2554 3222 generis
2602 3160 2710 3204 ex-

397 3248 697 3332 -emplum
763 3256 865 3313 est
929 3248 997 3311 in
1052 3246 1199 3312 libr.
1269 3246 1442 3325 XLI,
1518 3250 1613 3327 18,
1682 3252 1719 3311 6
1789 3245 2109 3328 (Eodem
2173 3247 2457 3331 paucis
2524 3255 2713 3332 post

395 3356 708 3421 -diebus
754 3355 822 3421 G.
871 3355 1250 3420 Valerius
1298 3354 1588 3419 consul
1634 3354 1851 3420 alter
1894 3354 2165 3437 venit),
2213 3355 2326 3420 ubi
2371 3355 2438 3419 in
2485 3356 2707 3421 codice

411 3471 563 3548 post
606 3464 882 3529 eodem
927 3464 1192 3529 additur
1233 3470 1617 3547 tempore.
1684 3463 1834 3528 Alia
1877 3470 2114 3530 notata
2159 3471 2315 3528 sunt
2359 3471 2476 3529 aut
2518 3473 2707 3530 nota-

405 3572 657 3637 buntur
693 3572 890 3652 XLII,
945 3577 1039 3652 17,
1087 3577 1143 3651 6,
1180 3594 1231 3637 c.
1271 3577 1371 3652 27,
1421 3576 1456 3637 5
1497 3571 1706 3653 (qui),
1754 3591 1805 3635 c.
1845 3575 1944 3651 28,
2001 3575 2095 3652 13,
2143 3572 2365 3653 XLIV,
2413 3578 2467 3653 5,
2521 3577 2596 3637 12
2644 3582 2711 3638 et

394 3684 510 3759 .39,
565 3685 616 3758 1,
664 3680 854 3760 XLV,
902 3684 1002 3761 26,
1057 3686 1131 3744 12
1168 3680 1333 3761 (vid.
1381 3704 1443 3765 p.
1496 3681 1625 3762 70).

579 3789 987 3854 Recentioris
1071 3809 1302 3853 manus
1381 3789 1825 3854 correctiones
1891 3790 1958 3853 in
2025 3790 2150 3855 hoc
2213 3790 2440 3856 codice
2506 3792 2704 3856 nullae

291 3880 301 3892 ⁹
393 3903 580 3962 :sunt.
672 3896 847 3981 (Ipse
894 3897 1203 3963 librarius
1260 3897 1519 3962 litteras
1570 3896 1879 3963 delendas
1937 3904 2182 3983 puncto
2241 3921 2443 3983 supra
2486 3901 2704 3982 posito

389 4003 707 4087 enotavit.)

705 4178 867 4186 *-

446 4276 504 4343 ·²)
540 4277 713 4347 XLII,
755 4282 837 4346 58,
873 4282 910 4333 9
943 4284 1001 4333 et
1039 4281 1104 4333 10
1140 4297 1207 4334 ex
1242 4280 1352 4333 his:
1403 4280 1978 4348 iaculatoresque
2014 4278 2699 4349 quadringentorum,

542 4382 709 4433 quum
745 4365 1060 4419 aberrasset
1092 4365 1152 4418 in
1188 4383 1466 4420 concursu
1500 4363 1699 4419 harum
1726 4365 2044 4419 litterarum
2093 4382 2237 4433 equ,
2275 4363 2483 4418 effecit:
2519 4364 2702 4416 iacu-

535 4450 943 4520 latoresque
980 4451 1286 4519 equitum
1323 4468 1467 4519 quae
1506 4451 1809 4519 equitum
1849 4450 2545 4520 quadringentorum.

1293 4722 1450 4859 1¹-

941 4906 1274 5167 κ*

1820 4790 1987 4899 *N
