3230 5282
1469 606 1498 665 1
1512 605 1587 666 15
2426 617 2552 673 Lib.
2590 619 2683 674 lv.

365 793 542 857 enim
587 811 642 856 c.
669 795 773 871 43,
823 794 899 854 11
951 788 1197 854 dicitur
1238 789 1370 853 vix
1415 787 1746 854 deorum
1790 790 2103 874 opibus,
2159 791 2357 874 quin
2402 790 2685 858 obrua-

362 908 503 966 tur
545 901 908 965 Romana
960 919 1125 978 res,
1183 897 1472 963 resisti
1515 917 1781 981 posse.
1893 897 2024 965 Sed
2069 898 2253 983 aliud
2294 899 2464 966 latet
2505 921 2685 964 men·

364 1010 555 1090 dum3
622 1008 1037 1092 ineptissime
1102 1007 1278 1071 enim
1338 1005 1435 1088 (in
1490 1005 1725 1071 auxilii
1779 1006 2142 1090 mentione)
2198 1007 2471 1073 additur
2526 1030 2685 1074 om-

359 1120 614 1195 nium,
670 1115 862 1200 quasi
920 1115 1002 1180 de
1060 1134 1384 1180 concursu
1443 1116 1734 1180 omnium
1779 1116 2105 1199 cogitetur
2148 1116 2236 1181 ad
2280 1116 2350 1181 id
2396 1116 2717 1182 efficien-.

363 1227 542 1307 dum,
589 1224 770 1308 quod
812 1225 1164 1309 pauciores
1209 1228 1559 1305 nequeant.
1661 1223 1884 1307 Longe
1929 1223 2122 1289 aliter
2166 1225 2234 1289 in
2278 1226 2683 1291 exsecrando

361 1356 515 1400 cum
592 1333 881 1398 ridicula
958 1332 1472 1415 exaggeratione
1552 1331 1657 1396 dei
1735 1352 1963 1397 omnes
2045 1331 2333 1415 aliquem
2410 1334 2685 1417 perdere

364 1443 687 1509 iubentur
741 1445 811 1506 et
865 1439 954 1506 acl
1010 1440 1288 1505 eundem
1345 1438 1615 1504 modum
1673 1440 1808 1505 alia
1853 1440 2182 1507 dicuntur.
2292 1441 2549 1521 Livius,
2616 1444 2685 1507 ni

367 1551 596 1631 fallor,
664 1549 1052 1634 scripserat:
1120 1547 1276 1612 vix-
1322 1568 1467 1630 ope
1535 1547 1864 1614 deorum
1922 1549 2447 1627 hominu-que
2505 1549 2684 1612 sisti

359 1661 809 1745 potuisset.
920 1656 1044 1720 Vix
1100 1654 1306 1721 ullam
1363 1655 1653 1721 divinam
1708 1656 2145 1722 humanamve
2205 1678 2398 1741 opem
2455 1656 2686 1722 suffec-

362 1776 592 1833 turam
657 1765 864 1832 fuisse
931 1764 1111 1830 dicit.
1237 1764 1336 1828 De
1415 1765 1838 1831 commutatis
1903 1765 2121 1830 verbis
2186 1765 2552 1831 homines
2620 1772 2687 1831 et

359 1897 636 1941 omnes
680 1874 846 1940 nihil
891 1894 1055 1958 opus
1099 1879 1201 1938 est
1243 1871 1393 1937 dici.

545 1982 703 2068 Cap.
754 1987 862 2062 19,
925 1988 994 2046 5:
1062 1980 1163 2063 (A.
1214 1978 1556 2046 Cornelius
1615 1978 1888 2063 Cossus)
1957 1987 2207 2064 caput
2273 1980 2685 2047 abscisum

359 2089 758 2175 (Tolumnii)
815 2090 1088 2156 victor
1145 2087 1469 2172 spiculo
1526 2110 1820 2172 gerens
1865 2094 2189 2154 terrore
2234 2091 2417 2155 caesi
2463 2093 2683 2172 regis

355 2201 646 2266 hostes
690 2198 926 2265 fudit.
1029 2197 1159 2262 Ita
1203 2197 1567 2279 equitum
1611 2217 1936 2281 quoque
1981 2196 2162 2262 fusa
2206 2198 2458 2277 acies,
2517 2219 2686 2282 quae

359 2329 530 2373 una
571 2306 890 2373 fecerat
933 2326 1233 2389 anceps
1280 2311 1707 2372 certamen.
1776 2306 1900 2369 Vix
1946 2304 2256 2386 adducor,
2300 2311 2378 2372 ut
2423 2308 2685 2372 credam

360 2417 623 2482 Livium
677 2415 778 2480 ita
834 2414 1178 2509 scripsisse
1234 2433 1367 2478 non
1425 2413 1639 2479 solum
1694 2413 2106 2496 ineleganter
2161 2415 2443 2498 repetito
2487 2416 2684 2481 verbo

356 2524 620 2603 eodem,
676 2522 792 2588 sed
839 2542 991 2587 cum
1034 2527 1269 2606 aperta
1313 2521 1703 2606 tautologia,
1762 2523 2076 2605 quoniam
2123 2524 2377 2604 equites
2424 2545 2686 2608 quoque

354 2632 597 2698 hostes
656 2637 877 2729 erant..
975 2630 1070 2697 Ac
1133 2650 1218 2695 ne
1274 2629 1422 2713 ipsa
1489 2629 1756 2712 quidem
1811 2629 1952 2695 haec
2008 2629 2281 2696 ablativi
2337 2653 2483 2697 cum
2538 2631 2686 2698 fun-

359 2740 572 2806 dendi
652 2738 854 2805 verbo
936 2738 1018 2804 de
1086 2737 1375 2822 fugando
1442 2739 1663 2822 posito
1742 2739 2111 2805 coniunctio
2180 2738 2686 2823 reprehensione

367 2855 579 2914 caret.
693 2848 931 2931 Itaque
999 2845 1352 2911 videndum
1410 2854 1602 2931 puto,
1671 2868 1754 2911 ne
1813 2847 2034 2912 Livius
2093 2848 2458 2931 scripserit:
2526 2855 2687 2914 ter-

353 2978 553 3021 rore
611 2956 802 3021 caesi
858 2955 1076 3038 regis
1122 2954 1407 3021 hostes
1452 2954 1823 3036 perfudit.
1914 2955 2037 3021 Ita
2082 2956 2445 3040 equitum
2491 2977 2686 3038 quo-

350 3085 514 3149 que
558 3063 749 3129 fusa
792 3064 1012 3129 acies
1057 3068 1180 3129 cet.
1271 3061 1518 3144 (1861.)

537 3170 694 3256 Cap.
742 3175 848 3252 20,
894 3175 933 3235 8
978 3169 1235 3250 faciam,
1295 3171 1471 3253 quod
1514 3192 1667 3236 raro
1716 3171 1917 3252 soleo,
1970 3179 2045 3236 ut
2090 3178 2376 3237 veterem
2423 3173 2676 3237 coniec-
2712 3200 2822 3270 (96)

349 3287 580 3344 turam
629 3279 1022 3363 protraham
1067 3284 1133 3344 et
1181 3278 1546 3358 defendam,
1593 3280 1771 3363 quod
1817 3280 2117 3364 exemplo
2162 3280 2269 3344 hic
2311 3279 2498 3345 locus
2544 3300 2687 3345 esse

348 3391 608 3474 potest,
658 3408 858 3469 quam
902 3408 1074 3470 aegre
1119 3387 1451 3453 interdum
1499 3388 1697 3452 etiam
1744 3387 1810 3451 in
1856 3388 2221 3472 perspicuis
2268 3387 2467 3453 rebus
2502 3385 2687 3452 facil-

349 3497 544 3562 limis
614 3495 1189 3560 emendationibus
1258 3495 1586 3561 credatur.
1697 3495 2058 3578 Postquam
2115 3496 2289 3561 enim
2335 3496 2558 3561 Livius
2605 3496 2687 3562 de

349 3603 602 3689 spoliis
671 3604 910 3688 opimis
977 3603 1060 3668 ab
1107 3603 1182 3669 A.
1232 3600 1536 3668 Cornelio
1596 3602 1797 3669 Cosso
1866 3604 2133 3669 tribuno
2189 3604 2475 3670 militum
2529 3605 2685 3670 latis

349 3715 639 3794 eiusque
684 3712 782 3777 rei
827 3712 1207 3776 testimonio
1256 3711 1440 3790 dixit,
1496 3710 1638 3775 haec
1685 3711 1982 3780 subiicit:
2052 3713 2188 3794 qui
2235 3713 2302 3777 si
2348 3733 2440 3777 ea
2481 3712 2562 3778 in
2603 3733 2686 3777 re

348 3821 469 3885 sit
519 3840 784 3900 error,
845 3819 1056 3902 quod
1109 3823 1270 3885 tam
1325 3824 1649 3884 veteres
1708 3819 2047 3885 annales
2095 3819 2477 3904 quodque
2522 3842 2685 3885 ma-

345 3929 870 4013 gistratuum
924 3927 1128 3992 libri
1179 3962 1267 3972 —
1325 3928 1673 4011 septimo
1731 3907 1919 4011 post
1974 3928 2282 3993 demum
2339 3948 2546 3993 anno
2599 3964 2687 3973 —

344 4040 435 4103 A.
503 4033 982 4101 Cornelium
1052 4032 1386 4100 Cossum
1456 4035 1876 4100 consulem
1941 4034 2333 4116 habeant,
2402 4037 2685 4102 existi-

343 4144 619 4211 matio
679 4143 1125 4209 communis
1185 4143 1554 4209 omnibus
1600 4146 1742 4208 est.
1855 4141 2013 4208 Haec
2058 4165 2259 4226 quam
2304 4144 2438 4209 sint
2479 4166 2684 4228 nuga-

344 4253 571 4331 toria,
628 4250 1140 4316 consideremus.
1251 4251 1543 4316 Primum
1586 4250 1714 4316 hoc
1760 4250 1899 4333 qui
1945 4273 2171 4317 error
2213 4252 2377 4317 nihil
2422 4255 2683 4318 omnino

343 4361 586 4441 habet,
632 4381 768 4445 quo
813 4359 1173 4440 referatur3
1231 4379 1444 4442 neque
1489 4360 1660 4424 enim
1708 4359 1886 4424 ullus
1931 4367 2085 4426 ante
2135 4367 2685 4426 commemoratur

347 4490 580 4547 error,
652 4469 845 4533 cuius
914 4468 1207 4551 suspicio
1276 4488 1357 4532 ex
1423 4488 1501 4532 eo
1559 4466 1822 4532 demum
1876 4470 2203 4549 nascitur,
2272 4468 2451 4551 quod
2506 4488 2682 4533 nunc

2148 4587 2215 4641 8*
