3230 5282
1488 602 1562 663 17

356 808 573 871 genus
648 786 1130 872 interpretandi
1209 785 1676 871 explendique,
1760 806 1904 868 quae
1987 784 2213 852 deesse
2279 788 2677 869 viderentur,

362 896 840 981 perspexerint,
898 917 1032 960 non
1078 894 1497 961 dubitaturos
1544 892 1888 973 confidam,
1936 914 2138 976 quum
2182 898 2548 986 praesertim
2594 897 2675 962 de

360 1004 599 1072 codice
663 1005 1021 1089 archetypo
1087 1004 1288 1069 aliam
1353 1024 1490 1068 rem
1561 1024 1713 1068 cum
1768 1001 1895 1067 hac
1953 1004 2556 1071 coniunctissimam
2611 1012 2676 1071 et

360 1135 640 1199 prorsus
705 1111 1125 1178 manifestam
1192 1111 1419 1178 statim
1486 1112 1905 1196 expositurus
1963 1112 2103 1176 sim.
2213 1111 2381 1178 Sunt
2436 1120 2675 1193 autem,

360 1243 535 1305 quos
580 1221 892 1303 significo,
935 1221 1064 1287 1001
1108 1220 1206 1286 hi:
1255 1220 1306 1301 I,
1353 1223 1454 1299 29,
1501 1224 1539 1283 3
1587 1218 1909 1301 (obliti),
1955 1219 2039 1299 ΙΙ,
2089 1223 2184 1299 18,
2231 1225 2271 1285 4
2317 1219 2486 1302 (nec
2523 1243 2676 1305 quo

358 1330 625 1411 anno),
682 1335 785 1409 45,
848 1333 926 1394 16
973 1328 1262 1411 (Fabia
1305 1328 1544 1411 gens),
1599 1327 1717 1407 111,
1770 1333 1821 1408 1,
1869 1332 1904 1392 5
1953 1327 2572 1412 (propinquam),
2617 1335 2675 1410 5,

356 1444 406 1503 8
455 1438 700 1521 (cum),
763 1442 860 1517 19,
923 1441 995 1500 11
1047 1438 1139 1519 (si
1183 1435 1606 1519 tuleritis),
1658 1441 1759 1516 65,
1807 1440 1844 1500 6
1892 1435 2278 1519 (quoque),
2326 1436 2432 1518 IV,
2478 1443 2580 1518 21,
2629 1443 2666 1503 7
2705 1448 2820 1519 (16)

358 1548 544 1627 (aut
586 1544 936 1630 oppido),
984 1550 1085 1624 51,
1134 1550 1171 1610 3
1221 1543 1581 1629 (populi),
1630 1548 1730 1624 60,
1779 1548 1816 1609 3
1863 1544 2321 1628 (patribus),
2366 1546 2439 1626 V,
2484 1549 2586 1627 25,
2635 1551 2673 1611 8

357 1655 522 1737 (et),
572 1658 673 1734 53,
721 1660 758 1718 5
806 1652 1113 1736 (quam),
1156 1653 1264 1733 VI,
1313 1658 1371 1733 6,
1419 1658 1454 1717 5
1503 1651 2093 1735 (voluntarios),
2138 1652 2272 1717 ibd.
2309 1658 2347 1717 8
2395 1652 2675 1735 (dicta-

356 1761 671 1844 torem),
733 1766 831 1841 17,
888 1766 927 1825 2
976 1760 1477 1846 (populareS,
1534 1761 1647 1826 ubi
1705 1760 1819 1825 alii
1865 1782 2049 1825 suos
2096 1759 2242 1825 tolli
2286 1761 2675 1845 voluerant),

358 1876 471 1949 20,
532 1876 571 1936 8
617 1869 1102 1954 (produxit),
1164 1869 1336 1948 VIII,
1399 1874 1496 1950 12,
1561 1873 1637 1934 16
1686 1867 2041 1950 (ventum
2087 1867 2241 1950 sit),
2288 1867 2400 1948 IX,
2453 1874 2547 1950 18,
2600 1875 2672 1934 11

355 1979 575 2059 (011111
632 1977 1030 2059 fortuna),
1102 1982 1208 2057 19,
1280 1982 1358 2042 15
1417 1976 1847 2059 (nunquam
1909 1976 2004 2042 ab
2063 1976 2345 2059 equite
2390 1977 2675 2060 hoste),

358 2092 470 2166 31,
524 2092 562 2150 7
608 2084 872 2170 (pars),
930 2090 1030 2161 41,
1085 2090 1113 2148 1
1165 2084 1481 2166 (datur),
1528 2085 1605 2164 X,
1654 2090 1709 2163 6,
1757 2089 1794 2148 3
1843 2084 1950 2166 (et
1992 2120 2078 2129 —-
2123 2084 2525 2168 deducta),
2578 2091 2676 2168 10,

358 2200 402 2258 2
467 2192 825 2275 (muros),
895 2197 1006 2271 33,
1064 2199 1104 2256 4
1162 2191 1496 2276 (agunt),
1565 2197 1682 2272 41,
1743 2196 1819 2256 13
1868 2192 2363 2276 (conspecti).
2474 2196 2675 2262 Recte

356 2310 595 2368 autem
638 2323 741 2366 me
786 2301 912 2366 hac
956 2300 1348 2366 emendandi
1391 2301 1498 2365 via
1540 2302 1716 2366 inter
1762 2307 2015 2366 ceteras
2060 2322 2252 2366 usum
2286 2323 2427 2368 esse
2464 2325 2676 2389 neque

357 2413 435 2475 in
493 2430 577 2475 ea
630 2409 834 2475 ullam
891 2430 1033 2476 esse
1078 2408 1539 2488 temeritatem,
1587 2407 1913 2487 declarat,
1982 2415 2057 2473 ut
2111 2410 2241 2474 iam
2297 2411 2674 2493 significavi,

357 2517 549 2601 quod
607 2517 816 2583 multa
881 2519 948 2582 in
1009 2517 1234 2582 codice
1292 2517 1649 2601 archetypo
1706 2516 1870 2580 Livii
1927 2516 2141 2582 verbis
2196 2518 2676 2603 interpretandi

358 2648 577 2693 causa
631 2633 700 2692 et
744 2649 945 2711 supra
991 2627 1244 2711 scripta
1289 2632 1357 2692 et
1400 2626 1466 2691 in
1511 2626 1740 2691 ordine
1786 2623 2125 2710 adscripta
2165 2625 2368 2692 fuisse
2414 2634 2481 2694 et
2523 2628 2676 2695 inde

360 2737 435 2800 in
492 2741 759 2800 nostros
815 2735 1075 2801 codices
1131 2743 1249 2801 aut
1305 2756 1526 2800 omnes
1571 2739 1690 2799 aut
1733 2734 1973 2800 multos
2016 2734 2364 2815 transisse,
2433 2737 2499 2800 in
2546 2759 2676 2803 uno

361 2864 610 2926 genere
671 2842 834 2908 adeo
882 2849 987 2909 est
1029 2845 1448 2928 perspicuum
1495 2849 1563 2908 et
1605 2841 2059 2922 manifestum,
2117 2849 2217 2923 ut,
2255 2865 2675 2928 quamquam

366 2952 696 3017 universae
750 2953 847 3016 rei
901 2953 1074 3017 ratio
1132 2972 1263 3017 non
1320 2972 1592 3035 prorsus
1649 2957 2000 3035 perspecta
2057 2957 2184 3030 est,
2251 2957 2472 3017 tamen
2529 2954 2677 3037 ipsa

358 3060 830 3126 additamenta
891 3060 1188 3124 convicta
1241 3060 1373 3124 iam
1419 3060 1551 3124 sint
1597 3064 1663 3124 et
1709 3058 2000 3142 expulsa.
2103 3059 2235 3125 Eos
2282 3059 2431 3125 dico
2476 3060 2674 3144 locos,

360 3170 439 3233 in
497 3167 735 3250 quibus
793 3166 1121 3252 duplicem
1176 3168 1572 3251 scripturam
1629 3165 1783 3231 olim
1829 3168 2248 3233 coniunctam
2292 3167 2494 3234 fuisse
2540 3169 2674 3235 edi-

362 3287 553 3342 tores
620 3276 916 3341 iudicant
982 3283 1050 3341 et
1116 3282 1235 3342 aut
1299 3282 1650 3358 utra-mque
1718 3274 1910 3339 simul
1970 3281 2088 3340 aut
2146 3276 2504 3358 separatim
2557 3297 2676 3361 per

363 3405 527 3450 suos
602 3406 931 3468 quamque
988 3384 1247 3450 codices
1303 3389 1754 3467 propagatam.
1865 3382 2034 3447 Nam
2093 3385 2493 3468 quamquam
2553 3384 2674 3450 ali-

360 3494 634 3575 quoties
691 3492 1020 3558 scribendi
1079 3514 1264 3558 error
1320 3497 1710 3574 tentataque
1759 3492 2079 3556 correctio
2124 3491 2507 3573 intervenit,
2571 3499 2672 3559 ta·

362 3622 516 3665 men
563 3621 695 3665 11011
738 3601 952 3666 111111113
999 3622 1171 3684 saepe
1217 3621 1315 3679 ea,
1359 3619 1505 3681 quae
1552 3597 1796 3683 duplex
1840 3598 2173 3682 scriptura
2205 3599 2466 3681 dicitur,
2509 3601 2672 3666 nihil

362 3708 553 3774 aliud
635 3716 735 3774 est
801 3710 928 3775 nisi
994 3730 1117 3773 vox
1183 3708 1269 3774 ad
1331 3707 1497 3773 Livii
1562 3707 1834 3789 aliquod
1899 3707 2169 3772 verbum
2232 3708 2671 3792 interpretan-

364 3817 526 3881 dum
593 3838 797 3901 supra
862 3818 1138 3901 scripta,
1208 3815 1442 3881 deinde
1510 3815 1605 3880 illi
1673 3814 1871 3880 verbo
1939 3815 2008 3878 in
2075 3816 2219 3899 ipso
2275 3816 2501 3881 ordine
2557 3817 2675 3883 ad-

358 3925 637 4009 scripta.
741 3924 914 3990 Nam
956 3925 1026 3990 in
1071 3925 1242 3990 libro
1287 3924 1366 4002 X,
1416 3927 1514 4002 37,
1568 3928 1642 3988 15
1690 3944 1892 4006 quum
1936 3923 2002 3986 in
2049 3922 2269 3988 codice
2315 3922 2672 4009 archetypo

1253 4038 1640 4098 sacratus

362 4148 544 4206 esset
603 4140 836 4206 100113
893 4141 1193 4224 templo
1241 4139 1584 4219 effatus,
1645 4161 1848 4224 supra
1893 4140 2136 4223 scripto
2180 4139 2447 4205 rarioris
2491 4140 2672 4206 verbi

362 4247 871 4329 significationis
915 4250 1526 4332 interpretamento,
1586 4247 1739 4312 hinc
1799 4248 1865 4311 in
1921 4247 2143 4312 codice
2188 4247 2479 4314 Mediceo
2533 4246 2670 4313 fac-

364 4364 510 4420 tum
556 4361 657 4420 est
699 4355 935 4421 100113
978 4355 1277 4440 templo
1326 4363 1704 4422 sacratus
1751 4355 2072 4437 effatus,
2117 4356 2187 4421 in
2228 4356 2409 4422 Leid.
2459 4357 2668 4440 primo

366 4464 648 4546 aliisque
716 4462 948 4529 100113
1016 4463 1320 4548 templo
1389 4462 1704 4529 effatus
1773 4472 2180 4545 sacratus;
2243 4465 2315 4529 in
2380 4463 2671 4529 eiusdem

2180 4583 2217 4636 2
