3230 5282
571 627 694 682 Lib.
730 627 876 680 VIII.
1654 616 1776 676 202

576 800 860 865 ardore
916 800 1262 865 militum
1320 806 1444 864 est
1503 823 1694 865 usus
1752 802 1844 867 ab
1904 803 2027 866 ira
2072 804 2291 867 inter
2336 805 2859 870 condiciones

574 909 796 993 pacis
864 907 1331 972 interfectae
1401 911 1829 989 stationis,
1900 917 1986 974 ut
2038 947 2141 974 —.
2237 912 2334 976 Ex
2389 913 2859 979 auulnierum

575 1017 766 1082 facile
813 1024 1025 1082 ortum
1073 1021 1175 1081 est
1220 1019 1817 1083 autuulnerum.

747 1124 903 1208 Cap.
952 1128 1049 1205 32,
1099 1129 1134 1188 3
1181 1124 1271 1206 (in
1319 1126 1613 1191 oratione
1660 1127 1728 1190 L.
1776 1126 2076 1209 Papirii):
2138 1127 2413 1204 Quaero
2462 1167 2571 1209 ——,
2627 1152 2865 1213 quum

579 1256 952 1298 summum
1032 1234 1450 1318 imperium
1519 1235 1960 1300 dictatoris
2031 1237 2156 1315 sit,
2225 1246 2724 1320 pareantque
2790 1240 2864 1304 ei

579 1344 959 1407 consules
1015 1378 1128 1423 —,
1197 1350 1588 1427 praetores
1645 1380 1757 1423 —-,
1827 1365 2129 1427 aequum
2187 1368 2525 1411 censeas
2589 1369 2862 1426 necne,

578 1452 1047 1534 magistrum
1127 1453 1481 1533 equitum
1562 1452 1783 1517 dicto
1865 1452 2325 1519 audientem
2406 1477 2602 1519 esse.
2713 1456 2864 1519 Iure

578 1559 863 1624 Kochius
907 1561 971 1623 in
1019 1561 1366 1643 postremis
1411 1559 1512 1625 his
1558 1559 1772 1625 verbis
1820 1561 2107 1625 dativum
2155 1563 2521 1644 requisivit3
2582 1563 2647 1627 id
2693 1565 2864 1627 enim

578 1669 795 1750 ipsum
839 1668 1083 1751 agitur,
1143 1668 1467 1748 eidemne,
1527 1669 1634 1733 cui
1678 1670 1907 1750 ceteri,
1965 1671 2161 1734 etiam
2218 1672 2531 1751 magister
2574 1673 2867 1753 equitum

579 1797 808 1859 parere
856 1776 1110 1841 debeat.
1191 1776 1318 1841 Sed
1367 1778 1762 1842 dictatori
1809 1776 2050 1842 addere
2097 1785 2162 1842 et
2206 1779 2557 1844 violentum
2604 1786 2704 1844 est
2745 1801 2869 1844 nec

580 1884 664 1948 ad
709 1884 985 1950 formam
1032 1886 1349 1952 orationis
1395 1892 1554 1970 apta
1597 1887 1878 1950 nominis
1924 1887 2133 1969 ipsius
2178 1888 2503 1970 repetitio.
2594 1888 2872 1953 Videtur

579 1992 809 2059 fuisse:
857 2017 1119 2074 necne,
1166 1995 1235 2058 ei
1279 1996 1752 2078 magistrum
1800 2001 1918 2059 cet.
2010 1996 2253 2076 (1875.)

410 2121 550 2189 (171)
756 2104 910 2188 Cap.
960 2110 1059 2183 33,
1123 2107 1216 2185 17,
1261 2105 1374 2169 ubi
1417 2104 1699 2169 refertur
1740 2105 1951 2168 oratio
1998 2104 2081 2167 M.
2129 2104 2315 2169 Fabii
2361 2128 2479 2188 pro
2526 2106 2680 2184 filio,
2729 2128 2869 2170 ma—

580 2214 785 2295 gistro
852 2214 1175 2296 equitum,
1256 2214 1320 2277 in
1387 2214 1491 2277 his
1559 2212 1802 2277 verbis:
1894 2212 2082 2276 Nam
2160 2214 2442 2297 populi
2520 2214 2864 2297 quidem,

581 2345 818 2406 penes
909 2345 1133 2405 quem
1221 2327 1592 2406 potestas
1673 2322 2010 2386 omnium
2092 2344 2356 2386 rerum
2437 2331 2682 2402 esset,
2772 2347 2869 2389 ne

581 2433 776 2496 iram
855 2431 1176 2515 quidem
1258 2453 1598 2514 unquam
1680 2432 2176 2495 atrociorem
2243 2431 2500 2497 fuisse
2567 2433 2645 2496 in
2714 2454 2868 2510 eOS,

582 2541 714 2622 qui
795 2541 1266 2605 temeritate
1344 2547 1588 2624 atque
1657 2540 2002 2604 inscitia
2066 2542 2479 2605 exercitus
2546 2541 2872 2606 amisis-

584 2656 787 2730 sent,
855 2672 1084 2734 quam
1141 2656 1225 2714 ut
1269 2649 1609 2732 pecunia
1656 2671 1787 2714 eos
1831 2649 2244 2730 multaret,
2309 2650 2723 2715 manifestum
2766 2657 2873 2715 est

582 2760 920 2825 sententiae
964 2760 1211 2824 vitium.
1289 2758 1677 2823 Huiusmodi
1725 2759 1894 2823 enim
1940 2758 2240 2840 gradatio
2290 2764 2405 2838 est,
2451 2765 2526 2822 ut
2570 2782 2610 2823 a
2655 2760 2872 2840 singu-

583 2869 795 2934 lorum
854 2868 1168 2949 (Quinctii
1230 2868 1623 2946 Cincinnati,
1691 2868 1775 2932 M.
1835 2867 2013 2931 Furii
2072 2867 2355 2948 Camilli)
2412 2869 2476 2931 in
2533 2869 2634 2931 ira
2688 2890 2871 2932 exer-

584 2978 792 3041 cenda
867 2978 1314 3042 moderatione
1383 2976 1800 3061 perveniatur
1866 2976 1951 3040 ad
2019 2976 2244 3060 populi
2313 2976 2749 3055 clementiam,
2831 2999 2874 3041 a

583 3109 729 3171 quo,
786 3109 984 3170 quum
1034 3087 1252 3151 omnia
1295 3087 1524 3170 possit,
1571 3085 1831 3168 gravior
1875 3085 2184 3148 violentia
2228 3085 2596 3167 exspectari
2640 3085 2870 3168 possit.

582 3197 812 3278 Itaque
859 3201 1036 3261 recto
1080 3216 1159 3258 ne
1207 3196 1262 3258 is
1309 3195 1569 3276 quidem
1615 3194 1788 3257 ultra
1835 3193 2097 3256 modum
2147 3194 2431 3257 saeviisse
2479 3191 2604 3255 dici
2651 3198 2876 3275 potest

585 3304 703 3385 (ne
772 3304 1052 3388 populi
1123 3303 1432 3384 quidem
1480 3304 1679 3365 iram
1726 3300 1894 3382 cet).
1997 3301 2181 3364 Nam
2228 3301 2506 3384 populi
2553 3299 2871 3383 quidem

584 3413 677 3476 sic
723 3411 976 3476 demum
1025 3418 1201 3475 recte
1247 3411 1398 3493 poni
1447 3416 1696 3494 potest,
1765 3411 1819 3473 si
1875 3416 1993 3474 aut
2049 3407 2209 3472 nihil
2264 3408 2397 3473 tale
2445 3408 2525 3473 de
2571 3430 2649 3473 eo
2695 3410 2873 3492 quis—

585 3542 780 3602 quam
839 3520 1157 3604 suspicari
1214 3541 1407 3602 posse
1465 3518 1703 3582 dicitur
1760 3524 1877 3582 aut
1923 3517 2322 3601 exspectatio
2368 3518 2434 3580 in
2480 3538 2557 3580 eo
2604 3539 2874 3601 prorsus

585 3627 796 3712 decipi
854 3629 1000 3709 (aut
1055 3626 1177 3692 hoc
1233 3628 1457 3692 modo:
1526 3649 1677 3691 nam
1733 3626 2048 3711 populum
2105 3625 2367 3709 quidem
2427 3660 2502 3669 —
2562 3626 2643 3691 ab
2699 3627 2873 3689 omni

586 3737 684 3800 ira
726 3736 1094 3814 abhorrrre,
1142 3743 1258 3800 aut
1299 3735 1441 3815 hoc,
1489 3736 1817 3801 translata
1861 3734 2051 3799 simul
2098 3734 2227 3798 alio
2263 3733 2677 3815 gradatione:
2724 3756 2875 3798 uam

588 3846 811 3929 populi
859 3845 1121 3929 quidem
1167 3846 1328 3909 iram
1375 3867 1455 3910 ne
1499 3845 1566 3909 in
1613 3867 1725 3910 eos
1772 3842 2063 3931 quidem,
2120 3843 2233 3926 qui
2280 3843 2651 3906 temeritate
2694 3863 2876 3907 exer-

587 3956 755 4018 citus
824 3954 1225 4032 amisissent,
1292 3975 1419 4018 non
1488 3954 1700 4018 minus
1759 3951 2013 4035 aliquid
2059 3950 2516 4033 deliquissent,
2586 3957 2875 4015 atrocem

588 4062 837 4144 fuisse).
958 4063 1032 4126 In
1098 4062 1227 4142 ira,
1297 4063 1376 4126 de
1444 4064 1628 4126 cuius
1694 4061 2142 4126 moderatione
2211 4060 2420 4124 omnis
2489 4059 2699 4142 oratio
2756 4066 2876 4138 est,

587 4169 772 4235 nulla
817 4170 1168 4253 significari
1215 4171 1515 4254 gradatio
1563 4176 1798 4253 potest,
1846 4169 1970 4234 nisi
2019 4169 2186 4233 forte
2231 4168 2368 4232 haec
2415 4167 2612 4232 alicui
2658 4168 2877 4251 placet

586 4281 936 4357 sententia,
1014 4279 1238 4362 populi
1314 4301 1395 4343 ne
1474 4280 1638 4343 iram
1718 4278 2010 4363 quidem,
2089 4276 2328 4341 nedum
2406 4277 2682 4359 gratiam
2759 4284 2878 4341 aut

587 4387 1062 4452 humanitatem
1130 4388 1431 4452 saeviisse.
1542 4386 1668 4452 Sed
1737 4385 2158 4451 temerarium
2215 4384 2474 4449 videtur
2530 4385 2873 4468 suspicari,

589 4496 852 4589 Livium,
883 4497 1253 4580 scripsisse:
1311 4495 1419 4560 Ne
1465 4494 1749 4581 populi
1796 4495 2111 4580 quidem
2157 4529 2242 4539 —
2286 4494 2486 4558 iram
2535 4513 2879 4577 unquam
