3230 5282
621 601 748 656 Lib.
797 600 1104 654 XXXVIII.
1720 590 1843 650 540

631 777 729 850 53,
777 776 833 850 9,
881 771 1174 848 XXXIX,
1223 775 1321 850 35,
1369 777 1404 835 7
1453 779 1519 837 et
1563 775 1667 849 49,
1720 777 1748 834 1
1801 778 2039 854 praeter
2085 792 2192 850 ea,
2256 792 2400 854 quae
2444 791 2642 853 supra
2685 771 2929 850 notavi,

631 879 863 958 XXXI,
932 883 990 956 9,
1062 884 1119 956 7,
1186 878 1477 955 XXXIV,
1537 884 1593 957 6,
1660 882 1755 943 10.
1848 877 2149 960 [Lacuna
2216 900 2291 943 eo
2359 878 2769 943 manifestior
2831 876 2925 952 fit,

635 986 810 1068 quod
855 1005 1048 1050 voces
1095 1005 1262 1050 cum
1308 992 1375 1050 et
1419 987 1864 1051 AEtolorum
1909 985 2087 1051 solus
2138 985 2205 1049 M
2239 987 2536 1051 servavit.
2606 985 2777 1051 Mira
2820 1006 2927 1050 ex-

621 1095 871 1176 cogitat
915 1092 1541 1175 Weissenbornius.]

788 1198 946 1283 Cap.
995 1205 1054 1279 2,
1109 1205 1186 1264 10
1234 1199 1342 1281 (de
1389 1200 1865 1265 Macedonibus
1910 1201 2309 1266 Athamania
2345 1199 2696 1280 expulsis):
2745 1208 2922 1264 tan·

617 1313 944 1391 tumque
989 1308 1397 1372 tumultus
1443 1308 2021 1373 Macedonibus
2057 1315 2179 1373 est
2212 1308 2638 1385 iniectum,
2684 1314 2770 1372 ut
2811 1306 2923 1370 fu·

615 1434 722 1497 gae
767 1416 1020 1497 magis
1067 1404 1349 1480 effusae
1388 1436 1618 1498 quam
1652 1417 1986 1480 itineris
2023 1415 2392 1479 ordinati
2431 1415 2691 1492 mod0,
2742 1414 2921 1478 mul-

616 1522 728 1587 tis
776 1523 1017 1586 armis
1053 1505 1416 1606 virisque
1451 1522 1807 1601 relictis,
1853 1522 2159 1586 flumen
2197 1523 2718 1586 traiecerint.
2779 1521 2922 1585 Hic

615 1627 819 1693 finis
865 1629 1257 1710 sequendi
1300 1629 1478 1693 fuit.
1553 1629 1873 1694 Fluminis
1919 1630 2114 1694 huius
2160 1629 2345 1694 nulla
2377 1630 2443 1693 in
2479 1629 2922 1712 superioribus

620 1735 1015 1816 significatio
1062 1744 1196 1815 est3
1243 1737 1298 1799 si
1343 1757 1580 1800 nomen
1629 1738 1771 1818 ipse
1804 1736 2025 1801 Livius
2059 1737 2409 1815 omisisset,
2447 1737 2681 1801 saltem
2716 1735 2921 1818 ignoti

620 1849 687 1907 et
733 1843 997 1908 obscuri
1064 1843 1345 1908 nominis
1414 1843 1960 1924 significationem
2020 1844 2389 1910 addidisset
2446 1841 2917 1928 (quoddam).

620 1949 886 2014 Excidit
972 1951 1174 2031 igitur
1251 1950 1509 2015 librarii
1598 1972 1821 2016 errore
1888 1973 2128 2017 nomen
2197 1951 2446 2016 fluvioli
2511 1951 2786 2016 alicuius
2843 1971 2920 2013 ex

618 2064 843 2122 monte
891 2056 1194 2122 Cercetio
1253 2059 1319 2121 in
1365 2058 1650 2123 Peneum
1708 2058 2095 2124 delabentis.
2188 2058 2348 2142 [Sed
2407 2068 2624 2124 tamen
2692 2055 2920 2132 XXIII,

624 2168 723 2242 24,
774 2169 852 2228 10
911 2163 1140 2228 eodem
1206 2166 1401 2229 modo
1460 2166 1748 2231 fluminis
1815 2174 2011 2232 antea
2076 2188 2207 2231 non
2276 2165 2621 2248 significati
2676 2165 2917 2229 mentio

623 2272 761 2334 sine
809 2272 1070 2335 nomine
1117 2271 1474 2354 obiicitur]

795 2376 950 2460 Cap.
1001 2383 1059 2455 6,
1107 2384 1147 2441 4
1194 2379 1304 2456 (de
1347 2379 1586 2445 AEtolis
1632 2380 2013 2460 Ambracia,
2077 2402 2275 2464 quam
2331 2381 2606 2445 Romani
2674 2378 2923 2445 obside-

623 2484 804 2564 bant,
850 2486 1411 2568 erumpentibus):
1459 2486 1625 2552 Uno
1683 2490 1758 2551 in
1804 2488 1985 2553 loco
2041 2489 2262 2554 ferro
2326 2489 2653 2570 ignique
2700 2494 2924 2567 gesta

624 2612 749 2656 res
811 2590 993 2675 [est]
1058 2591 1213 2674 (est
1256 2595 1323 2658 in
1369 2595 1421 2659 Β
1480 2595 2129 2680 Drakenborchiique
2197 2596 2384 2662 codd.
2433 2595 2816 2675 omittitur);
2882 2614 2922 2658 a

621 2699 932 2764 duobus
967 2700 1214 2766 irrito
1251 2703 1596 2785 incept0‚
1647 2725 1879 2785 quum
1915 2712 2391 2770 tentassent
2421 2705 2669 2785 magis
2705 2722 2933 2786 quam

619 2808 983 2872 inissent
1028 2815 1463 2888 certamen,
1498 2809 1746 2874 AEtoli
1791 2812 2408 2891 abscesserunt;
2455 2818 2686 2876 atrox
2755 2829 2932 2893 pug-

620 2915 841 2977 nain
885 2936 1122 2979 unum
1169 2916 1726 2982 inclinaverat
1769 2918 2045 2983 locum.
2115 2918 2240 2983 Ibi
2298 2927 2422 2984 cet.
2507 2920 2930 3001 Perspicuum

625 3029 743 3099 est,
793 3022 1171 3104 tautologiae
1215 3024 1725 3107 reprehensione
1768 3046 1899 3089 non
1947 3046 2172 3090 carere
2219 3026 2364 3091 illa:
2424 3048 2576 3091 uno
2622 3027 2705 3089 in
2751 3024 2925 3088 loco

624 3154 738 3207 —3
798 3136 1032 3194 atrox
1101 3152 1370 3213 pugna
1435 3133 1513 3195 in
1574 3154 1809 3196 unum
1863 3132 2052 3197 incl.
2100 3133 2393 3212 locum,
2439 3154 2561 3198 nec
2626 3140 2781 3216 apte
2842 3132 2933 3196 sic

626 3236 773 3313 dici,
823 3258 973 3301 uno
1019 3239 1101 3301 in
1148 3237 1322 3303 loco
1368 3237 1584 3304 ferro
1633 3241 1966 3324 ignique
1991 3262 2130 3305 rem
2169 3247 2441 3323 gestam,
2478 3242 2665 3323 quasi
2701 3241 2934 3305 ceteris

627 3341 792 3407 locis
838 3344 985 3408 aliis
1031 3344 1179 3409 telis
1213 3352 1401 3427 gesta
1435 3348 1540 3411 sit.
1610 3348 2047 3412 Vehementer
2089 3349 2295 3430 igitur
2328 3349 2616 3412 animum
2652 3367 2931 3411 commo·

620 3457 759 3527 vet,
807 3451 982 3532 quod
1042 3471 1083 3515 a
1138 3452 1193 3516 B
1240 3453 1482 3519 absunt
1529 3454 1738 3536 (nullo
1800 3456 2019 3538 spatio
2075 3455 2335 3536 relicto)
2394 3455 2594 3520 verba
2636 3475 2789 3519 uno
2853 3454 2928 3516 in

621 3555 799 3621 loco
880 3558 989 3639 (de
1048 3558 1116 3623 M
1194 3560 1358 3625 nihil
1414 3564 1734 3644 notatur).
1824 3563 2033 3627 Multo
2101 3564 2275 3627 enim
2341 3563 2585 3627 rectius
2652 3562 2927 3644 primum

449 3661 603 3729 (438)
639 3665 972 3730 indicatur
1017 3688 1246 3749 pugnae
1291 3690 1495 3751 genus
1543 3669 1749 3754 (quod
1783 3678 1934 3736 ante
1962 3672 2183 3736 Livius
2220 3671 2491 3736 uberius
2529 3665 2935 3751 descripsit)=

625 3772 869 3838 Ferro
916 3773 1250 3858 ignique
1296 3784 1536 3857 gesta
1570 3799 1739 3857 res,
1787 3779 2023 3848 deinde
2058 3778 2208 3844 loca
2243 3785 2311 3843 et
2345 3786 2615 3842 eventus
2642 3775 2940 3839 dividun-

626 3886 765 3944 tur:
815 3900 855 3943 a
901 3879 1218 3945 duobus
1263 3884 1506 3948 irrito
1543 3887 1878 3969 incepto
1919 3886 2644 3963 —abscesserunt3
2705 3890 2939 3947 atrox

628 4009 889 4070 pugna
934 3989 1016 4052 in
1061 4010 1290 4054 unum
1339 3999 1460 4056 cet.
1552 3992 1769 4058 Unum
1815 3995 2166 4060 molestum
2210 4000 2327 4069 est,
2378 3991 2553 4074 quod
2600 3992 2666 4054 in
2712 3988 2853 4053 illo:
2900 4008 2942 4051 a

631 4096 945 4161 duobus
990 4117 1121 4160 non
1166 4096 1356 4162 facile
1404 4120 1483 4163 ex
1530 4101 1979 4184 superioribus
2026 4101 2294 4165 auditur
2336 4100 2580 4175 lociS‚
2627 4097 2939 4181 quoniam

630 4213 784 4287 post
827 4204 953 4268 hoc
1002 4204 1387 4270 vocabulum
1435 4208 1625 4273 initio
1688 4209 1924 4290 capitis
1999 4210 2287 4291 positum
2347 4207 2676 4287 (Tribus
2737 4204 2940 4269 locis

633 4313 787 4393 cet.)
835 4312 1044 4377 multa
1086 4314 1437 4378 interiecta
1462 4321 1632 4393 sunt,
1678 4335 1799 4379 nec
1843 4322 2021 4380 recte
2059 4317 2223 4379 sumi
2263 4336 2341 4379 ex
2379 4336 2454 4379 eo
2492 4320 2728 4396 potest,
2765 4310 2941 4396 quod

633 4422 933 4503 sequitur
981 4421 1090 4502 (in
1159 4441 1391 4484 unum
1436 4421 1759 4503 locum);
1808 4420 1954 4504 [nec
2020 4423 2114 4488 ab
2160 4423 2369 4487 locis
2429 4421 2744 4487 duobus
2789 4418 2943 4484 abs-
