<?xml version="1.0" encoding="UTF-8"?>
<!DOCTYPE html PUBLIC "-//W3C//DTD XHTML 1.0 Transitional//EN"
    "http://www.w3.org/TR/xhtml1/DTD/xhtml1-transitional.dtd">
<html xmlns="http://www.w3.org/1999/xhtml" xml:lang="en" lang="en">
 <head>
  <title>
</title>
<meta http-equiv="Content-Type" content="text/html;charset=utf-8" />
  <meta name='ocr-system' content='tesseract 3.04.00' />
  <meta name='ocr-capabilities' content='ocr_page ocr_carea ocr_par ocr_line ocrx_word'/>
</head>
<body>
  <div class='ocr_page' id='page_1' title='image "./emendationesliv03madvgoog_0438.png"; bbox 0 0 3230 5282; ppageno 0'>
   <div class='ocr_carea' id='block_1_1' title="bbox 530 595 1747 682">
    <p class='ocr_par' dir='ltr' id='par_1_1' title="bbox 530 595 1747 682">
     <span class='ocr_line' id='line_1_1' title="bbox 530 595 1747 682; baseline -0.008 -19"><span class='ocrx_word' id='word_1_1' title='bbox 530 610 655 682; x_wconf 73' lang='lat' dir='ltr'>Lib.</span> <span class='ocrx_word' id='word_1_2' title='bbox 691 607 863 661; x_wconf 85' lang='lat' dir='ltr'><strong>xxx.</strong></span> <span class='ocrx_word' id='word_1_3' title='bbox 1622 595 1747 655; x_wconf 82' lang='lat'>424</span> 
     </span>
    </p>
   </div>
   <div class='ocr_carea' id='block_1_2' title="bbox 533 775 2845 1074">
    <p class='ocr_par' dir='ltr' id='par_1_2' title="bbox 533 775 2845 1074">
     <span class='ocr_line' id='line_1_2' title="bbox 533 775 2842 863; baseline -0.003 -17"><span class='ocrx_word' id='word_1_4' title='bbox 533 781 856 863; x_wconf 74' lang='lat' dir='ltr'>collegae</span> <span class='ocrx_word' id='word_1_5' title='bbox 902 799 1200 857; x_wconf 90' lang='lat' dir='ltr'>nomen,</span> <span class='ocrx_word' id='word_1_6' title='bbox 1256 777 1604 843; x_wconf 83' lang='lat' dir='ltr'>videndum</span> <span class='ocrx_word' id='word_1_7' title='bbox 1651 784 1833 861; x_wconf 90' lang='lat' dir='ltr'>put0,</span> <span class='ocrx_word' id='word_1_8' title='bbox 1891 799 1973 842; x_wconf 92' lang='lat' dir='ltr'>ne</span> <span class='ocrx_word' id='word_1_9' title='bbox 2019 798 2245 841; x_wconf 84' lang='lat' dir='ltr'>verum</span> <span class='ocrx_word' id='word_1_10' title='bbox 2289 778 2376 841; x_wconf 93' lang='lat' dir='ltr'>sit</span> <span class='ocrx_word' id='word_1_11' title='bbox 2420 775 2712 855; x_wconf 85' lang='lat' dir='ltr'>edidit3</span> <span class='ocrx_word' id='word_1_12' title='bbox 2771 775 2842 840; x_wconf 90' lang='lat' dir='ltr'>id</span> 
     </span>
     <span class='ocr_line' id='line_1_3' title="bbox 535 884 2845 969; baseline -0.002 -16"><span class='ocrx_word' id='word_1_13' title='bbox 535 890 703 954; x_wconf 91' lang='lat' dir='ltr'>enim</span> <span class='ocrx_word' id='word_1_14' title='bbox 762 889 830 952; x_wconf 92' lang='lat' dir='ltr'>in</span> <span class='ocrx_word' id='word_1_15' title='bbox 885 887 1003 951; x_wconf 91' lang='lat' dir='ltr'>tali</span> <span class='ocrx_word' id='word_1_16' title='bbox 1060 885 1339 950; x_wconf 89' lang='lat' dir='ltr'>hominis</span> <span class='ocrx_word' id='word_1_17' title='bbox 1394 886 1841 951; x_wconf 81' lang='lat' dir='ltr'>nominatione</span> <span class='ocrx_word' id='word_1_18' title='bbox 1900 892 2017 950; x_wconf 91' lang='lat' dir='ltr'>aut</span> <span class='ocrx_word' id='word_1_19' title='bbox 2073 884 2314 950; x_wconf 90' lang='lat' dir='ltr'>indicio</span> <span class='ocrx_word' id='word_1_20' title='bbox 2360 886 2456 950; x_wconf 88' lang='lat' dir='ltr'>rei</span> <span class='ocrx_word' id='word_1_21' title='bbox 2501 885 2845 969; x_wconf 88' lang='lat' dir='ltr'>proprium</span> 
     </span>
     <span class='ocr_line' id='line_1_4' title="bbox 533 992 2350 1074; baseline -0.002 -14"><span class='ocrx_word' id='word_1_22' title='bbox 533 1017 770 1063; x_wconf 90' lang='lat' dir='ltr'>nomen</span> <span class='ocrx_word' id='word_1_23' title='bbox 817 1001 951 1074; x_wconf 81' lang='lat' dir='ltr'>est3</span> <span class='ocrx_word' id='word_1_24' title='bbox 996 994 1184 1058; x_wconf 88' lang='lat' dir='ltr'>dare</span> <span class='ocrx_word' id='word_1_25' title='bbox 1230 1014 1515 1057; x_wconf 92' lang='lat' dir='ltr'>nomen</span> <span class='ocrx_word' id='word_1_26' title='bbox 1563 992 1806 1074; x_wconf 89' lang='lat' dir='ltr'>(suum)</span> <span class='ocrx_word' id='word_1_27' title='bbox 1854 993 2047 1058; x_wconf 88' lang='lat' dir='ltr'>aliter</span> <span class='ocrx_word' id='word_1_28' title='bbox 2092 993 2350 1058; x_wconf 88' lang='lat' dir='ltr'>dicitur.</span> 
     </span>
    </p>
   </div>
   <div class='ocr_carea' id='block_1_3' title="bbox 363 1183 2844 2911">
    <p class='ocr_par' dir='ltr' id='par_1_3' title="bbox 1395 1183 1989 1293">
     <span class='ocr_line' id='line_1_5' title="bbox 1395 1183 1989 1293; baseline 0.003 -29"><span class='ocrx_word' id='word_1_29' title='bbox 1395 1184 1579 1265; x_wconf 83' lang='lat' dir='ltr'>Lib.</span> <span class='ocrx_word' id='word_1_30' title='bbox 1647 1183 1989 1293; x_wconf 82' lang='lat' dir='ltr'><strong>xxx.¹)</strong></span> 
     </span>
    </p>

    <p class='ocr_par' dir='ltr' id='par_1_4' title="bbox 532 1315 2844 2047">
     <span class='ocr_line' id='line_1_6' title="bbox 705 1315 2843 1401; baseline -0.001 -20"><span class='ocrx_word' id='word_1_31' title='bbox 705 1316 862 1401; x_wconf 89' lang='lat' dir='ltr'>Cap.</span> <span class='ocrx_word' id='word_1_32' title='bbox 926 1322 990 1396; x_wconf 90' lang='lat'>1,</span> <span class='ocrx_word' id='word_1_33' title='bbox 1074 1321 1144 1381; x_wconf 86' lang='lat'>9:</span> <span class='ocrx_word' id='word_1_34' title='bbox 1225 1316 1678 1381; x_wconf 88' lang='lat' dir='ltr'>Ariminum</span> <span class='ocrx_word' id='word_1_35' title='bbox 1747 1337 1914 1381; x_wconf 91' lang='lat' dir='ltr'>cum</span> <span class='ocrx_word' id='word_1_36' title='bbox 1985 1316 2296 1381; x_wconf 90' lang='lat' dir='ltr'>duabus</span> <span class='ocrx_word' id='word_1_37' title='bbox 2367 1315 2843 1398; x_wconf 79' lang='lat' dir='ltr'>legionibus</span> 
     </span>
     <span class='ocr_line' id='line_1_7' title="bbox 534 1423 2839 1509; baseline -0.002 -18"><span class='ocrx_word' id='word_1_38' title='bbox 534 1426 707 1509; x_wconf 90' lang='lat' dir='ltr'>(sub</span> <span class='ocrx_word' id='word_1_39' title='bbox 745 1425 1126 1489; x_wconf 88' lang='lat' dir='ltr'>Lucretio</span> <span class='ocrx_word' id='word_1_40' title='bbox 1164 1424 1453 1507; x_wconf 86' lang='lat' dir='ltr'>Spurio</span> <span class='ocrx_word' id='word_1_41' title='bbox 1492 1445 1596 1488; x_wconf 78' lang='lat' dir='ltr'>ese</span> <span class='ocrx_word' id='word_1_42' title='bbox 1641 1424 2000 1506; x_wconf 88' lang='lat' dir='ltr'>fuerunt)</span> <span class='ocrx_word' id='word_1_43' title='bbox 2040 1423 2547 1501; x_wconf 83' lang='lat' dir='ltr'>Quinctilius</span> <span class='ocrx_word' id='word_1_44' title='bbox 2583 1423 2839 1488; x_wconf 80' lang='lat' dir='ltr'>Varus</span> 
     </span>
     <span class='ocr_line' id='line_1_8' title="bbox 533 1531 2843 1613; baseline -0.003 -14"><span class='ocrx_word' id='word_1_45' title='bbox 533 1539 656 1599; x_wconf 87' lang='lat' dir='ltr'>est</span> <span class='ocrx_word' id='word_1_46' title='bbox 700 1532 1002 1598; x_wconf 89' lang='lat' dir='ltr'>sortitu</span> <span class='ocrx_word' id='word_1_47' title='bbox 1021 1554 1069 1596; x_wconf 86' lang='lat' dir='ltr'>S.</span> <span class='ocrx_word' id='word_1_48' title='bbox 1150 1532 1505 1610; x_wconf 80' lang='lat' dir='ltr'>Restituto,</span> <span class='ocrx_word' id='word_1_49' title='bbox 1552 1531 1730 1613; x_wconf 91' lang='lat' dir='ltr'>quod</span> <span class='ocrx_word' id='word_1_50' title='bbox 1778 1539 1932 1596; x_wconf 88' lang='lat' dir='ltr'>ante</span> <span class='ocrx_word' id='word_1_51' title='bbox 1967 1533 2066 1597; x_wconf 91' lang='lat' dir='ltr'>W.</span> <span class='ocrx_word' id='word_1_52' title='bbox 2106 1532 2441 1611; x_wconf 82' lang='lat' dir='ltr'>edebatur,</span> <span class='ocrx_word' id='word_1_53' title='bbox 2488 1531 2843 1609; x_wconf 86' lang='lat' dir='ltr'>fuerant,</span> 
     </span>
     <span class='ocr_line' id='line_1_9' title="bbox 534 1637 2843 1723; baseline -0.003 -18"><span class='ocrx_word' id='word_1_54' title='bbox 534 1640 789 1720; x_wconf 90' lang='lat' dir='ltr'>deinde,</span> <span class='ocrx_word' id='word_1_55' title='bbox 837 1639 1150 1723; x_wconf 89' lang='lat' dir='ltr'>quoniam</span> <span class='ocrx_word' id='word_1_56' title='bbox 1196 1638 1352 1703; x_wconf 86' lang='lat' dir='ltr'>ferri</span> <span class='ocrx_word' id='word_1_57' title='bbox 1398 1640 1631 1721; x_wconf 87' lang='lat' dir='ltr'>nequit</span> <span class='ocrx_word' id='word_1_58' title='bbox 1674 1639 2065 1704; x_wconf 90' lang='lat' dir='ltr'>Lucretio</span> <span class='ocrx_word' id='word_1_59' title='bbox 2114 1639 2407 1723; x_wconf 88' lang='lat' dir='ltr'>Spurio</span> <span class='ocrx_word' id='word_1_60' title='bbox 2445 1637 2599 1719; x_wconf 85' lang='lat' dir='ltr'>(vid.</span> <span class='ocrx_word' id='word_1_61' title='bbox 2639 1656 2843 1720; x_wconf 88' lang='lat' dir='ltr'>supra</span> 
     </span>
     <span class='ocr_line' id='line_1_10' title="bbox 533 1745 2844 1834; baseline -0.002 -21"><span class='ocrx_word' id='word_1_62' title='bbox 533 1773 595 1834; x_wconf 91' lang='lat' dir='ltr'>p.</span> <span class='ocrx_word' id='word_1_63' title='bbox 626 1753 746 1813; x_wconf 84' lang='lat'>377</span> <span class='ocrx_word' id='word_1_64' title='bbox 774 1748 965 1812; x_wconf 90' lang='lat' dir='ltr'>huius</span> <span class='ocrx_word' id='word_1_65' title='bbox 1001 1746 1152 1828; x_wconf 76' lang='lat' dir='ltr'>ed),</span> <span class='ocrx_word' id='word_1_66' title='bbox 1201 1747 1621 1811; x_wconf 91' lang='lat' dir='ltr'>scribendum</span> <span class='ocrx_word' id='word_1_67' title='bbox 1665 1746 1922 1812; x_wconf 82' lang='lat' dir='ltr'>videtur</span> <span class='ocrx_word' id='word_1_68' title='bbox 1967 1754 2111 1812; x_wconf 86' lang='lat' dir='ltr'>aut:</span> <span class='ocrx_word' id='word_1_69' title='bbox 2161 1746 2279 1830; x_wconf 87' lang='lat' dir='ltr'>Sp.</span> <span class='ocrx_word' id='word_1_70' title='bbox 2315 1745 2688 1810; x_wconf 87' lang='lat' dir='ltr'>Lucretii</span> <span class='ocrx_word' id='word_1_71' title='bbox 2734 1764 2844 1808; x_wconf 80' lang='lat' dir='ltr'>eae</span> 
     </span>
     <span class='ocr_line' id='line_1_11' title="bbox 532 1851 2839 1937; baseline -0.003 -15"><span class='ocrx_word' id='word_1_72' title='bbox 532 1859 870 1922; x_wconf 87' lang='lat' dir='ltr'>fuerant</span> <span class='ocrx_word' id='word_1_73' title='bbox 937 1861 1082 1919; x_wconf 88' lang='lat' dir='ltr'>aut:</span> <span class='ocrx_word' id='word_1_74' title='bbox 1168 1854 1307 1919; x_wconf 89' lang='lat' dir='ltr'>sub</span> <span class='ocrx_word' id='word_1_75' title='bbox 1377 1853 1496 1937; x_wconf 87' lang='lat' dir='ltr'>Sp.</span> <span class='ocrx_word' id='word_1_76' title='bbox 1566 1854 1947 1919; x_wconf 86' lang='lat' dir='ltr'>Lucretio</span> <span class='ocrx_word' id='word_1_77' title='bbox 2016 1876 2120 1919; x_wconf 85' lang='lat' dir='ltr'>eae</span> <span class='ocrx_word' id='word_1_78' title='bbox 2188 1855 2262 1933; x_wconf 88' lang='lat' dir='ltr'>f.,</span> <span class='ocrx_word' id='word_1_79' title='bbox 2330 1860 2406 1918; x_wconf 92' lang='lat' dir='ltr'>ut</span> <span class='ocrx_word' id='word_1_80' title='bbox 2473 1858 2628 1937; x_wconf 86' lang='lat' dir='ltr'>post</span> <span class='ocrx_word' id='word_1_81' title='bbox 2692 1851 2839 1917; x_wconf 85' lang='lat' dir='ltr'>sub</span> 
     </span>
     <span class='ocr_line' id='line_1_12' title="bbox 533 1960 2582 2047; baseline -0.003 -16"><span class='ocrx_word' id='word_1_82' title='bbox 533 1964 849 2031; x_wconf 84' lang='lat' dir='ltr'>exciderit</span> <span class='ocrx_word' id='word_1_83' title='bbox 894 1961 1033 2045; x_wconf 88' lang='lat' dir='ltr'>Sp.,</span> <span class='ocrx_word' id='word_1_84' title='bbox 1079 1962 1230 2026; x_wconf 91' lang='lat' dir='ltr'>dein</span> <span class='ocrx_word' id='word_1_85' title='bbox 1276 1983 1478 2045; x_wconf 88' lang='lat' dir='ltr'>pravo</span> <span class='ocrx_word' id='word_1_86' title='bbox 1524 1962 1671 2028; x_wconf 91' lang='lat' dir='ltr'>loco</span> <span class='ocrx_word' id='word_1_87' title='bbox 1719 1962 2095 2047; x_wconf 86' lang='lat' dir='ltr'>suppletum</span> <span class='ocrx_word' id='word_1_88' title='bbox 2142 1964 2246 2027; x_wconf 88' lang='lat' dir='ltr'>sit.</span> <span class='ocrx_word' id='word_1_89' title='bbox 2337 1960 2582 2044; x_wconf 83' lang='lat'>(1863.)</span> 
     </span>
    </p>

    <p class='ocr_par' dir='ltr' id='par_1_5' title="bbox 531 2067 2844 2693">
     <span class='ocr_line' id='line_1_13' title="bbox 703 2067 2840 2155; baseline -0.002 -19"><span class='ocrx_word' id='word_1_90' title='bbox 703 2070 860 2155; x_wconf 88' lang='lat' dir='ltr'>Cap.</span> <span class='ocrx_word' id='word_1_91' title='bbox 908 2076 977 2149; x_wconf 87' lang='grc'>4,</span> <span class='ocrx_word' id='word_1_92' title='bbox 1041 2075 1076 2132; x_wconf 92' lang='grc'>5</span> <span class='ocrx_word' id='word_1_93' title='bbox 1137 2069 1279 2151; x_wconf 92' lang='lat' dir='ltr'>(ubi</span> <span class='ocrx_word' id='word_1_94' title='bbox 1337 2069 1705 2152; x_wconf 87' lang='lat' dir='ltr'>legatorum</span> <span class='ocrx_word' id='word_1_95' title='bbox 1754 2071 2193 2135; x_wconf 86' lang='lat' dir='ltr'>Romanorum</span> <span class='ocrx_word' id='word_1_96' title='bbox 2250 2068 2427 2154; x_wconf 90' lang='lat' dir='ltr'>apud</span> <span class='ocrx_word' id='word_1_97' title='bbox 2476 2067 2840 2152; x_wconf 82' lang='lat' dir='ltr'>Syphacem</span> 
     </span>
     <span class='ocr_line' id='line_1_14' title="bbox 531 2176 2842 2264; baseline -0.003 -18"><span class='ocrx_word' id='word_1_98' title='bbox 531 2201 750 2264; x_wconf 84' lang='lat' dir='ltr'>regem</span> <span class='ocrx_word' id='word_1_99' title='bbox 797 2178 1012 2244; x_wconf 92' lang='lat' dir='ltr'>oratio</span> <span class='ocrx_word' id='word_1_100' title='bbox 1057 2176 1451 2258; x_wconf 85' lang='lat' dir='ltr'>indicatur):</span> <span class='ocrx_word' id='word_1_101' title='bbox 1521 2176 1906 2256; x_wconf 89' lang='lat' dir='ltr'>Proinde,</span> <span class='ocrx_word' id='word_1_102' title='bbox 1968 2199 2104 2243; x_wconf 90' lang='lat' dir='ltr'>seu</span> <span class='ocrx_word' id='word_1_103' title='bbox 2161 2178 2328 2261; x_wconf 90' lang='lat' dir='ltr'>ipsi</span> <span class='ocrx_word' id='word_1_104' title='bbox 2377 2183 2641 2242; x_wconf 87' lang='lat' dir='ltr'>staret</span> <span class='ocrx_word' id='word_1_105' title='bbox 2684 2177 2842 2240; x_wconf 90' lang='lat' dir='ltr'>iam</span> 
     </span>
     <span class='ocr_line' id='line_1_15' title="bbox 534 2282 2841 2367; baseline -0.003 -14"><span class='ocrx_word' id='word_1_106' title='bbox 534 2287 951 2353; x_wconf 90' lang='lat' dir='ltr'>sententia</span> <span class='ocrx_word' id='word_1_107' title='bbox 995 2305 1138 2349; x_wconf 89' lang='lat' dir='ltr'>seu</span> <span class='ocrx_word' id='word_1_108' title='bbox 1185 2283 1740 2349; x_wconf 88' lang='lat' dir='ltr'>consulendus</span> <span class='ocrx_word' id='word_1_109' title='bbox 1787 2285 2253 2350; x_wconf 88' lang='lat' dir='ltr'>Hasdrubal</span> <span class='ocrx_word' id='word_1_110' title='bbox 2300 2291 2375 2350; x_wconf 92' lang='lat' dir='ltr'>et</span> <span class='ocrx_word' id='word_1_111' title='bbox 2422 2282 2841 2367; x_wconf 87' lang='lat' dir='ltr'>Carthagi-</span> 
     </span>
     <span class='ocr_line' id='line_1_16' title="bbox 533 2391 2843 2477; baseline -0.003 -17"><span class='ocrx_word' id='word_1_112' title='bbox 533 2396 859 2461; x_wconf 89' lang='lat' dir='ltr'>nienses</span> <span class='ocrx_word' id='word_1_113' title='bbox 907 2397 1201 2470; x_wconf 88' lang='lat' dir='ltr'>essent,</span> <span class='ocrx_word' id='word_1_114' title='bbox 1249 2391 1746 2457; x_wconf 86' lang='lat' dir='ltr'>consuleret.</span> <span class='ocrx_word' id='word_1_115' title='bbox 1852 2393 2040 2470; x_wconf 86' lang='lat' dir='ltr'>Quod</span> <span class='ocrx_word' id='word_1_116' title='bbox 2086 2415 2204 2476; x_wconf 90' lang='lat' dir='ltr'>pro</span> <span class='ocrx_word' id='word_1_117' title='bbox 2252 2392 2527 2477; x_wconf 90' lang='lat' dir='ltr'>apodosi</span> <span class='ocrx_word' id='word_1_118' title='bbox 2574 2393 2843 2476; x_wconf 88' lang='lat' dir='ltr'>ponitur</span> 
     </span>
     <span class='ocr_line' id='line_1_17' title="bbox 534 2499 2844 2584; baseline -0.002 -17"><span class='ocrx_word' id='word_1_119' title='bbox 534 2500 1032 2576; x_wconf 84' lang='lat' dir='ltr'>consuleret,</span> <span class='ocrx_word' id='word_1_120' title='bbox 1079 2499 1274 2564; x_wconf 89' lang='lat' dir='ltr'>alteri</span> <span class='ocrx_word' id='word_1_121' title='bbox 1317 2504 1578 2564; x_wconf 89' lang='lat' dir='ltr'>tantum</span> <span class='ocrx_word' id='word_1_122' title='bbox 1625 2500 1989 2564; x_wconf 91' lang='lat' dir='ltr'>condicioni</span> <span class='ocrx_word' id='word_1_123' title='bbox 2034 2500 2450 2584; x_wconf 87' lang='lat' dir='ltr'>respondere,</span> <span class='ocrx_word' id='word_1_124' title='bbox 2499 2500 2582 2564; x_wconf 88' lang='lat' dir='ltr'>ab</span> <span class='ocrx_word' id='word_1_125' title='bbox 2629 2500 2844 2564; x_wconf 85' lang='lat' dir='ltr'>altera</span> 
     </span>
     <span class='ocr_line' id='line_1_18' title="bbox 538 2606 2843 2693; baseline -0.003 -17"><span class='ocrx_word' id='word_1_126' title='bbox 538 2611 709 2692; x_wconf 90' lang='lat' dir='ltr'>(seu</span> <span class='ocrx_word' id='word_1_127' title='bbox 775 2608 938 2693; x_wconf 91' lang='lat' dir='ltr'>ipsi</span> <span class='ocrx_word' id='word_1_128' title='bbox 996 2613 1075 2672; x_wconf 89' lang='lat' dir='ltr'>st.</span> <span class='ocrx_word' id='word_1_129' title='bbox 1136 2607 1176 2671; x_wconf 90' lang='lat' dir='ltr'>i.</span> <span class='ocrx_word' id='word_1_130' title='bbox 1239 2606 1318 2689; x_wconf 88' lang='lat' dir='ltr'>s.)</span> <span class='ocrx_word' id='word_1_131' title='bbox 1375 2628 1645 2692; x_wconf 89' lang='lat' dir='ltr'>prorsus</span> <span class='ocrx_word' id='word_1_132' title='bbox 1703 2608 1989 2673; x_wconf 90' lang='lat' dir='ltr'>alienum</span> <span class='ocrx_word' id='word_1_133' title='bbox 2047 2629 2188 2674; x_wconf 88' lang='lat' dir='ltr'>esse</span> <span class='ocrx_word' id='word_1_134' title='bbox 2235 2607 2843 2674; x_wconf 87' lang='lat' dir='ltr'>Weissenbornium</span> 
     </span>
    </p>

    <p class='ocr_par' dir='ltr' id='par_1_6' title="bbox 363 2715 2843 2911">
     <span class='ocr_line' id='line_1_19' title="bbox 363 2715 2843 2805; baseline -0.005 -12"><span class='ocrx_word' id='word_1_135' title='bbox 363 2735 507 2805; x_wconf 75' lang='lat'>(346)</span> <span class='ocrx_word' id='word_1_136' title='bbox 545 2741 675 2783; x_wconf 92' lang='lat' dir='ltr'>non</span> <span class='ocrx_word' id='word_1_137' title='bbox 719 2717 968 2782; x_wconf 87' lang='lat' dir='ltr'>fefellit.</span> <span class='ocrx_word' id='word_1_138' title='bbox 1082 2715 1210 2780; x_wconf 90' lang='lat' dir='ltr'>Sed</span> <span class='ocrx_word' id='word_1_139' title='bbox 1268 2715 1443 2799; x_wconf 83' lang='lat' dir='ltr'>quod</span> <span class='ocrx_word' id='word_1_140' title='bbox 1501 2717 1785 2800; x_wconf 89' lang='lat' dir='ltr'>priorem</span> <span class='ocrx_word' id='word_1_141' title='bbox 1832 2716 2153 2799; x_wconf 89' lang='lat' dir='ltr'>apodosin</span> <span class='ocrx_word' id='word_1_142' title='bbox 2199 2739 2278 2781; x_wconf 84' lang='lat' dir='ltr'>ex</span> <span class='ocrx_word' id='word_1_143' title='bbox 2321 2715 2843 2801; x_wconf 86' lang='lat' dir='ltr'>praecedentibus</span> 
     </span>
     <span class='ocr_line' id='line_1_20' title="bbox 535 2822 2842 2911; baseline -0.002 -20"><span class='ocrx_word' id='word_1_144' title='bbox 535 2826 670 2911; x_wconf 91' lang='lat' dir='ltr'>peti</span> <span class='ocrx_word' id='word_1_145' title='bbox 718 2847 910 2910; x_wconf 85' lang='lat' dir='ltr'>posse</span> <span class='ocrx_word' id='word_1_146' title='bbox 957 2829 1168 2907; x_wconf 89' lang='lat' dir='ltr'>putat,</span> <span class='ocrx_word' id='word_1_147' title='bbox 1227 2823 1295 2887; x_wconf 92' lang='lat' dir='ltr'>id</span> <span class='ocrx_word' id='word_1_148' title='bbox 1339 2824 1407 2887; x_wconf 92' lang='lat' dir='ltr'>in</span> <span class='ocrx_word' id='word_1_149' title='bbox 1453 2824 1578 2889; x_wconf 88' lang='lat' dir='ltr'>hac</span> <span class='ocrx_word' id='word_1_150' title='bbox 1624 2824 1943 2890; x_wconf 85' lang='lat' dir='ltr'>orationis</span> <span class='ocrx_word' id='word_1_151' title='bbox 1989 2823 2202 2888; x_wconf 85' lang='lat' dir='ltr'>forma</span> <span class='ocrx_word' id='word_1_152' title='bbox 2246 2823 2425 2908; x_wconf 88' lang='lat' dir='ltr'>(post</span> <span class='ocrx_word' id='word_1_153' title='bbox 2468 2822 2842 2908; x_wconf 87' lang='lat' dir='ltr'>proinde)</span> 
     </span>
    </p>
   </div>
   <div class='ocr_carea' id='block_1_4' title="bbox 592 3094 2846 4505">
    <p class='ocr_par' dir='ltr' id='par_1_7' title="bbox 592 3094 2846 4505">
     <span class='ocr_line' id='line_1_21' title="bbox 592 3094 2839 3164; baseline -0.001 -15"><span class='ocrx_word' id='word_1_154' title='bbox 592 3096 640 3164; x_wconf 90' lang='lat'>¹)</span> <span class='ocrx_word' id='word_1_155' title='bbox 677 3097 744 3150; x_wconf 88' lang='lat' dir='ltr'>In</span> <span class='ocrx_word' id='word_1_156' title='bbox 796 3097 905 3149; x_wconf 90' lang='lat' dir='ltr'>hoc</span> <span class='ocrx_word' id='word_1_157' title='bbox 958 3095 1106 3149; x_wconf 91' lang='lat' dir='ltr'>libro</span> <span class='ocrx_word' id='word_1_158' title='bbox 1159 3096 1345 3148; x_wconf 87' lang='lat' dir='ltr'>minus</span> <span class='ocrx_word' id='word_1_159' title='bbox 1397 3095 1562 3163; x_wconf 87' lang='lat' dir='ltr'>plene</span> <span class='ocrx_word' id='word_1_160' title='bbox 1617 3098 1872 3147; x_wconf 81' lang='lat' dir='ltr'>enotatas</span> <span class='ocrx_word' id='word_1_161' title='bbox 1926 3112 2030 3148; x_wconf 90' lang='lat' dir='ltr'>nos</span> <span class='ocrx_word' id='word_1_162' title='bbox 2077 3094 2284 3148; x_wconf 88' lang='lat' dir='ltr'>habere</span> <span class='ocrx_word' id='word_1_163' title='bbox 2329 3095 2538 3149; x_wconf 88' lang='lat' dir='ltr'>codicis</span> <span class='ocrx_word' id='word_1_164' title='bbox 2584 3096 2628 3149; x_wconf 92' lang='lat' dir='ltr'>P</span> <span class='ocrx_word' id='word_1_165' title='bbox 2664 3095 2839 3162; x_wconf 88' lang='lat' dir='ltr'>scrip·</span> 
     </span>
     <span class='ocr_line' id='line_1_22' title="bbox 672 3178 2846 3249; baseline -0.001 -16"><span class='ocrx_word' id='word_1_166' title='bbox 672 3186 849 3247; x_wconf 86' lang='lat' dir='ltr'>turas,</span> <span class='ocrx_word' id='word_1_167' title='bbox 904 3180 1025 3233; x_wconf 84' lang='lat' dir='ltr'>dixi</span> <span class='ocrx_word' id='word_1_168' title='bbox 1077 3197 1248 3249; x_wconf 87' lang='lat' dir='ltr'>supra</span> <span class='ocrx_word' id='word_1_169' title='bbox 1300 3178 1375 3248; x_wconf 89' lang='lat' dir='ltr'>(p.</span> <span class='ocrx_word' id='word_1_170' title='bbox 1425 3179 1563 3246; x_wconf 79' lang='lat'>204).</span> <span class='ocrx_word' id='word_1_171' title='bbox 1664 3178 1731 3234; x_wconf 92' lang='lat' dir='ltr'>In</span> <span class='ocrx_word' id='word_1_172' title='bbox 1785 3180 1979 3249; x_wconf 88' lang='lat' dir='ltr'>primis</span> <span class='ocrx_word' id='word_1_173' title='bbox 2035 3180 2166 3232; x_wconf 87' lang='lat' dir='ltr'>libri</span> <span class='ocrx_word' id='word_1_174' title='bbox 2220 3180 2499 3249; x_wconf 85' lang='lat' dir='ltr'>capitibus</span> <span class='ocrx_word' id='word_1_175' title='bbox 2553 3180 2846 3248; x_wconf 86' lang='lat' dir='ltr'>complura</span> 
     </span>
     <span class='ocr_line' id='line_1_23' title="bbox 671 3264 2838 3332; baseline -0.001 -13"><span class='ocrx_word' id='word_1_176' title='bbox 671 3269 820 3331; x_wconf 89' lang='lat' dir='ltr'>sunt,</span> <span class='ocrx_word' id='word_1_177' title='bbox 870 3282 995 3332; x_wconf 84' lang='lat' dir='ltr'>quse</span> <span class='ocrx_word' id='word_1_178' title='bbox 1032 3280 1549 3328; x_wconf 79' lang='lat' dir='ltr'>commemorarem,</span> <span class='ocrx_word' id='word_1_179' title='bbox 1585 3264 1697 3318; x_wconf 88' lang='lat' dir='ltr'>nisi</span> <span class='ocrx_word' id='word_1_180' title='bbox 1732 3264 1978 3317; x_wconf 85' lang='lat' dir='ltr'>instituti</span> <span class='ocrx_word' id='word_1_181' title='bbox 2023 3264 2136 3319; x_wconf 89' lang='lat' dir='ltr'>mei</span> <span class='ocrx_word' id='word_1_182' title='bbox 2167 3265 2317 3318; x_wconf 86' lang='lat' dir='ltr'>ratio</span> <span class='ocrx_word' id='word_1_183' title='bbox 2356 3282 2444 3317; x_wconf 79' lang='lat' dir='ltr'>me</span> <span class='ocrx_word' id='word_1_184' title='bbox 2481 3265 2551 3317; x_wconf 91' lang='lat' dir='ltr'>ab</span> <span class='ocrx_word' id='word_1_185' title='bbox 2587 3265 2674 3329; x_wconf 86' lang='lat' dir='ltr'>iis,</span> <span class='ocrx_word' id='word_1_186' title='bbox 2713 3279 2838 3331; x_wconf 83' lang='lat' dir='ltr'>quse</span> 
     </span>
     <span class='ocr_line' id='line_1_24' title="bbox 671 3348 2844 3418; baseline 0 -17"><span class='ocrx_word' id='word_1_187' title='bbox 671 3349 767 3401; x_wconf 85' lang='lat' dir='ltr'>alii</span> <span class='ocrx_word' id='word_1_188' title='bbox 804 3348 915 3401; x_wconf 86' lang='lat' dir='ltr'>iam</span> <span class='ocrx_word' id='word_1_189' title='bbox 951 3355 1105 3402; x_wconf 86' lang='lat' dir='ltr'>recte</span> <span class='ocrx_word' id='word_1_190' title='bbox 1141 3348 1626 3413; x_wconf 75' lang='lat' dir='ltr'>administrarant,</span> <span class='ocrx_word' id='word_1_191' title='bbox 1663 3354 1942 3403; x_wconf 85' lang='lat' dir='ltr'>avocaret.</span> <span class='ocrx_word' id='word_1_192' title='bbox 2015 3349 2142 3402; x_wconf 89' lang='lat' dir='ltr'>Duo</span> <span class='ocrx_word' id='word_1_193' title='bbox 2180 3354 2372 3403; x_wconf 84' lang='lat' dir='ltr'>tamen</span> <span class='ocrx_word' id='word_1_194' title='bbox 2409 3355 2617 3418; x_wconf 80' lang='lat' dir='ltr'>praeter</span> <span class='ocrx_word' id='word_1_195' title='bbox 2653 3352 2844 3403; x_wconf 84' lang='lat' dir='ltr'>cetera</span> 
     </span>
     <span class='ocr_line' id='line_1_25' title="bbox 670 3433 2844 3503; baseline -0 -17"><span class='ocrx_word' id='word_1_196' title='bbox 670 3433 912 3487; x_wconf 82' lang='lat' dir='ltr'>miratus</span> <span class='ocrx_word' id='word_1_197' title='bbox 959 3449 1106 3499; x_wconf 85' lang='lat' dir='ltr'>sum,</span> <span class='ocrx_word' id='word_1_198' title='bbox 1160 3433 1400 3501; x_wconf 84' lang='lat' dir='ltr'>primum</span> <span class='ocrx_word' id='word_1_199' title='bbox 1446 3450 1568 3501; x_wconf 84' lang='lat' dir='ltr'>cap.</span> <span class='ocrx_word' id='word_1_200' title='bbox 1606 3436 1663 3499; x_wconf 82' lang='lat'>2,</span> <span class='ocrx_word' id='word_1_201' title='bbox 1720 3438 1743 3486; x_wconf 94' lang='lat'>1</span> <span class='ocrx_word' id='word_1_202' title='bbox 1782 3451 1885 3503; x_wconf 91' lang='lat' dir='ltr'>pro</span> <span class='ocrx_word' id='word_1_203' title='bbox 1931 3435 2245 3489; x_wconf 87' lang='lat' dir='ltr'>certissima</span> <span class='ocrx_word' id='word_1_204' title='bbox 2295 3435 2400 3488; x_wconf 85' lang='lat' dir='ltr'>hac</span> <span class='ocrx_word' id='word_1_205' title='bbox 2447 3434 2755 3503; x_wconf 86' lang='lat' dir='ltr'>scriptura,</span> <span class='ocrx_word' id='word_1_206' title='bbox 2808 3449 2844 3485; x_wconf 88' lang='lat' dir='ltr'>a</span> 
     </span>
     <span class='ocr_line' id='line_1_26' title="bbox 672 3516 2842 3587; baseline -0 -16"><span class='ocrx_word' id='word_1_207' title='bbox 672 3518 930 3571; x_wconf 86' lang='lat' dir='ltr'>Creverio</span> <span class='ocrx_word' id='word_1_208' title='bbox 978 3516 1238 3584; x_wconf 86' lang='lat' dir='ltr'>inventa,</span> <span class='ocrx_word' id='word_1_209' title='bbox 1287 3536 1410 3586; x_wconf 80' lang='lat' dir='ltr'>quoe</span> <span class='ocrx_word' id='word_1_210' title='bbox 1448 3534 1560 3571; x_wconf 80' lang='lat' dir='ltr'>una</span> <span class='ocrx_word' id='word_1_211' title='bbox 1594 3523 1818 3572; x_wconf 86' lang='lat' dir='ltr'>tantum</span> <span class='ocrx_word' id='word_1_212' title='bbox 1854 3520 2045 3573; x_wconf 83' lang='lat' dir='ltr'>littera</span> <span class='ocrx_word' id='word_1_213' title='bbox 2081 3537 2114 3572; x_wconf 86' lang='lat' dir='ltr'>a</span> <span class='ocrx_word' id='word_1_214' title='bbox 2148 3519 2192 3572; x_wconf 92' lang='lat' dir='ltr'>P</span> <span class='ocrx_word' id='word_1_215' title='bbox 2231 3519 2492 3573; x_wconf 84' lang='lat' dir='ltr'>discedit:</span> <span class='ocrx_word' id='word_1_216' title='bbox 2550 3525 2619 3573; x_wconf 78' lang='lat' dir='ltr'>et</span> <span class='ocrx_word' id='word_1_217' title='bbox 2663 3519 2842 3587; x_wconf 87' lang='lat' dir='ltr'>quia,</span> 
     </span>
     <span class='ocr_line' id='line_1_27' title="bbox 670 3600 2840 3672; baseline 0 -17"><span class='ocrx_word' id='word_1_218' title='bbox 670 3619 749 3655; x_wconf 90' lang='lat' dir='ltr'>ne</span> <span class='ocrx_word' id='word_1_219' title='bbox 814 3618 947 3670; x_wconf 87' lang='lat' dir='ltr'>qua</span> <span class='ocrx_word' id='word_1_220' title='bbox 997 3600 1471 3671; x_wconf 88' lang='lat' dir='ltr'>(quiantequa)</span> <span class='ocrx_word' id='word_1_221' title='bbox 1527 3604 1786 3657; x_wconf 86' lang='lat' dir='ltr'>classis</span> <span class='ocrx_word' id='word_1_222' title='bbox 1840 3622 1919 3657; x_wconf 87' lang='lat' dir='ltr'>ex</span> <span class='ocrx_word' id='word_1_223' title='bbox 1972 3604 2218 3659; x_wconf 86' lang='lat' dir='ltr'>Africa</span> <span class='ocrx_word' id='word_1_224' title='bbox 2271 3605 2663 3672; x_wconf 87' lang='lat' dir='ltr'>traiiceret‚</span> <span class='ocrx_word' id='word_1_225' title='bbox 2729 3602 2840 3656; x_wconf 80' lang='lat' dir='ltr'>XL</span> 
     </span>
     <span class='ocr_line' id='line_1_28' title="bbox 673 3686 2841 3757; baseline 0 -17"><span class='ocrx_word' id='word_1_226' title='bbox 673 3687 969 3740; x_wconf 84' lang='lat' dir='ltr'>navibus</span> <span class='ocrx_word' id='word_1_227' title='bbox 1052 3686 1404 3740; x_wconf 87' lang='lat' dir='ltr'>custodiri</span> <span class='ocrx_word' id='word_1_228' title='bbox 1484 3688 1872 3757; x_wconf 85' lang='lat' dir='ltr'>placuerat</span> <span class='ocrx_word' id='word_1_229' title='bbox 1943 3689 2214 3744; x_wconf 66' lang='lat' dir='ltr'>Sicilire</span> <span class='ocrx_word' id='word_1_230' title='bbox 2287 3707 2495 3755; x_wconf 83' lang='lat' dir='ltr'>oram,</span> <span class='ocrx_word' id='word_1_231' title='bbox 2577 3688 2841 3742; x_wconf 82' lang='lat' dir='ltr'>substitui</span> 
     </span>
     <span class='ocr_line' id='line_1_29' title="bbox 670 3771 2844 3841; baseline 0 -16"><span class='ocrx_word' id='word_1_232' title='bbox 670 3772 925 3841; x_wconf 86' lang='lat' dir='ltr'>potuisse</span> <span class='ocrx_word' id='word_1_233' title='bbox 969 3789 1002 3824; x_wconf 88' lang='lat' dir='ltr'>a</span> <span class='ocrx_word' id='word_1_234' title='bbox 1037 3771 1494 3827; x_wconf 86' lang='lat' dir='ltr'>Weissenbornio</span> <span class='ocrx_word' id='word_1_235' title='bbox 1544 3772 1697 3841; x_wconf 88' lang='lat' dir='ltr'>(nam</span> <span class='ocrx_word' id='word_1_236' title='bbox 1733 3773 2146 3829; x_wconf 85' lang='lat' dir='ltr'>Alschefskium</span> <span class='ocrx_word' id='word_1_237' title='bbox 2190 3792 2307 3828; x_wconf 91' lang='lat' dir='ltr'>non</span> <span class='ocrx_word' id='word_1_238' title='bbox 2356 3773 2512 3841; x_wconf 86' lang='lat' dir='ltr'>curo)</span> <span class='ocrx_word' id='word_1_239' title='bbox 2548 3774 2719 3829; x_wconf 83' lang='lat' dir='ltr'>hanc:</span> <span class='ocrx_word' id='word_1_240' title='bbox 2776 3777 2844 3826; x_wconf 85' lang='lat' dir='ltr'>et</span> 
     </span>
     <span class='ocr_line' id='line_1_30' title="bbox 672 3857 2840 3928; baseline 0.001 -20"><span class='ocrx_word' id='word_1_241' title='bbox 672 3857 857 3924; x_wconf 90' lang='lat' dir='ltr'>quia,</span> <span class='ocrx_word' id='word_1_242' title='bbox 912 3861 1278 3925; x_wconf 85' lang='lat' dir='ltr'>antequam</span> <span class='ocrx_word' id='word_1_243' title='bbox 1325 3859 1465 3911; x_wconf 84' lang='lat' dir='ltr'>clas</span> <span class='ocrx_word' id='word_1_244' title='bbox 1483 3858 1576 3911; x_wconf 88' lang='lat' dir='ltr'>sis</span> <span class='ocrx_word' id='word_1_245' title='bbox 1614 3863 1745 3924; x_wconf 73' lang='lat' dir='ltr'>cet,</span> <span class='ocrx_word' id='word_1_246' title='bbox 1787 3876 1896 3926; x_wconf 88' lang='lat' dir='ltr'>qua</span> <span class='ocrx_word' id='word_1_247' title='bbox 1930 3859 2073 3912; x_wconf 90' lang='lat' dir='ltr'>nihil</span> <span class='ocrx_word' id='word_1_248' title='bbox 2108 3860 2420 3928; x_wconf 83' lang='lat' dir='ltr'>perversius</span> <span class='ocrx_word' id='word_1_249' title='bbox 2460 3858 2598 3928; x_wconf 79' lang='lat' dir='ltr'>fingi</span> <span class='ocrx_word' id='word_1_250' title='bbox 2633 3863 2840 3928; x_wconf 82' lang='lat' dir='ltr'>potest,</span> 
     </span>
     <span class='ocr_line' id='line_1_31' title="bbox 671 3940 2840 4013; baseline 0.001 -19"><span class='ocrx_word' id='word_1_251' title='bbox 671 3959 838 4009; x_wconf 88' lang='lat' dir='ltr'>quam</span> <span class='ocrx_word' id='word_1_252' title='bbox 869 3940 1142 3995; x_wconf 87' lang='lat' dir='ltr'>custodiri</span> <span class='ocrx_word' id='word_1_253' title='bbox 1169 3942 1352 3996; x_wconf 88' lang='lat' dir='ltr'>iuberi</span> <span class='ocrx_word' id='word_1_254' title='bbox 1385 3959 1556 4009; x_wconf 86' lang='lat' dir='ltr'>oram,</span> <span class='ocrx_word' id='word_1_255' title='bbox 1593 3949 1896 4011; x_wconf 84' lang='lat' dir='ltr'>antequam</span> <span class='ocrx_word' id='word_1_256' title='bbox 1926 3944 2118 3998; x_wconf 90' lang='lat' dir='ltr'>hostes</span> <span class='ocrx_word' id='word_1_257' title='bbox 2146 3945 2572 4013; x_wconf 70' lang='lat' dir='ltr'>aggrediantur-3</span> <span class='ocrx_word' id='word_1_258' title='bbox 2613 3942 2840 4012; x_wconf 88' lang='lat' dir='ltr'>[omisso</span> 
     </span>
     <span class='ocr_line' id='line_1_32' title="bbox 670 4024 2837 4098; baseline 0 -18"><span class='ocrx_word' id='word_1_259' title='bbox 670 4044 795 4080; x_wconf 89' lang='lat' dir='ltr'>cum</span> <span class='ocrx_word' id='word_1_260' title='bbox 834 4024 1117 4081; x_wconf 86' lang='lat' dir='ltr'>Gronovio</span> <span class='ocrx_word' id='word_1_261' title='bbox 1156 4031 1224 4081; x_wconf 88' lang='lat' dir='ltr'>et</span> <span class='ocrx_word' id='word_1_262' title='bbox 1261 4032 1391 4081; x_wconf 83' lang='lat' dir='ltr'>ante</span> <span class='ocrx_word' id='word_1_263' title='bbox 1427 4028 1585 4097; x_wconf 88' lang='lat' dir='ltr'>prius</span> <span class='ocrx_word' id='word_1_264' title='bbox 1625 4028 1809 4095; x_wconf 87' lang='lat' dir='ltr'>quia,</span> <span class='ocrx_word' id='word_1_265' title='bbox 1869 4028 2052 4083; x_wconf 86' lang='lat' dir='ltr'>oratio</span> <span class='ocrx_word' id='word_1_266' title='bbox 2101 4031 2178 4082; x_wconf 88' lang='lat' dir='ltr'>sic</span> <span class='ocrx_word' id='word_1_267' title='bbox 2229 4028 2682 4098; x_wconf 73' lang='lat' dir='ltr'>intel-pungenda</span> <span class='ocrx_word' id='word_1_268' title='bbox 2730 4034 2837 4082; x_wconf 84' lang='lat' dir='ltr'>est:</span> 
     </span>
     <span class='ocr_line' id='line_1_33' title="bbox 671 4111 2841 4181; baseline 0.001 -18"><span class='ocrx_word' id='word_1_269' title='bbox 671 4111 746 4165; x_wconf 92' lang='lat' dir='ltr'>In</span> <span class='ocrx_word' id='word_1_270' title='bbox 804 4111 1122 4166; x_wconf 87' lang='lat' dir='ltr'>Siciliam</span> <span class='ocrx_word' id='word_1_271' title='bbox 1180 4141 1248 4152; x_wconf 88' lang='lat'><strong>—</strong></span> <span class='ocrx_word' id='word_1_272' title='bbox 1296 4113 1593 4179; x_wconf 85' lang='lat' dir='ltr'>scripta,</span> <span class='ocrx_word' id='word_1_273' title='bbox 1651 4113 1813 4180; x_wconf 88' lang='lat' dir='ltr'>quia</span> <span class='ocrx_word' id='word_1_274' title='bbox 1855 4140 1924 4150; x_wconf 90' lang='lat'>—-</span> <span class='ocrx_word' id='word_1_275' title='bbox 1972 4113 2228 4181; x_wconf 82' lang='lat' dir='ltr'>fuerat3</span> <span class='ocrx_word' id='word_1_276' title='bbox 2284 4117 2351 4168; x_wconf 91' lang='lat' dir='ltr'>et</span> <span class='ocrx_word' id='word_1_277' title='bbox 2406 4114 2592 4181; x_wconf 90' lang='lat' dir='ltr'>quia,</span> <span class='ocrx_word' id='word_1_278' title='bbox 2648 4128 2727 4167; x_wconf 92' lang='lat' dir='ltr'>ne</span> <span class='ocrx_word' id='word_1_279' title='bbox 2774 4139 2841 4150; x_wconf 88' lang='lat'>—</span> 
     </span>
     <span class='ocr_line' id='line_1_34' title="bbox 672 4197 2841 4265; baseline 0.001 -16"><span class='ocrx_word' id='word_1_280' title='bbox 672 4214 878 4265; x_wconf 83' lang='lat' dir='ltr'>oram,</span> <span class='ocrx_word' id='word_1_281' title='bbox 935 4197 1279 4252; x_wconf 88' lang='lat' dir='ltr'>tredecim</span> <span class='ocrx_word' id='word_1_282' title='bbox 1322 4224 1390 4235; x_wconf 87' lang='lat'>—·</span> <span class='ocrx_word' id='word_1_283' title='bbox 1436 4197 1656 4262; x_wconf 83' lang='lat' dir='ltr'>duxit3</span> <span class='ocrx_word' id='word_1_284' title='bbox 1701 4201 1958 4251; x_wconf 75' lang='lat' dir='ltr'>ceterae</span> <span class='ocrx_word' id='word_1_285' title='bbox 2016 4227 2085 4251; x_wconf 85' lang='lat'>-·.</span> <span class='ocrx_word' id='word_1_286' title='bbox 2165 4198 2259 4252; x_wconf 89' lang='lat' dir='ltr'>Ita</span> <span class='ocrx_word' id='word_1_287' title='bbox 2307 4199 2489 4252; x_wconf 88' lang='lat' dir='ltr'>omnis</span> <span class='ocrx_word' id='word_1_288' title='bbox 2537 4197 2841 4252; x_wconf 80' lang='lat' dir='ltr'>difficultas</span> 
     </span>
     <span class='ocr_line' id='line_1_35' title="bbox 669 4279 2839 4353; baseline 0.001 -18"><span class='ocrx_word' id='word_1_289' title='bbox 669 4279 938 4350; x_wconf 83' lang='lat' dir='ltr'>tolleturJ.</span> <span class='ocrx_word' id='word_1_290' title='bbox 1022 4282 1277 4336; x_wconf 80' lang='lat' dir='ltr'>Alterum</span> <span class='ocrx_word' id='word_1_291' title='bbox 1314 4287 1414 4349; x_wconf 87' lang='lat' dir='ltr'>est,</span> <span class='ocrx_word' id='word_1_292' title='bbox 1462 4298 1507 4334; x_wconf 93' lang='lat' dir='ltr'>c.</span> <span class='ocrx_word' id='word_1_293' title='bbox 1549 4284 1598 4348; x_wconf 85' lang='lat'>3,</span> <span class='ocrx_word' id='word_1_294' title='bbox 1635 4284 1670 4334; x_wconf 87' lang='lat'>4</span> <span class='ocrx_word' id='word_1_295' title='bbox 1707 4283 1897 4350; x_wconf 86' lang='lat' dir='ltr'>sperni</span> <span class='ocrx_word' id='word_1_296' title='bbox 1932 4284 2186 4351; x_wconf 86' lang='lat' dir='ltr'>potuisse</span> <span class='ocrx_word' id='word_1_297' title='bbox 2224 4284 2559 4353; x_wconf 82' lang='lat' dir='ltr'>scripturam</span> <span class='ocrx_word' id='word_1_298' title='bbox 2596 4284 2681 4337; x_wconf 91' lang='lat' dir='ltr'>ed.</span> <span class='ocrx_word' id='word_1_299' title='bbox 2721 4284 2839 4337; x_wconf 84' lang='lat' dir='ltr'>Mo·</span> 
     </span>
     <span class='ocr_line' id='line_1_36' title="bbox 668 4365 2837 4438; baseline 0 -18"><span class='ocrx_word' id='word_1_300' title='bbox 668 4370 850 4434; x_wconf 85' lang='lat' dir='ltr'>gunt.:</span> <span class='ocrx_word' id='word_1_301' title='bbox 910 4368 966 4420; x_wconf 82' lang='lat' dir='ltr'>si</span> <span class='ocrx_word' id='word_1_302' title='bbox 1021 4366 1207 4421; x_wconf 84' lang='lat' dir='ltr'>forte</span> <span class='ocrx_word' id='word_1_303' title='bbox 1262 4366 1391 4419; x_wconf 87' lang='lat' dir='ltr'>iam</span> <span class='ocrx_word' id='word_1_304' title='bbox 1447 4365 1672 4419; x_wconf 86' lang='lat' dir='ltr'>satias</span> <span class='ocrx_word' id='word_1_305' title='bbox 1721 4368 1973 4421; x_wconf 89' lang='lat' dir='ltr'>amoris</span> <span class='ocrx_word' id='word_1_306' title='bbox 2020 4369 2086 4422; x_wconf 91' lang='lat' dir='ltr'>in</span> <span class='ocrx_word' id='word_1_307' title='bbox 2134 4387 2347 4423; x_wconf 85' lang='lat' dir='ltr'>uxore</span> <span class='ocrx_word' id='word_1_308' title='bbox 2397 4397 2465 4408; x_wconf 86' lang='lat'>—·</span> <span class='ocrx_word' id='word_1_309' title='bbox 2511 4369 2837 4438; x_wconf 84' lang='lat' dir='ltr'>cepisset,</span> 
     </span>
     <span class='ocr_line' id='line_1_37' title="bbox 667 4451 1416 4505; baseline -0.001 -2"><span class='ocrx_word' id='word_1_310' title='bbox 667 4451 897 4505; x_wconf 83' lang='lat' dir='ltr'>retineri</span> <span class='ocrx_word' id='word_1_311' title='bbox 932 4452 1112 4505; x_wconf 85' lang='lat' dir='ltr'>satis</span> <span class='ocrx_word' id='word_1_312' title='bbox 1149 4452 1416 4505; x_wconf 88' lang='lat' dir='ltr'>amoris.</span> 
     </span>
    </p>
   </div>
  </div>
 </body>
</html>
