3230 5282
639 605 764 659 Lib.
807 605 970 661 XLV.
1729 595 1853 657 720

641 777 934 859 addito):
982 778 1069 843 In
1114 779 1672 845 Macedoniam
1718 780 2067 847 culmina
2111 780 2505 846 nomi-nati
2541 780 2613 842 A„
2652 776 2934 842 Postu-

644 888 849 952 mius
894 887 1228 967 LuscuS,
1278 886 1344 952 O.
1395 886 1819 969 ClaudiuS,
1887 889 2119 956 ambo
2177 889 2560 967 censorii,
2608 883 2679 950 C.
2729 885 2933 951 Lici·

641 997 825 1061 nius
874 994 1249 1077 crassae,
1319 998 1647 1080 collega
1711 997 1792 1062 in
1859 998 2299 1064 consulatu
2355 997 2589 1062 Pauli
2646 1030 2750 1057 ——.
2798 992 2934 1058 His

637 1103 1215 1171 consularibus
1281 1105 1682 1171 addidere
1760 1113 1903 1185 cet.,
1970 1112 2046 1170 ut
2113 1105 2542 1189 significetur,
2610 1104 2734 1168 hos
2802 1110 2935 1168 tres

641 1211 1027 1279 consulares
1073 1215 1256 1297 quasi
1305 1214 1530 1297 capita
1572 1213 1924 1298 legationis
1971 1221 2038 1280 et
2080 1214 2497 1298 splendorem
2541 1212 2763 1292 fuisse,
2810 1233 2938 1277 non

637 1320 803 1386 satis
862 1319 1285 1406 confirmatur
1340 1344 1464 1388 usu
1520 1322 1924 1407 loquendi.¹)
2014 1322 2297 1388 Facilius
2365 1329 2650 1388 extremo
2720 1321 2935 1404 capite

638 1427 706 1512 (ἓ
756 1429 820 1511 7)
880 1429 1156 1513 expoliri
1210 1437 1433 1514 potest
1490 1432 1746 1516 Grynaei
1803 1432 2205 1512 emendati03
2271 1452 2426 1496 nam
2494 1430 2666 1513 quod
2736 1431 2794 1495 is
2859 1449 2935 1493 ex

641 1537 766 1602 hac
812 1537 1058 1604 codicis
1094 1541 1450 1624 scriptura:
1498 1546 1760 1606 tamen
1797 1541 1875 1605 in
1910 1547 2198 1606 senatu
2234 1559 2557 1624 quoque
2591 1536 2935 1621 agitalte

637 1654 833 1712 sunt
891 1669 1185 1714 summa
1242 1647 1782 1714 consiliorum
1840 1647 2085 1714 effecit:
2156 1655 2415 1713 tamen
2469 1683 2556 1692 —
2619 1648 2937 1729 agitata

637 1761 768 1820 est
814 1777 1112 1821 summa
1167 1757 1728 1836 consiliorum,
1784 1759 2002 1842 potuit
2058 1764 2125 1822 et
2172 1756 2398 1821 debuit
2444 1755 2691 1821 codicis
2738 1755 2935 1819 vesti·

641 1864 750 1946 gia
794 1865 991 1948 paulo
1027 1867 1319 1950 pressius
1356 1867 1573 1951 sequi:
1620 1873 1876 1931 tamen
1908 1867 2367 1949 *agitatae
2400 1871 2584 1929 sunt
2620 1848 2937 1928 su‘mmae

641 1972 1196 2040 consiliorum.
1286 1974 1572 2040 Pluralis
1619 1997 1925 2040 numerus
1970 1975 2129 2040 satis
2177 1974 2477 2038 convenit
2522 1970 2929 2036 multitudini

635 2102 858 2146 rerum
902 2083 968 2147 in
1016 2082 1271 2148 duabus
1315 2084 1667 2167 provinciis
1714 2082 2247 2149 ordinandarum.
2372 2164 2385 2179 ⁶

814 2190 967 2274 Cap.
1024 2196 1117 2272 18,
1166 2197 1201 2256 3
1271 2189 1410 2272 (ubi
1479 2193 1826 2276 exponitur
1890 2214 2140 2257 summa
2205 2191 2452 2255 decreti
2520 2195 2790 2254 senatus
2859 2187 2936 2251 de

640 2299 1093 2383 componendo
1137 2300 1540 2366 Macedoniae
1599 2300 1846 2382 statu):
1913 2299 2236 2365 Metalli
2305 2320 2621 2382 quoque
2678 2297 2936 2362 Macc-

642 2409 945 2486 donici,
1015 2409 1223 2489 quod
1290 2410 1574 2492 ingens
1622 2409 1972 2492 vectigal
2040 2414 2242 2488 erat,
2309 2407 2936 2487 locationesque

641 2516 1132 2608 praediorum
1178 2519 1679 2583 rusticorum
1724 2517 1911 2583 tolli
1946 2515 2351 2601 placebat.
2420 2513 2641 2579 Mendi
2685 2512 2938 2595 aliquid

639 2627 745 2693 hic
790 2627 1078 2707 subesse,
1125 2626 1270 2709 ipsa
1316 2626 1635 2692 orationis
1679 2624 1891 2693 forma
1926 2625 2086 2690 satis
2126 2622 2449 2703 declarat3
2509 2639 2721 2706 neque
2768 2621 2939 2687 enim

638 2736 959 2802 metalli
1002 2732 1639 2817 locationesque
1684 2735 2174 2818 praediorum
2220 2755 2338 2817 pro
2384 2730 2701 2797 metalli
2759 2751 2938 2814 prae·

640 2845 1122 2928 diorumque
1167 2844 1731 2909 locationibus
1778 2842 1995 2908 dicere
2041 2842 2216 2908 licet.
2304 2840 2538 2922 Itaque
2583 2839 2809 2904 nescio
2855 2860 2937 2902 au

457 2971 617 3037 (599)
653 2954 824 3019 hanc
892 2951 1343 3017 difficultatem
1409 2954 1624 3017 vitans
1669 2951 2230 3018 Weissenbornius
2296 2948 2579 3014 ediderit
2646 2946 2937 3028 (sublato

639 3061 1016 3144 commate):
1086 3060 1415 3127 Metalli
1461 3081 1778 3145 quoque
1835 3058 2342 3125 Macedonici
2399 3055 2611 3139 quod
2656 3057 2935 3138 ingens

639 3170 989 3252 vectigal
1036 3176 1242 3249 erat,
1292 3176 1367 3234 ut
1422 3169 1759 3252 genetivus
1806 3189 1846 3232 a
1903 3166 2334 3250 vectigalis
2392 3164 2653 3230 nomine
2697 3163 2935 3247 pende-

638 3287 759 3346 ret.
851 3278 978 3345 Sed
1024 3298 1234 3361 neque
1279 3278 1625 3343 verborum
1673 3277 1833 3342 ordo
1879 3284 2098 3341 rectus
2159 3281 2259 3339 est
2317 3294 2528 3355 neque
2584 3280 2765 3337 recte
2824 3271 2933 3335 ad·

639 3390 945 3453 iiciuntur
1010 3385 1155 3451 illa:
1226 3385 1439 3471 quod
1502 3421 1586 3431 -—
1667 3392 1842 3450 erat
1912 3384 2288 3467 (dicendum
2356 3388 2530 3447 erat:
2611 3379 2933 3446 Metalli

638 3515 956 3581 quoque
1024 3494 1536 3561 Macedonici
1600 3494 1996 3577 vectigal,
2068 3490 2281 3576 quod
2340 3490 2627 3571 ingens
2696 3486 2931 3567 erat);

635 3626 848 3689 neque
912 3606 1057 3686 ipso
1127 3624 1244 3686 per
1310 3623 1378 3667 se
1446 3603 1747 3685 vectigali
1791 3599 2261 3667 Macedonibus
2316 3597 2605 3663 invidere
2628 3586 2927 3682 ‘'senatus

635 3713 840 3778 videri
883 3711 1145 3776 volebat
1191 3710 1578 3794 (vectigal
1625 3709 1859 3791 tolli),
1908 3709 2023 3774 sed
2068 3706 2486 3773 incommoda
2517 3706 2578 3770 ei
2624 3703 2931 3769 adiuncta

633 3823 887 3886 timere.
977 3820 1144 3883 Tum
1214 3840 1335 3884 nec
1392 3818 1964 3884 Weissenbornius
2030 3839 2150 3883 nec
2217 3816 2417 3881 ceteri
2478 3813 2926 3896 quaesiverunt,

687 4036 733 4103 ι)
772 4033 945 4103 [Nihil
979 4039 1182 4105 postea
1215 4034 1413 4088 melius
1449 4041 1735 4104 repertum
1771 4038 1870 4087 est.
1928 4031 2240 4086 Culmina
2274 4026 2721 4098 (columinaP)
2758 3986 2923 4097 ipsius

772 4121 1089 4193 legationis,
1126 4124 1190 4175 ut
1226 4121 1358 4188 dixi,
1393 4120 1821 4190 intelleguntur3
1859 4118 2106 4188 alioquin
2140 4135 2276 4172 sane
2312 4116 2603 4187 genetivus
2641 4110 2922 4167 addendus

772 4214 922 4276 erat,
963 4207 1118 4263 velut
1151 4206 1249 4260 rei
1279 4223 1331 4275 p.
1371 4211 1466 4260 aut
1501 4206 1708 4261 similis.
1779 4204 1987 4259 Saltem
2022 4203 2130 4258 hoc
2166 4207 2359 4257 tenore
2396 4203 2629 4271 praestat
2662 4215 2826 4267 quam
2862 4196 2922 4248 li·

774 4293 1090 4349 centissime
1143 4309 1250 4361 pro
1298 4292 1507 4345 culmi
1553 4292 1893 4346 substituere
1947 4289 2357 4345 consulares
2394 4289 2745 4356 quattuor.
2816 4283 2923 4336 Lu·

771 4380 957 4433 mina
992 4378 1197 4433 curiae
1235 4378 1337 4432 hos
1373 4382 1492 4433 tres
1530 4378 1849 4431 consulares
1887 4375 2085 4442 fuisse,
2122 4372 2278 4428 nulla
2312 4377 2399 4426 est
2434 4369 2582 4441 apud
2615 4369 2834 4424 Livium
2870 4367 2925 4420 iu

776 4464 978 4518 horum
1015 4481 1287 4518 annorum
1323 4463 1489 4518 rebus
1526 4462 1822 4517 narrandis
1858 4458 2205 4532 significatio.
2265 4457 2432 4526 1864]
