3230 5282
1519 613 1595 673 15

393 803 531 867 iam
576 802 646 865 in
696 800 921 864 codice
966 797 1327 883 archetypo
1371 796 1837 881 interpolando
1883 796 2286 863 occultatum
2321 803 2485 876 erat,
2534 797 2724 861 cuius

393 912 494 976 rei
553 909 977 974 manifestum
1037 905 1408 991 exemplum
1474 913 1577 971 est
1630 907 1698 971 in
1743 905 1804 986 1,
1862 910 1973 985 56,
2041 909 2148 985 11,
2207 906 2321 971 ubi
2379 927 2587 989 quum
2644 926 2724 971 ex

392 1016 836 1102 Tarquinii
894 1022 980 1080 ιιι
1024 1013 1333 1080 Sextus
1389 1020 1609 1080 ortum
1667 1022 1841 1080 esset
1895 1013 2206 1080 facillimo
2254 1035 2475 1080 errore
2522 1013 2714 1098 (prae-
2753 1018 2864 1086 (14)

396 1128 631 1192 sertim
710 1126 766 1190 si
844 1123 1241 1206 Tarquini
1320 1121 1753 1204 scriberetur)
1833 1123 2329 1205 Tarquinius
2410 1123 2723 1203 SextuS,

396 1241 553 1320 post
607 1234 891 1298 fuerat
948 1230 1246 1297 additum
1302 1237 1407 1297 est
1466 1238 1551 1297 ut
1608 1231 2140 1315 (Tarquinius
2200 1231 2519 1311 SextuS,
2589 1232 2725 1315 qui

396 1344 661 1409 Romae
713 1340 1063 1406 relictus
1109 1340 1409 1421 fuerat,
1454 1347 1540 1405 ιιι
1582 1341 1923 1423 ignarus
1970 1340 2344 1425 responsi
2389 1339 2723 1422 esset)¹);

398 1451 690 1516 alterum
768 1470 902 1513 non
980 1449 1194 1514 minus
1287 1447 1707 1514 manifestum
1784 1447 2032 1513 notabo
2115 1455 2182 1513 et
2260 1449 2587 1532 corrigam
2657 1450 2725 1514 in

401 1559 514 1637 IV,
562 1562 666 1637 25,
727 1562 764 1622 7
813 1556 1192 1638 (consilia
1249 1557 1352 1644 de,
1399 1557 1787 1623 movendo
1833 1555 2084 1635 bello,
2145 1556 2724 1623 consiliadmo-

397 1666 661 1733 vendo
708 1664 958 1742 bello,
1018 1665 1171 1731 inde
1229 1664 1589 1731 consilia
1635 1666 1735 1730 ad
1780 1664 2171 1730 movenda
2213 1663 2481 1747 bella),
2529 1665 2724 1748 paulo

400 1775 798 1841 obscuriora
840 1775 910 1838 in
955 1773 1082 1853 111,
1152 1778 1261 1854 38,
1335 1778 1411 1837 10
1457 1780 1527 1840 et
1568 1773 1688 1854 IV,
1757 1778 1815 1852 7,
1890 1777 1961 1836 11
2014 1779 2099 1852 et,
2148 1771 2350 1855 [quod
2397 1774 2727 1857 corrigere

397 1905 620 1967 nuper
663 1881 988 1965 contigit]
1035 1883 1143 1962 IV,
1191 1886 1293 1959 43,
1341 1887 1397 1948 5.

581 1991 713 2057 Sed
748 1992 911 2067 haec,
957 1997 1035 2055 ιιι
1068 1990 1221 2069 dixi,
1271 2011 1426 2055 rara
1463 1997 1617 2055 sunt
1650 1990 1951 2072 exempla
1983 1988 2160 2053 illius
2195 1988 2727 2073 interpolationis

396 2100 695 2183 generi8‚
756 2097 929 2181 quod
985 2099 1053 2163 in
1108 2096 1587 2163 recentioribus
1650 2097 1990 2162 codicibus
2046 2097 2269 2161 multis
2312 2097 2614 2181 partibus
2660 2105 2729 2163 et

398 2207 818 2291 frequentius
876 2212 946 2270 et
999 2204 1318 2270 audacius
1367 2212 1495 2286 est;
1553 2205 1760 2270 multo
1806 2204 2008 2270 latius
2054 2205 2186 2269 iam
2234 2205 2299 2268 in
2348 2205 2574 2271 codice
2621 2227 2726 2270 ar-

403 2317 693 2400 chetypo
753 2314 970 2398 patuit
1016 2312 1298 2378 alterum
1343 2313 1509 2379 illud
1555 2335 1790 2397 genus,
1848 2313 2022 2394 quod
2080 2311 2297 2378 verbis
2355 2313 2730 2379 continetur

404 2425 493 2490 ad
529 2423 904 2489 orationem
938 2421 1333 2506 explendam
1358 2421 1834 2487 sententiamve
1862 2420 2327 2486 declarandam
2353 2422 2724 2506 adscriptis,

404 2532 650 2599 deinde
696 2551 917 2595 errore
965 2528 1204 2611 (neque
1252 2531 1425 2594 enim
1472 2528 1813 2594 consilium
1857 2527 1983 2593 fuit
2026 2534 2141 2593 aut
2185 2529 2519 2610 iudicium,
2566 2531 2722 2612 quid

402 2641 581 2708 Livii
628 2646 837 2719 esset,
896 2637 1054 2721 quid
1111 2638 1269 2719 non)
1324 2638 1392 2703 in
1437 2639 1644 2722 ipsam
1692 2638 2056 2704 orationem
2101 2639 2403 2723 receptis,
2505 2639 2722 2722 Atque

403 2748 784 2816 huiusmodi
841 2747 1142 2830 quaedam
1200 2768 1342 2812 esse
1398 2747 2019 2831 interpretamenta,
2078 2768 2221 2831 quae
2276 2749 2565 2812 omnium
2612 2769 2721 2812 co-

403 2861 634 2924 dicum
712 2877 1033 2921 consensu
1114 2854 1610 2935 confirmentur,
1691 2856 1947 2921 ratione
2027 2855 2395 2921 certissima
2460 2857 2723 2921 convin-

404 2973 681 3044 cantur,
751 2963 1122 3030 concedunt
1177 2963 1552 3028 necessario
1612 2964 1814 3028 etiam
1871 2964 1946 3042 ii,
2017 2965 2127 3046 qui
2172 2985 2323 3029 raro
2371 2966 2722 3049 quicquam

400 3073 790 3141 huiusmodi
849 3072 1250 3152 concedunt3
1319 3070 1435 3137 sed
1490 3077 1566 3135 ut
1611 3072 1856 3137 certius
1903 3094 2008 3137 res
2054 3072 2414 3151 iudicetur,
2480 3095 2721 3156 ponam

398 3184 693 3269 primum
738 3182 805 3245 in
856 3186 1213 3264 conspectu
1261 3179 1568 3258 collecta,
1638 3201 1785 3265 quae
1842 3179 1926 3244 ab
1985 3180 2131 3244 aliis
2188 3181 2256 3245 in
2312 3181 2437 3245 hoc
2484 3203 2721 3264 genere

548 3385 714 3439 mihi
767 3386 1114 3452 miserius,
1169 3385 1264 3440 ubi
1319 3389 1477 3440 recte
1522 3385 1810 3438 Bekkerus
1869 3390 2092 3439 secutus
2138 3390 2224 3439 est
2270 3385 2720 3440 emendationem

551 3472 664 3524 iam
700 3472 760 3525 in
796 3472 992 3526 codice
1031 3470 1430 3526 Gaertneriano
1468 3470 1704 3525 factam:
1754 3488 1877 3525 nec
1912 3470 2045 3525 tibi
2083 3471 2358 3540 turpius
2397 3489 2519 3526 nec
2556 3473 2719 3526 mihi

547 3556 897 3610 miserius.
981 3556 1356 3624 Quaerebatur
1392 3556 1629 3611 alterum
1668 3556 2102 3624 comparationis
2137 3557 2469 3611 membrum.
2541 3556 2723 3624 (Quod

548 3660 732 3711 nuper
787 3661 980 3710 quam
1036 3643 1318 3696 sublatum
1366 3659 1470 3696 nec
1517 3649 1706 3696 tamen
1750 3659 1871 3696 nec
1918 3642 2173 3696 additum
2223 3648 2333 3709 est,
2387 3643 2521 3698 ferri
2565 3644 2721 3698 nullo

546 3726 720 3781 modo
765 3727 994 3797 potest.)
1088 3726 1321 3796 [Contra
1366 3726 1444 3795 X,
1500 3730 1592 3796 45,
1653 3730 1716 3780 12
1760 3728 1820 3782 in
1855 3727 1899 3781 P
1936 3729 2253 3795 ceterisque
2298 3746 2426 3784 nec
2478 3758 2547 3769 —-
2599 3747 2721 3785 nec

550 3813 825 3882 scriptum
865 3819 953 3868 est
988 3830 1090 3883 pro
1128 3830 1247 3868 nec
1282 3841 1352 3850 —
1389 3810 1543 3881 sed.]

468 3901 513 3964 ¹)
551 3897 721 3953 Paene
767 3898 1096 3954 incredibile
1145 3902 1257 3966 est,
1307 3898 1453 3952 hanc
1503 3898 1862 3968 scripturam,
1908 3916 2025 3954 non
2069 3899 2196 3954 dico
2244 3899 2313 3953 ab
2349 3899 2723 3966 Alschefskio,

551 3983 651 4038 sed
688 4001 723 4039 a
760 3984 1218 4038 Weissenbornio
1257 3988 1314 4038 et
1348 3982 1577 4037 Hertzio
1613 3985 1848 4053 probari
1884 3985 2164 4054 potuisse;
2200 4003 2331 4039 nam
2366 3991 2428 4039 ut
2465 3987 2720 4041 omittam

549 4085 878 4138 praenomen
914 4070 1127 4124 nomini
1163 4069 1568 4139 postpositum,
1618 4070 1772 4138 qnod
1807 4069 2077 4125 feceritne
2113 4088 2359 4139 unquam
2378 4071 2588 4139 Livius,
2627 4074 2721 4126 ad-

548 4154 782 4209 modum
840 4154 1072 4209 dubium
1127 4160 1237 4223 est,
1291 4154 1401 4209 hoc
1452 4155 1651 4209 saltem
1694 4156 1849 4222 1000,
1905 4156 1999 4210 ubi
2050 4173 2213 4210 omne
2256 4156 2476 4225 pondus
2524 4164 2610 4213 est
2659 4159 2718 4213 in

550 4241 917 4309 praenomine,
967 4259 1077 4309 quo
1114 4240 1317 4295 tertius
1354 4239 1528 4297 frater
1562 4247 1859 4310 separatur
1895 4259 1928 4295 a
1965 4242 2198 4308 duobus,
2234 4259 2349 4299 non
2386 4243 2536 4310 fecit,
2574 4244 2721 4298 ordi-

549 4342 787 4394 nemque
845 4327 1123 4395 reliquum
1177 4327 1504 4394 verborum,
1560 4327 1833 4382 evertitur
1881 4329 2061 4383 omnis
2108 4329 2388 4383 sententia
2432 4330 2617 4398 posita
2661 4331 2720 4383 in

552 4411 901 4465 seiunctione
947 4410 1379 4480 Tarquiniorum
1434 4419 1490 4465 et
1534 4413 1719 4480 Bruti,
1776 4413 1932 4466 cuius
1986 4432 2194 4469 nomen
2240 4415 2580 4469 contrarium
2628 4433 2716 4468 re-

548 4495 732 4550 fertur
765 4496 898 4551 huic
934 4497 1315 4565 Tarquinii.
