3230 5282
539 569 662 623 Lib.
699 568 863 623 XLV.
1628 555 1751 616 732

540 762 718 805 mum
763 739 1074 806 videbant
1120 745 1187 805 et
1232 739 1505 805 adibant
1548 740 1864 818 tribunal,
1914 715 2219 807 aditum
2265 740 2390 806 dici
2436 746 2727 825 poterat3
2773 748 2836 806 et

540 848 972 934 perturbatur
1019 849 1525 914 enumerationis
1571 849 1952 935 aequalitas;
1997 849 2368 915 tribunal
2413 871 2532 934 per
2576 871 2665 928 se,
2708 870 2839 915 non

541 958 755 1021 minus
801 978 1000 1042 quam
1046 977 1325 1041 praecO,
1373 975 1802 1036 accensus,
1848 965 2167 1024 terrorem
2211 957 2571 1042 praebebat.
2661 957 2841 1024 Infra

543 1065 603 1149 (g
652 1066 737 1148 6),
786 1066 900 1132 ubi
946 1066 1026 1132 de
1074 1065 1392 1132 divisione
1437 1066 1845 1133 Macedoniae
1889 1068 1957 1131 in
1991 1072 2308 1149 quattuor
2339 1073 2563 1150 partes
2599 1068 2839 1148 agitur,

541 1175 608 1240 in
654 1176 881 1259 primae
927 1177 1135 1260 partis
1191 1175 1671 1259 descriptione,
1737 1173 2288 1257 quemadmodum
2355 1182 2582 1240 trans
2639 1174 2840 1240 Nes·

470 1315 474 1326 ⁴
545 1305 741 1360 sum,
810 1282 905 1348 ad
973 1285 1373 1350 orientem
1449 1304 1795 1360 versum,
1888 1285 1984 1349 sic
2047 1290 2225 1349 recte
2297 1273 2538 1348 d'icitur
2607 1284 2839 1350 etiam:

542 1396 772 1455 trans
818 1390 1342 1475 Strymonem,
1408 1392 1842 1475 vergentia
1907 1392 2005 1456 ad
2076 1413 2474 1470 occasum,
2530 1393 2845 1476 praeposi-

543 1499 754 1565 tionis¹
792 1521 913 1564 usu
957 1501 1165 1566 relato
1214 1501 1300 1566 ad
1344 1500 1820 1585 praecedentem
1877 1500 2279 1566 mentionem
2334 1501 2624 1583 regionis
2669 1502 2844 1566 inter

544 1605 952 1692 Strymonem
1010 1616 1076 1674 et
1130 1609 1412 1674 Nessum
1469 1610 1645 1685 sitae,
1693 1629 1837 1690 quae
1884 1617 2082 1694 caput
2126 1609 2324 1674 huius
2373 1611 2599 1693 primae
2633 1610 2843 1694 partis

544 1722 707 1780 erat.
800 1715 930 1781 Sed
995 1719 1062 1783 in
1130 1717 1355 1782 codice
1422 1737 1581 1783 non:
1651 1717 1999 1796 Abdera,
2058 1725 2286 1783 trans
2347 1718 2847 1802 Strymonem

515 1833 809 1897 ,autem
857 1824 1183 1904 scribitur,
1230 1826 1375 1891 sed:
1445 1825 2348 1911 Abderatistrymonem
2410 1834 2710 1905 autem,
2778 1827 2848 1892 in

547 1954 678 2017 quo
724 1935 946 2017 potius
996 1935 1107 1999 cis
1175 1933 1670 2018 Strymonem
1716 1934 1923 2000 latere
1969 1934 2259 2014 videtum
2329 1942 2394 2000 et
2449 1937 2671 2019 potuit
2731 1936 2842 2000 Li-

542 2043 682 2106 vius
749 2043 843 2107 sic
911 2042 1233 2120 scribere,
1304 2044 1520 2108 minus
1582 2045 1844 2109 omnino
1905 2050 2252 2122 accurate,
2305 2044 2708 2127 cogitatione
2753 2043 2846 2108 ad

544 2150 803 2216 Italiam
848 2150 1303 2234 Graeciamque
1348 2150 1681 2233 reflexa.¹)

716 2259 871 2345 Cap.
932 2266 1032 2339 30,
1097 2267 1125 2325 1
1177 2261 1559 2344 exponitur,
1618 2259 2166 2342 quemadmodum
2225 2260 2660 2326 Macedonum
2707 2261 2848 2325 ani-

544 2387 684 2433 mos
741 2369 1107 2435 adiecerint
1153 2368 1419 2436 decreta
1463 2369 1934 2448 Romanorum3
2005 2370 2061 2433 is
2117 2368 2306 2434 locus
2361 2369 2429 2433 in
2484 2367 2706 2433 codice
2752 2368 2851 2434 sic

546 2478 828 2560 scriptus
877 2485 1005 2543 est:
1074 2477 1462 2545 Libertas
1518 2487 1817 2561 praeter
1875 2499 2009 2562 spe
2057 2477 2151 2559 (id
2199 2484 2316 2554 est,
2365 2469 2610 2560 spem)
2659 2475 2852 2542 data

545 2584 639 2650 ad
686 2606 826 2663 rex
874 2592 998 2652 est
1047 2585 1433 2670 (adrexit)
1503 2592 1583 2652 et
1638 2585 1993 2652 levatum
2054 2607 2397 2652 annuum
2452 2585 2850 2669 vectigal;
2956 2644 2965 2651 .

541 2695 1035 2777 regionatim
1105 2697 1402 2762 mescio
1470 2695 1973 2780 interruptis
2042 2694 2412 2760 advideri
2478 2695 2853 2760 lacerata

542 2810 955 2888 tamquam
1000 2805 1387 2871 animalia
1433 2805 1509 2869 in
1554 2811 1792 2869 artus
1840 2804 2192 2869 alteram
2237 2803 2599 2868 alterius
2647 2802 2853 2868 indi-

543 2914 802 2979 centis
861 2913 1283 2979 distracto.
1372 2913 1537 2978 Tum
1604 2920 1826 2978 autem
1878 2902 2190 2977 librarius
2251 2911 2595 2994 aliquanto
2656 2909 2851 2987 infra,

543 3020 576 3102 ἓ
625 3026 679 3101 6,
727 3022 1012 3104 quinque
1047 3021 1246 3087 verba
1280 3021 1473 3117 buius
1512 3021 1642 3086 loci
1679 3021 1915 3086 iterum
1950 3021 2215 3104 scripsit
2250 3020 2679 3098 emendatiu8‚
2722 3020 2853 3085 hoc

371 3127 512 3198 (610)
552 3130 774 3195 modo:
843 3130 1257 3213 regionem·
1315 3128 1588 3195 sordei
1645 3130 2114 3194 commercio
2170 3129 2667 3212 interruptis
2723 3130 2853 3194 ita

540 3238 808 3303 videri
850 3238 1303 3303 laceratam
1349 3244 1424 3302 et
1466 3237 1819 3320 lingeste
1868 3244 1947 3302 et
1992 3237 2453 3320 pelagones.
2527 3236 2849 3321 Grynaeus

539 3345 754 3411 locum
801 3348 892 3411 sic
927 3347 1298 3412 constituit:
1346 3347 1841 3427 regionatim
1878 3346 2382 3410 commerciis
2429 3345 2847 3430 interrup-

541 3456 650 3521 tis
706 3456 825 3520 ita
866 3454 1130 3520 videri
1183 3454 1552 3519 lacerata
1596 3459 2000 3537 tamquam
2045 3453 2429 3518 animalia
2474 3455 2553 3518 in
2613 3460 2846 3520 artus

544 3562 893 3629 alterum
939 3564 1285 3629 alterius
1330 3561 1807 3644 indigentes
1868 3561 2295 3627 distracta.
2388 3561 2517 3655 Sed
2562 3563 2848 3645 primum

543 3679 838 3755 apparet,
864 3678 1121 3755 gentem
1154 3672 1516 3737 laceratam
1551 3692 1680 3736 non
1706 3691 1854 3735 cum
1877 3670 2174 3754 pluribus
2209 3669 2609 3735 animalibus
2643 3668 2846 3735 fuisse

544 3780 1076 3862 comparandam,
1113 3780 1229 3845 sed
1264 3800 1411 3844 cum
1444 3799 1573 3844 uno
1610 3780 1678 3843 in
1710 3786 1892 3844 artus
1930 3777 2270 3843 distracto.
2319 3777 2405 3843 Et
2429 3774 2552 3843 ho'c
2578 3778 2847 3861 quidem

544 3889 882 3957 sententiae
906 3887 1391 3953 incommodum
1414 3886 1722 3952 facillime
1747 3886 2021 3962 tollitur,
2060 3886 2406 3952 adiuvante
2433 3886 2528 3968 (in
2554 3894 2851 3951 extrema

591 4178 634 4240 ¹)
674 4174 704 4245 ἓ
742 4180 774 4229 7
812 4183 908 4232 aut
944 4196 1070 4232 cum
1096 4176 1562 4233 Drakenborchio
1592 4176 1976 4231 scribendum:
2018 4194 2214 4247 quam
2250 4177 2329 4230 ab
2367 4182 2519 4231 ortu
2556 4176 2845 4246 Strymo

678 4264 1220 4330 amplecteretur
1276 4263 1493 4317 amnis
1550 4289 1635 4328 —‚
1699 4262 1780 4316 ab
1847 4279 2097 4317 occasu
2159 4264 2375 4317 Axius
2429 4263 2845 4318 terminaret

677 4348 939 4403 fluvius
977 4354 1100 4405 aut:
1140 4379 1209 4389 —
1247 4350 1327 4403 ab
1365 4364 1763 4415 occasuque
1790 4374 1857 4386 —
1886 4347 2034 4414 (cod.
2067 4352 2123 4402 et
2158 4348 2278 4402 edd.
2311 4348 2391 4402 ab
2429 4365 2682 4403 occasu
2718 4364 2847 4417 qua

678 4434 930 4493 Axius).
