3230 5282
1669 605 1795 667 248

582 788 726 873 (ubi
772 811 972 871 error,
1017 790 1347 875 geminato
1394 811 1442 871 s,
1488 791 1707 874 coepit
1753 811 1793 854 a
1836 790 2048 855 mian
2064 810 2146 854 as
2190 790 2258 854 in
2302 791 2562 856 minas
2606 796 2891 872 mutam,

582 881 816 964 deinde
874 899 1023 980 iam,
1082 900 1598 983 interpolatione
1672 898 1758 963 ad
1819 919 2109 963 errorem
2169 899 2553 978 accedente,
2620 920 2701 964 ex
2755 898 2788 963 f
2797 920 2893 965 or

578 1006 825 1072 factum
891 1013 989 1073 est
1055 1007 1435 1090 fortuna),
1493 1013 1561 1073 et
1614 1008 1828 1072 minus
1886 1007 2151 1088 mirum,
2219 1006 2397 1092 quod
2453 1012 2672 1071 tamen
2727 1005 2888 1072 hac-

576 1122 768 1181 tenus
812 1114 1065 1196 fefellit,
1109 1115 1329 1196 XXII,
1390 1120 1495 1196 14,
1561 1121 1639 1180 14
1700 1116 2007 1180 armari
2051 1135 2173 1199 pro
2219 1136 2461 1195 arma,
2519 1119 2587 1179 et
2630 1116 2900 1181 maiora

580 1223 1098 1307 difficilioraque,
1156 1246 1300 1309 quae
1344 1224 1460 1290 lib.
1506 1223 1739 1305 XXIV,
1795 1228 1897 1304 45,
1959 1228 1995 1288 3
2043 1230 2110 1289 et
2154 1228 2196 1287 4
2241 1222 2600 1289 emendabo
2648 1222 2887 1307 (polli

577 1332 725 1397 VII
790 1333 1042 1398 uirali
1113 1332 1421 1398 iudicio
1490 1354 1642 1417 pro:
1711 1331 2245 1416 polliceatur,
2317 1330 2648 1397 aliunde
2707 1330 2884 1412 cet.),

578 1441 839 1525 aliaque
907 1440 1263 1527 permulta,
1330 1440 1629 1524 quaedam
1694 1441 1897 1505 etiam
1962 1461 2135 1533 nunc
2193 1440 2717 1506 emendationem
2775 1462 2895 1506 ex·

577 1550 965 1633 spectantia.
1088 1549 1218 1616 Sed
1283 1550 1442 1614 satis
1508 1555 1638 1629 est,
1706 1550 1970 1633 opinor,
2038 1547 2178 1614 haec
2241 1550 2545 1614 universe
2614 1548 2887 1614 demon-

577 1663 836 1724 strasse.
955 1658 1080 1723 Illa
1156 1663 1377 1724 tamen
1453 1656 1779 1723 addenda.
1887 1657 2255 1723 Verborum
2329 1658 2892 1741 transpositiones

578 1767 927 1833 manifesto
1007 1788 1242 1851 pravas
1318 1767 1388 1832 in
1465 1765 1688 1831 codice
1764 1767 1815 1831 P
1891 1766 2085 1849 longe
2162 1765 2645 1850 frequentiores
2725 1787 2893 1845 esse,

582 1896 783 1958 quam
858 1875 927 1939 in
992 1877 1220 1959 primae
1287 1874 1554 1940 decadis
1621 1873 1974 1958 archetypo
2040 1873 2316 1955 fuerint,
2396 1873 2739 1940 ostendam
2805 1873 2890 1939 ad

409 1996 549 2065 (208)
586 1982 803 2065 XXII,
860 1988 920 2064 2,
970 1988 1026 2048 6.
1137 1982 1214 2048 In
1259 2005 1390 2049 uno
1437 1984 1768 2067 praecipue
1823 2004 2063 2066 genere
2111 1983 2738 2067 perneglegens.aut
2782 2003 2897 2047 co·

579 2092 742 2158 dicis
787 2091 838 2156 P
881 2091 1194 2157 librarius
1249 2097 1368 2157 aut
1423 2093 1592 2172 eiuS,
1663 2113 1857 2175 quem
1914 2098 2177 2157 secutus
2236 2098 2363 2171 est,
2435 2091 2681 2156 codicis
2736 2090 2878 2179 fuit,

574 2201 643 2266 in
686 2200 901 2266 verbis
947 2200 1220 2282 singulis
1266 2198 1648 2284 pluribusve
1705 2200 2113 2280 omittendiS,
2171 2218 2449 2284 quarum
2492 2200 2885 2265 lacunarum

577 2308 741 2374 alias
809 2308 878 2372 in
942 2308 1416 2392 posterioribus
1472 2308 1659 2374 libris
1730 2308 1936 2374 codex
1993 2307 2320 2393 Spirensis
2377 2314 2558 2373 certo
2622 2307 2894 2393 supple·

575 2421 816 2496 mente,
872 2416 1038 2481 alias
1083 2417 1150 2495 ii,
1196 2438 1474 2501 quorum
1519 2412 1962 2482 correctiones
2008 2438 2126 2500 per
2169 2418 2568 2482 recentiores
2616 2416 2882 2482 codices

576 2531 1033 2608 pervagantur,
1078 2546 1209 2590 non
1253 2526 1489 2590 inscite
1535 2525 1978 2609 expleverunt.
2067 2519 2257 2590 Hanc
2301 2526 2620 2591 Puteanei
2663 2525 2887 2590 labem

577 2656 780 2719 quum
825 2633 1192 2700 Gronovius
1247 2654 1378 2699 non
1432 2634 1594 2700 satis
1651 2634 2120 2719 perspexisset,
2187 2655 2319 2699 non
2362 2656 2513 2701 raro
2561 2634 2894 2701 inutiliter

577 2743 908 2826 ingenium
952 2743 1165 2808 torsit.
1270 2741 1636 2823 CreveriuS,
1697 2764 1896 2826 quum
1957 2764 2102 2808 sero
2150 2743 2495 2808 attendere
2543 2744 2896 2827 coepisset,

578 2850 665 2915 ad
708 2850 944 2932 XXIX,
993 2856 1051 2932 9,
1101 2855 1136 2914 5
1184 2853 1464 2935 scripsit,
1524 2851 1608 2916 ad
1654 2851 1863 2918 libros
1906 2851 2188 2917 XXVIII
2234 2858 2299 2916 et
2344 2851 2561 2916 XXIX
2605 2851 2895 2916 maxime

576 2959 643 3026 id
691 2960 1055 3044 pertinere;
1101 2961 1216 3026 sed
1259 2962 1328 3025 in
1375 2960 1675 3026 omnibus
1721 2960 2064 3044 aequaliter
2107 2959 2292 3025 libris
2339 2981 2486 3025 eam
2531 2959 2884 3041 neglegen-

575 3068 735 3132 tiam
782 3067 1200 3152 deprehendi,
1250 3069 1601 3134 ostendent
1644 3068 1784 3133 haec
1829 3089 1909 3134 ex
1953 3090 2083 3134 uno
2120 3068 2291 3134 libro
2328 3068 2515 3133 XXII
2552 3067 2892 3152 exempla:

579 3197 632 3241 c.
682 3181 738 3256 3,
785 3181 853 3258 93
917 3182 1011 3258 15,
1059 3182 1126 3258 5,
1188 3182 1288 3258 21,
1335 3182 1403 3259 7;
1461 3182 1562 3257 31,
1615 3181 1723 3258 113
1783 3181 1882 3257 36,
1930 3183 2002 3258 43
2064 3180 2162 3257 39,
2211 3180 2323 3257 213
2383 3181 2483 3256 54,
2531 3181 2603 3256 '⁷3
2661 3180 2890 3255 56,1;

581 3290 679 3365 57,
741 3290 806 3366 13
867 3290 969 3366 59,
1033 3288 1144 3366 193
1203 3290 1302 3366 61,
1353 3289 1448 3366 10,
1506 3306 1781 3369 quaeque
1829 3306 1908 3349 ex
1934 3284 2131 3351 'brevi
2181 3286 2394 3368 spatio
2440 3284 2594 3348 libri
2639 3283 2897 3348 XXVII

581 3392 669 3457 ad
714 3394 855 3458 eius
900 3392 1053 3457 libri
1110 3414 1162 3457 c.
1213 3398 1281 3473 5,
1340 3398 1377 3457 6
1426 3392 1688 3476 collegi3
1745 3414 1957 3475 neque
2004 3415 2085 3459 ea
2127 3415 2236 3459 res
2282 3392 2892 3458 Weissenbornium

578 3499 830 3566 fefellit.
900 3501 1307 3582 Quamquam
1352 3522 1481 3566 uno
1529 3507 1595 3566 et
1641 3501 1852 3567 altero
1899 3503 2045 3567 loco
2091 3501 2420 3587 particula
2463 3522 2614 3585 que
2649 3501 2899 3565 iniuria

579 3610 771 3674 unius
816 3629 896 3674 ex
942 3608 1196 3674 duobus
1240 3609 1574 3674 vocabulis
1611 3611 1837 3675 omissi
1873 3610 2311 3695 suspicionem
2345 3610 2574 3688 movit3
2620 3629 2771 3672 nam
2810 3630 2899 3674 ea

578 3716 909 3782 interdum
969 3715 1314 3781 manifesto
1372 3738 1592 3782 errore
1651 3718 1884 3783 addita
1930 3725 2031 3784 est
2076 3718 2309 3801 (XXII,
2366 3722 2466 3798 27,
2524 3722 2584 3797 4,
2643 3716 2893 3796 XXIII,

583 3830 663 3888 14
708 3832 905 3904 extr.‚
967 3824 1177 3905 XXV,
1234 3829 1335 3905 40,
1397 3830 1453 3905 6,
1513 3825 1742 3908 XXVI,
1807 3830 1903 3906 17,
1963 3832 2030 3908 3;
2088 3829 2313 3911 itaque
2372 3825 2572 3891 dubia
2626 3847 2733 3890 res
2789 3832 2900 3891 est

580 3934 781 3998 etiam
824 3932 1056 4013 XXIV,
1116 3938 1215 4014 20,
1277 3937 1353 3997 13
1401 3940 1468 3999 et
1514 3937 1614 4014 24,
1677 3940 1732 4014 3,
1788 3935 1986 4016 XXV,
2049 3940 2147 4014 14,
2209 3940 2247 3999 6
2294 3941 2364 3999 et
2412 3938 2506 4013 16,
2555 3938 2610 4013 3,
2655 3933 2898 4014 ΧΧἮ,

581 4045 639 4121 7,
685 4040 771 4123 6).
874 4041 1113 4107 Verum
1173 4048 1411 4127 praeter
1469 4041 1589 4108 hos
1650 4044 2078 4127 neglegentiae
2134 4064 2389 4107 errores
2443 4063 2579 4107 non
2636 4041 2806 4106 afuit
2851 4063 2899 4107 a

578 4147 913 4214 Puteaneo
993 4149 1143 4234 ipsa
1220 4150 1337 4216 illa
1401 4151 1859 4236 interpolatiO,
1942 4172 2085 4235 quae
2167 4172 2441 4234 pravam
2519 4150 2893 4234 opinionem

579 4263 808 4323 secuta
887 4257 1250 4326 deliberato
1334 4261 1552 4325 animo
1634 4260 1883 4344 scripta
1951 4267 2068 4325 aut
2135 4259 2438 4325 addendo
2507 4265 2707 4342 auget
2775 4266 2901 4324 aut

580 4372 813 4431 mutat.
911 4365 1383 4433 Additamenta
1438 4388 1558 4450 ego
1608 4369 1876 4450 coargui
1919 4367 2159 4448 XXIII,
2217 4373 2317 4447 37,
2380 4371 2476 4448 11,
2533 4366 2730 4447 XXV,
2788 4371 2889 4446 31,

586 4479 658 4538 11
721 4480 786 4540 et
846 4478 961 4555 37,
1023 4479 1094 4540 11
1159 4483 1226 4541 et
1286 4475 1464 4561 (post
1517 4475 2022 4558 Alschefskium)
2080 4475 2293 4558 XXX,
2364 4479 2473 4556 23,
2531 4481 2601 4555 4,
2656 4474 2898 4555 XXIV,
