3230 5282
1575 587 1698 647 375
2345 666 2352 670 ,
2424 599 2551 654 Lib.
2589 598 2786 652 xxv1.

469 768 808 851 petivit,
893 773 978 833 ut
1034 767 1353 834 Romam
1409 770 1635 853 leges
1693 770 2417 836 conscriberentur
2475 770 2564 835 de
2620 777 2789 835 tra-

467 875 767 941 dendis
849 875 1180 941 arcibus
1262 895 1301 940 u
1319 876 1581 942 rbium
1660 883 1782 942 cet.
1908 877 2102 955 Quod
2181 877 2376 960 vulgo
2446 877 2788 957 edebatur,

474 986 696 1050 nescio
753 1005 795 1049 a
855 1004 985 1066 quo
1042 990 1412 1049 correctore
1468 986 1830 1050 inventum:
1901 985 1960 1049 R
1975 1006 2012 1048 o
2028 1006 2092 1049 m
2106 976 2237 1049 ani
2289 1021 2367 1030 —
2413 1006 2447 1049 c
2465 1006 2501 1049 o
2516 1007 2559 1049 n
2574 1007 2603 1049 s
2620 1006 2655 1048 c
2676 988 2745 1050 ri
2764 1021 2791 1032 -

478 1093 519 1157 b
534 1114 568 1158 e
580 1115 613 1158 r
626 1114 661 1158 e
675 1099 790 1172 nt,
869 1091 1216 1157 manifesto
1284 1112 1557 1175 pravum
1623 1097 1755 1171 est,
1837 1093 2150 1177 quoniam
2216 1092 2597 1159 Hasdrubal
2662 1116 2792 1159 non

474 1202 631 1266 solis
688 1200 999 1265 Romanis
1066 1198 1194 1281 (vel
1250 1201 1473 1283 potius
1530 1199 1806 1281 Neroni)
1865 1201 2219 1265 arbitrium
2274 1201 2449 1283 leges
2507 1203 2790 1266 conscri-

476 1308 677 1373 bendi
711 1309 1158 1391 permissurus
1195 1314 1370 1388 erat3
1417 1308 1642 1390 itaque
1679 1308 2255 1373 Weissenbornius
2292 1308 2437 1373 tolli
2471 1310 2529 1373 R
2544 1330 2582 1373 o
2597 1332 2658 1372 m
2676 1330 2716 1372 a
2729 1331 2793 1373 m

473 1415 710 1496 voluit,
781 1415 959 1499 quod
1028 1416 1202 1480 unde
1276 1423 1491 1480 ortum
1557 1416 1645 1480 sit
1658 1465 1673 1494 ‚
1741 1437 1945 1480 nemo·
1993 1415 2249 1480 dixerit.
2362 1416 2793 1481 Scribendum

477 1530 651 1589 erat:
714 1530 798 1588 ut
856 1542 1099 1585 eoram
1156 1523 1375 1605 leges
1432 1524 2189 1602 conscriberentur,
2246 1523 2372 1589 hoc
2429 1530 2557 1602 est,
2612 1525 2786 1589 inter
2821 1540 2962 1609 (307)

479 1638 861 1716 praesentes.
984 1631 1129 1696 Lib.
1209 1631 1519 1709 XXVIII,
1594 1636 1703 1710 1'7,
1764 1636 1841 1696 ⁴8:
1944 1631 2365 1696 firmandae
2443 1633 2612 1696 eius
2677 1631 2791 1695 ⁴fi-

465 1740 643 1804 dem
711 1761 857 1805 nec
925 1739 1113 1804 dare
1180 1761 1324 1803 nec
1391 1738 1770 1822 accipere
1840 1739 2000 1803 nisi
2060 1760 2231 1803 cum
2285 1740 2468 1822 ipso
2515 1761 2788 1804 coram

473 1848 676 1912 duce
723 1848 1110 1927 Roman03
1158 1846 1394 1925 XXXI,
1442 1849 1544 1924 48,
1593 1850 1662 1909 5:
1712 1845 1849 1909 ubi
1895 1866 2165 1912 coram
2212 1846 2789 1929 disceptantes

471 1955 882 2020 consulem
949 1961 1028 2019 et
1095 1961 1525 2038 praetorem
1592 1953 2048 2019 audissent.
2164 1954 2225 2036 (ξ
2291 1957 2367 2017 12
2417 1953 2646 2018 dubito
2705 1974 2790 2018 an

476 2063 817 2146 scripserit
884 2061 1139 2126 Livius:
1219 2061 1480 2126 mittit
1546 2060 1643 2125 ad
1721 2061 2145 2140 Neronem,
2225 2063 2304 2125 in
2374 2056 2800 2145 posterum

475 2170 676 2234 diem
733 2168 1236 2253 colloquium
1293 2168 1680 2233 differret
1726 2169 1981 2252 (vulgm
2046 2170 2144 2235 ad
2187 2169 2606 2247 Neronem,
2657 2170 2790 2251 qui

474 2278 551 2341 in
611 2285 1022 2360 posterum
1089 2277 1262 2358 cet.).
1365 2276 1593 2359 Neque
1662 2278 1835 2341 enim
1892 2278 2165 2342 nuntius
2212 2276 2616 2360 colloquium
2664 2276 2787 2341 dif-

477 2385 625 2450 fert.
723 2385 935 2466 1863.)

646 2492 804 2576 Cap.
860 2498 955 2571 18,
1014 2497 1083 2555 4:
1153 2491 1664 2558 Postremum
1711 2514 1798 2559 eo
1846 2493 2273 2559 decursum
2319 2500 2464 2571 est,
2523 2499 2606 2556 ut
2650 2514 2790 2575 po-

477 2601 718 2684 pulus
785 2600 1274 2687 proconsuli
1343 2599 1691 2667 creando
1758 2602 1838 2667 in
1904 2601 2380 2685 Hispaniam
2448 2600 2793 2667 comitia

475 2703 839 2771 haberet.
940 2707 1218 2774 Prorsus
1265 2708 1638 2774 inauditum
1682 2716 1813 2790 est,
1868 2710 2187 2794 populum
2234 2710 2503 2775 comitia
2548 2708 2791 2773 habere

470 2821 591 2876 aut
659 2835 1053 2898 quemquam
1119 2818 1249 2885 nisi
1320 2838 1470 2882 eum
1535 2819 2024 2901 magistratum,
2094 2819 2206 2900 qui
2262 2817 2581 2900 populum
2639 2838 2792 2880 con-

476 2927 778 2986 vocatum
846 2931 1064 3004 roget3
1131 2924 1314 2990 nulla
1381 2926 1655 2989 minima
1722 2933 1839 2990 aut
1909 2926 1975 2989 in
2034 2924 2160 2989 hac
2216 2931 2335 2988 aut
2391 2924 2458 2987 in
2515 2931 2794 3005 cognata

479 3030 851 3093 contionem
928 3031 1219 3096 habendi
1288 3032 1735 3117 appellatione
1805 3032 2251 3098 inconstantia
2319 3036 2433 3094 est.
2559 3029 2794 3111 Populi

481 3155 717 3199 nomen
786 3142 1000 3203 ortum
1071 3159 1214 3204 esse
1283 3148 1442 3224 puto
1501 3163 1579 3206 ex
1637 3162 1783 3225 pro
1840 3147 1906 3207 et
1965 3140 2049 3204 ad
2105 3139 2175 3204 id
2230 3137 2794 3204 accommodatum

479 3239 861 3322 haberet,
930 3268 1134 3330 quum
1201 3255 1380 3314 recte
1454 3250 1774 3333 scriptum
1842 3247 2108 3313 fuisset:
2166 3282 2255 3292 —
2307 3254 2393 3312 ut
2449 3267 2794 3330 procon-

470 3350 638 3414 suli
720 3353 1078 3419 creando
1145 3391 1232 3399 —
1299 3358 1642 3421 comitia
1721 3356 2247 3421 haberentur.
2361 3352 2529 3436 [Quo
2597 3353 2793 3418 modo

480 3457 1052 3528 Weissenbornius
1141 3484 1455 3529 enarrare
1535 3469 1847 3541 conatur,
1936 3484 2059 3528 nec
2149 3463 2416 3528 comitia
2495 3461 2644 3526 hab
2664 3481 2794 3526 ere

470 3566 725 3631 «dicitur
790 3590 912 3633 nec
979 3572 1246 3636 omnino
1315 3571 1650 3652 habere,
1723 3572 1851 3637 nisi
1919 3571 2031 3635 ubi
2100 3570 2352 3653 aliquid
2418 3569 2503 3634 ab
2572 3569 2794 3653 aliquo

483 3675 917 3757 efflagitatum
985 3679 1180 3760 eique
1248 3700 1632 3744 concessum
1703 3677 2157 3762 significatur]
2268 3678 2520 3743 Eodem
2578 3679 2795 3760 capite
2896 3719 2904 3728 -

473 3781 517 3863 ᾧ
582 3788 658 3846 10
717 3785 798 3848 de
860 3785 1228 3851 animorum
1288 3786 1518 3852 habitu
1580 3793 1732 3869 post
1783 3786 1853 3850 P.
1903 3786 2277 3869 Scipionem
2334 3785 2794 3868 proconsulem

483 3892 549 3954 in
595 3890 985 3976 Hispaniam
1031 3902 1327 3958 creatum
1375 3893 1470 3957 sic
1515 3893 1829 3958 scribitur
1873 3894 1941 3957 in
1986 3893 2355 3958 codicibus:
2426 3890 2797 3957 Ceterum

482 4005 669 4081 post
735 4020 896 4063 rem
965 4008 1230 4065 actam
1275 4035 1362 4045 —
1406 3999 1831 4066 silentium
1890 4001 2165 4066 subito
2224 4006 2481 4066 ortum
2539 4006 2616 4064 et
2673 4008 2796 4064 ta-

475 4107 648 4170 cita
713 4110 1154 4188 cogitat-ic,
1230 4106 1576 4188 quidnffn

481 4214 894 4279 valuisset
978 4238 1208 4294 quam
1292 4214 1458 4276 rat

477 4322 738 4399 timent,
782 4344 930 4387 non.
980 4324 1138 4404 quid
1188 4320 1341 4384 novi

1596 4185 1622 4196 ..
1670 4110 2037 4188 egissent.
2097 4110 2279 4170 novi
2335 4110 2561 4172 favor
2621 4110 2795 4190 plus

1740 4239 1834 4276 ’,ιι
2045 4218 2183 4294 qui,
2263 4238 2341 4278 ne
2423 4218 2797 4280 erraverint.

1891 4330 2131 4398 =2=-,;4=nt.
2183 4323 2295 4384 sed
2343 4324 2497 4402 quid
2549 4324 2799 4402 egerint

2032 4424 2034 4426 “
2109 4456 2131 4492 ,ι
2203 4430 2409 4490 altera
2459 4432 2801 4508 negatione
