3230 5282
647 615 769 669 Lib.
806 614 998 669 XLIV.
1735 607 1858 666 '700

648 788 1001 854 Tollendus
1047 789 1284 854 deinde
1332 787 1364 873 ἓ
1403 794 1439 853 6
1485 791 1554 855 in
1598 792 1860 855 nomine
1906 791 2176 875 proprio
2209 791 2424 874 gravis
2471 812 2682 854 error:
2728 789 2943 854 Nono

650 903 841 979 post
908 897 1037 963 die
1105 898 1328 978 (lembi
1387 900 1450 962 in
1497 898 1951 963 Macedoniam
1998 899 2204 979 missi)
2263 898 2355 963 ad
2415 898 2760 963 classem
2803 899 2945 962 iam

651 1005 747 1069 ad
796 1004 1113 1088 Sigeum
1160 1013 1513 1072 stantem
1558 1006 2008 1072 redierunt.
2077 1007 2275 1073 Inde
2311 1007 2614 1072 Subota
2660 1004 2953 1086 (insula

652 1115 1101 1181 interiecta
1146 1115 1555 1180 est'Elaeae
1614 1123 1691 1180 et
1745 1115 1979 1197 Atho)
2037 1116 2504 1181 traiiciunt.
2593 1114 2952 1180 Perversis-

652 1226 812 1289 sime
859 1223 1255 1289 Subotorum
1304 1226 1473 1289 situs
1519 1223 1827 1290 definitur
1871 1225 2041 1289 inter
2087 1223 2214 1290 duo
2260 1223 2405 1289 loca
2461 1224 2801 1288 minimum
2844 1224 2957 1287 tri-

654 1334 838 1415 ginta
881 1333 1192 1397 milliaria
1235 1332 1761 1416 geographorum
1818 1353 2139 1398 mensurae
2194 1332 2545 1410 distantia,
2600 1333 2775 1397 inter
2819 1352 2961 1413 quae

481 1442 630 1513 (581)
666 1441 918 1506 Lesbus
965 1448 1032 1505 et
1079 1441 1360 1506 Lemnus
1404 1441 1763 1506 interiectae
1809 1449 2023 1521 erant,
2081 1463 2282 1525 quum
2338 1441 2699 1525 praesertim
2743 1462 2825 1504 ex
2867 1441 2967 1521 iis,

654 1571 799 1631 quae
845 1558 1240 1633 sequuntur,
1310 1556 1659 1632 appareat,
1731 1571 1810 1613 ex
1878 1548 2145 1633 specula
2212 1548 2608 1614 Subotorum
2677 1548 2965 1631 conspici

653 1659 953 1743 potuisse
999 1679 1198 1722 naves
1244 1656 1425 1722 Elaea
1468 1657 1764 1736 Phanas,
1812 1655 2124 1723 Chiorum
2168 1658 2693 1741 promuntorium
2740 1666 2966 1740 peten-

654 1773 775 1831 tes.
864 1766 941 1830 In
988 1766 1211 1830 codice
1260 1765 1572 1829 scribitur
1615 1764 2057 1845 Eleaeetho,
2104 1787 2184 1830 ex
2230 1787 2358 1848 quo
2405 1765 2688 1830 efficitur
2736 1764 2966 1828 Elaeae

659 1882 736 1939 et
791 1872 985 1937 chio.
1078 1874 1144 1939 Is
1193 1874 1358 1938 situs
1404 1869 1636 1939 insulae
1693 1875 1819 1939 toti
1864 1875 2232 1940 narrationi
2278 1874 2681 1954 convenit.¹)·
2760 1871 2970 1936 Paulo

659 1989 813 2066 post
858 1980 919 2065 (ἓ
971 1982 1074 2064 10)
1123 1982 1337 2047 oratio
1387 1983 1483 2046 sic
1527 1982 2052 2066 interpungenda
2111 1990 2239 2047 est:
2311 1981 2462 2048 Sed
2523 2003 2761 2065 quum
2817 1981 2971 2045 iam

659 2091 1509 2175 appropinquantium
1585 2089 1843 2155 forma
1921 2089 2367 2156 lemborum
2434 2089 2650 2155 haud
2721 2088 2973 2153 dubia

662 2204 914 2277 esset,
977 2234 1051 2243 —
1121 2206 1312 2264 tunc
1377 2199 2217 2292 iniectaotrepidatio
2286 2207 2431 2265 est.
2525 2196 2675 2279 (Hic
2720 2199 2977 2281 primus

661 2308 1060 2372 narrationis
1107 2307 1294 2389 quasi
1333 2307 1583 2390 gradus
1631 2313 1753 2372 est.
1846 2306 2155 2391 Sequitur
2200 2306 2660 2392 trepidationis
2707 2306 2977 2384 exitus.)

665 2413 916 2494 Quum
961 2415 1414 2479 resistendi
1460 2436 1645 2499 spes
1690 2415 1918 2480 nulla
1963 2423 2221 2492 esset,
2267 2414 2799 2497 inhabilique
2846 2433 2981 2477 na·

663 2523 872 2586 vium
917 2543 1211 2605 genere
1279 2530 1361 2587 et
1405 2522 1675 2589 Gallis
1732 2525 1859 2588 vix
1927 2525 2286 2606 quietem
2356 2522 2827 2587 ferentibus
2891 2523 2983 2586 in

668 2630 899 2709 mari,
967 2651 1153 2714 pars
1199 2652 1474 2696 eorum
1529 2667 1617 2677 —
1682 2633 1760 2696 in
1804 2632 2314 2716 Erythraeam
2361 2641 2739 2711 enarunt,
2786 2652 2984 2715 pars

667 2746 789 2805 cet.
880 2739 1044 2804 Tum
1093 2738 1126 2822 ἓ
1179 2744 1253 2803 13
1320 2741 1386 2804 in
1458 2739 1682 2806 codice
1744 2749 1871 2806 est:
1943 2738 2435 2806 clauserant
2501 2740 2705 2805 enim
2774 2738 2983 2804 Chio

667 2843 1247 2933 partasignari
1293 2856 1413 2913 cet.
1509 2848 1970 2914 Scribendum:
2041 2849 2150 2914 Cl.
2199 2850 2402 2913 enim
2459 2845 2640 2913 Chii
2688 2856 2981 2931 portas

671 2956 827 3039 (non
873 2957 1236 3042 portam),
1284 2957 1576 3040 ignari,
1625 2958 1757 3040 qui
1803 2957 2185 3040 fugerent
2230 2965 2372 3023 aut
2415 2964 2978 3041 sequerentur.

669 3064 836 3130 Nam
894 3062 1039 3129 Chii
1096 3050 1384 3149 periculo
1453 3065 1693 3130 territi*
1736 3087 1960 3131 omnes
2026 3066 2212 3131 urbis
2280 3073 2511 3149 portas
2579 3065 2978 3143 clauserunt,

671 3173 845 3238 Galli
912 3180 1065 3239 ante
1133 3194 1358 3252 unam,
1416 3194 1613 3256 quam
1660 3174 2017 3256 petierant,
2080 3174 2325 3239 exclusi
2371 3181 2542 3239 sunt.
2633 3173 2979 3239 Postremo

669 3280 829 3364 §16
900 3302 1103 3363 quum
1168 3283 1237 3346 in
1305 3281 1528 3346 codice
1596 3283 1713 3348 sit:
1784 3305 1920 3368 spe
1988 3283 2346 3348 celerius
2411 3283 2821 3364 ingressis
2889 3303 2979 3346 ex

666 3390 977 3468 lembis,
1025 3389 1221 3455 scribi
1259 3389 1483 3454 debet:
1532 3411 1678 3475 spe
1726 3392 2089 3456 celerius
2122 3390 2528 3472 regressis
2562 3389 2624 3453 X
2662 3389 2981 3468 lembiS,

672 3519 829 3578 non,
874 3505 949 3562 ut
995 3497 1309 3582 Grynaeus
1354 3498 1513 3563 fecit
1558 3501 1888 3585 ceterique
1933 3504 2312 3577 tenuerunt,
2372 3500 2751 3575 reversi8‚
2799 3498 2985 3581 quod

672 3608 1090 3691 participium
1133 3607 1310 3690 apud
1344 3607 1597 3672 Livium
1644 3608 1768 3673 hoc
1815 3631 1942 3673 uno
1989 3609 2133 3674 loco
2168 3606 2298 3689 legi
2335 3606 2550 3671 credo.
2622 3603 2983 3689 [XXXVIL

673 3719 772 3796 24,
819 3719 856 3779 9
904 3715 1266 3780 deteriores
1312 3717 1625 3781 reversi
1671 3716 1961 3795 habent,
2009 3717 2077 3781 M
2121 3724 2188 3782 et
2232 3714 2285 3779 B
2330 3714 2700 3797 revecti]

844 3821 1000 3906 Cap.
1051 3826 1149 3902 29,
1197 3828 1265 3887 2:
1335 3822 1626 3907 Itaque
1693 3825 2071 3908 permixti
2128 3825 2624 3908 Romanique
2687 3833 2772 3888 et
2827 3822 2986 3888 Ma-

674 3932 1023 3997 cedones
1069 3939 1151 3997 et
1194 3926 1575 3997 Eumenis
1623 3933 1963 3998 navales
2013 3933 2222 3998 socii
2257 3933 2336 4000 in
2380 3932 2704 4015 templo,
2751 3930 2985 3996 indu-

672 4042 834 4107 tias
879 4040 1277 4123 religione
1333 4041 1497 4105 loci
1554 4041 1994 4125 praebente,
2060 4041 2625 4107 versabantur.
2720 4037 2983 4104 Codex:

727 4314 770 4379 ¹)
809 4313 971 4382 Quod
1022 4331 1200 4383 nuper
1253 4319 1533 4368 tentatum
1587 4315 1773 4383 video,
1831 4314 2036 4369 Eloeae
2074 4319 2139 4368 et
2171 4314 2377 4381 Asso,
2434 4329 2615 4383 neque
2662 4312 2803 4366 situs
2838 4328 2980 4366 con-

813 4400 971 4453 venit
1008 4399 1212 4467 (Lesbo
1249 4399 1567 4465 interiecta)
1620 4417 1802 4469 neque
1848 4400 2060 4456 codicis
2104 4399 2341 4467 vestigia
2376 4396 2731 4454 confirmant.
2804 4396 2985 4451 Recte

813 4490 1000 4539 tamen
1035 4484 1296 4539 mendum
1336 4484 1785 4539 animadversum
1823 4491 1921 4539 est.
