3230 5282
1399 635 1522 698 659
2258 651 2378 707 Lib.
2431 652 2599 707 XLII.

315 811 535 881 Codex
602 838 866 901 pugna
934 839 1178 903 spem,
1250 821 1488 887 omisso
1557 842 1830 905 neque.
1931 821 2078 887 Non
2143 845 2342 889 unum
2407 825 2607 909 igitur

311 924 702 991 vocabulum
746 925 1115 992 addendum
1168 934 1331 1008 erat,
1382 929 1499 994 sed
1543 929 1705 996 duo:
1752 929 1847 995 ab
1894 937 2054 997 tam
2097 933 2607 1000 memorabili

309 1054 577 1120 pugna
634 1054 884 1117 posse,
953 1055 1188 1114 neque
1258 1058 1470 1121 spem
1537 1046 1656 1105 cet.
1747 1039 1915 1105 Nam
1961 1061 2200 1124 posse
2248 1040 2607 1108 desiderari

308 1150 480 1211 recte
528 1142 869 1210 Creverius
912 1144 1256 1210 intellexit.
1345 1145 1550 1213 Paulo
1595 1152 1748 1231 post
1791 1146 1851 1230 (ξ
1898 1147 1964 1229 8)
2011 1148 2195 1231 quod
2243 1150 2337 1214 sic
2382 1150 2608 1215 scribi-

307 1261 439 1321 tur:
505 1253 928 1335 Nunquam
972 1252 1068 1318 ab
1127 1252 1440 1319 talibus
1499 1254 1886 1321 consiliis
1932 1255 2433 1322 abhorrebat
2476 1280 2601 1323 re-

307 1364 423 1446 gis
469 1363 818 1441 animus;
887 1362 1165 1445 itaque
1233 1361 1588 1446 plurium
1658 1362 2013 1429 adsensu
2071 1365 2604 1449 comprobata

308 1477 426 1536 est
472 1470 922 1549 sententia,
978 1468 1330 1535 ridiculum
1376 1476 1500 1552 est;
1552 1492 1631 1537 ex
1675 1473 1847 1555 regis
1908 1472 2081 1538 enim
2128 1474 2327 1537 animi
2371 1472 2604 1539 habitu

315 1584 380 1644 et
421 1579 852 1644 inclinatione
898 1578 1109 1662 ipsius
1156 1579 1453 1662 sequitur
1498 1579 1852 1659 adsensus,
1907 1602 2036 1645 non
2081 1580 2385 1662 aliorum3
2429 1584 2604 1666 regis

306 1687 565 1754 demum
611 1686 901 1752 adsensu
969 1686 1335 1767 declaratO,
1394 1695 1703 1771 poterant
1761 1687 1874 1753 alii
1931 1688 2326 1755 adsentandi
2380 1690 2600 1755 studio

304 1795 475 1862 idem
543 1794 858 1880 probare,
925 1795 1050 1859 etsi
1115 1792 1222 1859 hic
1289 1815 1417 1860 non
1483 1795 1888 1876 adsentatio,
1946 1795 2063 1862 sed
2128 1797 2326 1863 timor
2379 1796 2600 1897 valuit.

304 1905 509 1972 Recta
556 1905 773 1970 omnia
839 1908 1033 1968 erunt
1091 1902 1352 1968 sublata
1406 1903 1640 1970 vocula
1706 1908 1828 1969 est
1893 1902 2038 1986 (st),
2105 1925 2249 1987 quae
2304 1925 2383 1970 ex
2427 1925 2601 1969 sen-

304 2016 578 2079 tentia
633 2020 780 2078 orta
836 2017 962 2077 est:
1029 2011 1347 2094 Itaque,
1406 2011 1764 2095 plurium
1823 2011 2171 2076 adsensu
2239 2032 2600 2096 compro·

302 2122 496 2189 bata
561 2120 1008 2198 sententia,
1065 2119 1323 2203 legati
1367 2119 1465 2184 ad
1521 2119 1931 2185 consulem
1975 2120 2219 2186 missi.
2309 2119 2602 2186 Plurium

303 2231 701 2298 sententiam
745 2249 881 2306 rex,
927 2228 994 2291 in
1041 2227 1316 2293 eandem
1360 2235 1617 2311 partem
1664 2248 1784 2292 sua
1827 2233 2056 2312 sponte
2100 2228 2450 2307 inclinans,
2500 2250 2598 2293 se·

302 2346 489 2405 Gutus
539 2344 659 2404 est.
750 2335 1002 2420 (Polyb.
1049 2334 1312 2414 XXVII,
1361 2340 1429 2399 8:
1504 2344 1684 2398 Ταῦτα
1727 2346 1825 2416 μέν
1881 2334 1975 2399 οὖν
2020 2343 2187 2399 ἐδόκει
2229 2347 2339 2407 τοῖς
2386 2346 2599 2399 πλείοσι

299 2455 400 2511 τῶν
465 2457 667 2528 φίλων·
738 2451 1216 2527 συγκαταθεμένου
1284 2449 1338 2506 δὲ
1408 2451 1501 2506 to&
1576 2452 1829 2525 Περσέως
1895 2453 2197 2525 ἐπέμποντο
2263 2453 2596 2526 παραχρῆμα

301 2553 665 2638 πρεσβεωαί.)
753 2551 854 2618 Ab
900 2572 1024 2617 usu
1068 2551 1381 2636 loquendi
1426 2554 1795 2619 certissimo
1842 2553 2004 2619 Livii
2065 2559 2133 2618 et
2176 2554 2596 2637 antiquorum

298 2667 594 2746 discedit,
620 2661 852 2747 quod§
885 2667 955 2726 11
984 2662 1258 2746 legitur:
1297 2661 1425 2726 Ita
1463 2669 1631 2728 tum
1665 2683 1832 2728 mos
1868 2668 2077 2742 erat,
2114 2664 2192 2728 in
2228 2663 2596 2729 adversis

294 2776 610 2842 vultum
655 2770 1028 2837 secundae
1074 2769 1417 2835 fortunae
1464 2792 1775 2854 gerere,
1833 2770 2237 2836 moderari
2292 2772 2597 2835 animos

293 2882 370 2948 in
415 2880 820 2950 secundis.
891 2878 1113 2943 Livius
1152 2878 1512 2962 scripserat
1557 2879 1839 2959 anim0,
1883 2885 1959 2944 ut
1997 2878 2155 2944 alibi
2186 2878 2596 2943 moderari

296 2991 434 3059 irae
486 2989 619 3073 (IV,
658 2995 714 3069 7,
741 2988 828 3070 6),
872 2986 1055 3053 odio
1103 2985 1365 3068 (XXXI,
1411 2992 1512 3066 44,
1549 2986 1636 3067 2),
1673 3007 1824 3051 suae
1862 2983 2201 3052 fortunae
2241 2985 2593 3066 (XXXVII,

293 3101 388 3179 35,
430 3101 533 3181 5);
569 3098 764 3181 longe
804 3095 1130 3161 diversum
1165 3100 1283 3173 est,
1329 3093 1508 3178 quod
1542 3114 1691 3158 cum
1722 3091 1826 3158 his
1861 3092 2437 3159 Drakenborchius
2484 3093 2598 3174 (ad

298 3204 403 3288 IV,
451 3212 513 3287 7,
559 3207 626 3287 6)
673 3203 1029 3284 confundit,
1073 3201 1482 3267 moderari
1526 3202 1708 3266 iura
1751 3200 2055 3266 infimis
2101 3202 2597 3284 summisque,

287 3311 407 3380 hoc
470 3321 607 3393 est,
677 3333 901 3396 regere
960 3318 1029 3377 et
1084 3309 1424 3399 aequaliter
1479 3305 1893 3375 distribuere.
1983 3309 2059 3374 In
2103 3309 2347 3376 talibus
2391 3309 2592 3376 rebus

289 3443 608 3509 perquam
654 3418 1110 3505 imprudenter
1153 3418 1435 3497 faciunt,
1492 3419 1603 3500 qui
1664 3416 1957 3483 stabilito
2013 3419 2080 3482 in
2125 3419 2361 3484 ceteris
2404 3419 2591 3484 libris

288 3533 435 3597 usui
506 3551 709 3595 unum
776 3527 1139 3611 exemplum
1209 3548 1287 3591 ex
1332 3526 1435 3591 his
1482 3527 1768 3609 quinque
1822 3525 2008 3591 libris
2066 3533 2439 3611 opponunt,
2506 3526 2589 3593 ab
2701 3524 2719 3542 ⁶

255 3641 481 3705 ·unius
528 3637 780 3703 indocti
838 3641 905 3701 et
960 3637 1027 3700 in
1073 3655 1302 3699 vocum
1349 3632 1925 3699 terminationibus
1985 3654 2158 3719 saepe
2217 3636 2466 3700 incauti
2509 3635 2588 3700 li-

285 3742 490 3812 brarii
556 3746 686 3811 fide
753 3743 1209 3829 pendentibus.
1305 3741 1612 3826 Sequitur
1670 3740 1731 3824 (§
1781 3741 1885 3824 13)
1953 3743 2019 3807 in
2080 3742 2337 3809 codice:
2403 3743 2586 3809 Haec

287 3872 524 3938 quum
568 3854 1201 3919 renuntiassent
1244 3851 1522 3935 legati,
1570 3850 1960 3916 miraculo
1997 3852 2308 3935 ignaris
2346 3853 2589 3917 moris

286 3962 748 4043 pertinacia
796 3961 1043 4025 moris
1112 3979 1309 4024 esse.
1403 3957 1718 4043 Grynaeus
1764 3958 2028 4025 sublato
2074 3959 2284 4026 altero
2343 3960 2587 4025 moris

288 4069 629 4136 substituit
673 4069 1224 4146 Romanorum,
1272 4066 1683 4132 incommodo
1717 4067 1898 4148 loco;
1946 4068 2062 4134 sed
2108 4067 2286 4153 quod
2319 4067 2588 4152 quidam

285 4179 529 4244 moris
586 4176 764 4242 nullo
810 4176 1036 4242 addito
1083 4175 1192 4258 (ne
1251 4176 1422 4240 eius
1467 4174 1757 4257 quidem)
1803 4184 1983 4242 recte
2029 4176 2157 4241 dici
2202 4196 2393 4260 posse
2439 4167 2577 4240 cre·
2613 4181 2755 4250 (54⁷)

286 4281 610 4364 diderunt,
659 4283 1011 4361 falluntur,
1059 4303 1179 4348 nec
1223 4281 1437 4360 video,
1485 4283 1643 4364 quid
1689 4283 1867 4368 apud
1911 4283 2253 4368 Polybium
2300 4282 2585 4365 (XXVII,

285 4390 371 4473 8),
419 4395 531 4477 qui
576 4394 840 4473 citatur,
907 4392 1059 4457 huic
1117 4391 1458 4457 sententiae
1526 4391 1753 4455 auxilii
1819 4393 1922 4457 sit.
2028 4391 2330 4474 [Romani
2384 4392 2584 4458 moris

285 4498 610 4583 ignoratio
678 4500 979 4582 faciebat,
1046 4504 1122 4566 ut
1164 4497 1559 4564 Macedones
1625 4500 2057 4582 pertinaciam
2104 4520 2279 4577 eam,
2329 4499 2408 4564 de
2454 4520 2585 4582 qua

2023 4616 2122 4669 42*
