3230 5282
591 644 715 701 Lib.
751 645 818 700 X.
1685 634 1810 697 232

591 817 844 900 terunt)
901 818 1162 902 longius
1220 818 1427 885 evecti
1473 825 1540 884 et
1582 819 1797 884 maius
1841 818 2093 902 aliquid
2139 819 2359 886 conati
2404 818 2610 905 (quod
2656 818 2913 903 signifi-

592 932 749 991 cant
801 926 1143 1010 particulae
1210 931 1290 993 et
1355 925 1536 1008 iam)
1613 949 1748 992 non
1815 927 1948 991 iam
2012 929 2187 993 inter
2242 929 2499 1014 equites
2552 929 2621 994 in
2670 925 2915 1012 fugam

591 1054 858 1100 aversos
924 1034 1172 1100 versari
1239 1034 1640 1113 debuerunt,
1719 1033 1834 1100 sed
1899 1034 1984 1099 ad
2050 1036 2261 1120 ipsam
2323 1037 2624 1121 peditum
2691 1037 2916 1102 aciem

591 1143 996 1225 pervenisse,
1052 1162 1252 1227 quarn
1308 1141 1604 1227 procella
1650 1143 1945 1227 equestri
1988 1143 2249 1209 turbari
2294 1144 2538 1210 Decius
2581 1142 2913 1210 voluerat.

590 1249 826 1332 Itaque
893 1271 1166 1334 prorsus
1244 1251 1463 1315 inter
1528 1249 1796 1315 media
1849 1251 2186 1332 peditu-
2240 1253 2560 1336 agmina
2612 1251 2916 1318 scriben-

593 1357 752 1422 dum
817 1363 1007 1442 put0,
1088 1359 1452 1443 equitum
1518 1379 1743 1424 errore
1818 1358 2280 1439 substitutum,
2346 1381 2552 1443 quum
2617 1358 2916 1426 haereret

591 1466 811 1532 animo
849 1466 1187 1548 equitatus
1223 1465 1462 1531 Gallici
1496 1468 1765 1532 mentio.
1845 1465 2221 1533 Peditum
2251 1488 2489 1534 nomen
2524 1488 2644 1551 pro
2680 1468 2914 1552 equi-

592 1573 812 1639 tibus
860 1579 961 1639 ter
1005 1574 1073 1639 in
1118 1573 1418 1639 omnibus
1455 1574 1797 1640 codicibus
1833 1574 2268 1641 substitutum
2304 1582 2406 1642 est
2437 1574 2771 1655 XXXVII,
2808 1579 2916 1656 40,

593 1686 629 1747 5
677 1687 745 1747 et
794 1687 891 1763 10,
936 1702 1060 1747 nec
1104 1681 1344 1747 desunt
1389 1682 1689 1766 exempla
1733 1682 2053 1750 contrarii
2098 1683 2359 1748 erroris.

764 1789 921 1875 Cap.
973 1794 1086 1870 31,
1147 1793 1183 1854 5
1233 1790 1488 1855 Livium
1544 1812 1667 1874 pro
1716 1811 1824 1871 ec,
1895 1790 2070 1874 quod
2126 1795 2230 1856 est
2298 1789 2695 1855 Samnites
2759 1811 2915 1856 om-

588 1919 728 1965 nes
775 1898 1236 1977 considunt,
1281 1919 1415 1963 non
1460 1897 1737 1964 dixisse:
1803 1897 2300 1964 Samnitium
2343 1918 2615 1964 omnes
2661 1918 2912 1979 cons.‚

589 2012 842 2072 certum
865 2011 984 2073 est.
1050 2005 1221 2071 Nam
1244 2004 1480 2084 XXXI,
1525 2010 1630 2087 45,
1658 2011 1695 2070 7
1722 2004 2274 2089 (Macedonum
2308 2005 2480 2071 fere
2520 2006 2913 2073 omnibus

592 2120 671 2180 et
704 2112 1189 2197 quibusdam
1223 2113 1745 2196 Andriorum)
1798 2121 1866 2180 et
1899 2115 2235 2180 adiectum
2282 2112 2453 2178 fere
2490 2119 2558 2178 et
2596 2133 2675 2178 ex
2715 2134 2915 2196 aequo

589 2223 881 2306 positum
927 2220 1409 2305 quibusdam
1452 2222 1839 2306 partitivam
1884 2222 2221 2289 notionem
2267 2220 2470 2287 efficit
2503 2219 2662 2305 (quo
2704 2221 2916 2287 modo

593 2329 820 2396 Cicero
879 2328 1060 2396 Orat.
1110 2330 1192 2393 90
1239 2328 1435 2393 dixit:
1494 2351 1532 2394 e
1593 2330 1890 2413 quibus
1933 2366 2023 2376 —
2065 2350 2222 2396 non
2280 2349 2547 2395 omnes
2600 2328 2916 2411 faceti),

593 2445 660 2504 et
681 2437 912 2518 XXIV,
941 2434 1761 2522 32,8(praetorumque
1806 2439 1969 2505 nisi
2014 2438 2155 2521 qui
2201 2438 2415 2503 inter
2460 2436 2916 2502 tumultum

598 2544 1107 2628 effugerunt,
1188 2564 1463 2611 omnes
1540 2543 2212 2627 interficiuntur)
2289 2544 2756 2628 interpositum
2845 2545 2918 2611 si

595 2655 737 2740 qui
781 2655 1082 2739 genetivo
1126 2654 1343 2719 locum
1391 2654 1608 2737 dedit;
1655 2656 1836 2740 quod
1880 2661 2102 2722 autem
2145 2654 2510 2720 advocatur
2555 2654 2756 2719 etiam
2789 2652 2917 2735 IX,

592 2767 704 2844 42,
777 2768 885 2842 11,
952 2763 1155 2827 miror
1222 2763 1462 2828 similia
1528 2762 1734 2828 videri
1804 2784 2072 2830 omnes
2143 2761 2483 2828 Hernici
2554 2761 2919 2829 nominis

423 2885 564 2956 (194)
600 2877 670 2936 et
715 2892 986 2937 omnes
1031 2870 1601 2952 Hernicorum;
1649 2876 1940 2936 ceterum
1984 2876 2164 2937 recte
2198 2867 2536 2935 Cluverius
2579 2867 2922 2935 intellexit

592 2979 687 3045 ibi
756 2979 1177 3047 scribendum
1243 3000 1414 3044 esse:
1496 2999 1767 3044 omnes
1823 2978 2159 3045 Hernici
2213 2977 2564 3044 nominis
2619 2976 2918 3061 populi

593 3088 943 3154 Romano
980 3087 1282 3153 bellum
1319 3087 1812 3152 indixerunt.
1896 3085 2041 3152 Hoc
2075 3085 2357 3171 quidem,
2398 3085 2477 3151 de
2514 3096 2644 3170 quo
2686 3084 2918 3151 dicere

593 3196 810 3280 coepi,
866 3196 1015 3261 loco
1072 3195 1210 3261 veri
1257 3195 1658 3260 simillimum
1704 3193 1963 3259 videtur
2005 3194 2180 3259 inter
2224 3214 2491 3259 omnes
2537 3198 2603 3258 et
2648 3194 2916 3258 consi-

593 3303 797 3369 dunt
842 3302 1162 3369 excidisse
1209 3302 1488 3387 copiae,
1547 3301 1901 3367 aberrante
1944 3301 2205 3367 librarii
2251 3301 2441 3366 oculo
2487 3321 2528 3366 a
2571 3299 2916 3385 prioribus

591 3409 835 3476 litteris
894 3431 980 3476 co
1037 3409 1123 3475 ad
1179 3410 1445 3475 alteras.
1549 3409 1718 3475 Nam
1779 3431 1897 3475 cur
1951 3409 2034 3476 ob
2097 3431 2298 3475 unum
2341 3407 2393 3472 P
2438 3415 2506 3473 et
2550 3408 2916 3474 editionem

592 3519 988 3598 Romanam,
1056 3518 1124 3582 in
1191 3516 1432 3601 quibus
1501 3524 1606 3582 est
1659 3517 1776 3583 ibi
1834 3518 1930 3582 ad
1990 3516 2499 3596 Samnitium,
2567 3516 2765 3601 plura
2840 3517 2915 3581 in

591 3625 812 3690 mendi
857 3626 1298 3708 suspicionem
1342 3630 1676 3704 vocentur,
1724 3646 1927 3691 causa
1969 3625 2157 3690 nulla
2202 3646 2345 3691 esse
2388 3624 2664 3690 videtur.

766 3731 925 3816 Cap.
975 3736 1085 3813 33,
1144 3737 1185 3796 4
1232 3731 1341 3814 (de
1385 3732 1701 3798 Romanis
1745 3733 2085 3814 militibus,
2141 3733 2453 3798 hortante
2500 3731 2772 3798 consule
2817 3732 2909 3797 M.

589 3841 792 3906 Atilio
836 3841 1120 3925 Regulo,
1188 3846 1422 3906 contra
1477 3838 1833 3922 Samnites,
1900 3843 2015 3926 qui
2078 3842 2145 3906 in
2218 3848 2438 3906 castra
2504 3841 2909 3924 irruperant,

590 3949 1101 4033 pugnantibus):
1183 3950 1538 4014 clamore
1596 3948 1934 4016 sublato
1997 3949 2329 4015 connixi
2389 3948 2651 4033 primo
2707 3949 2909 4013 resi-

591 4063 850 4137 stunt3
919 4056 1211 4123 deinde
1276 4057 1643 4123 inferunt
1710 4056 1993 4141 pedem
2059 4064 2555 4140 urgentque,
2625 4062 2702 4121 et
2757 4057 2909 4121 im-

590 4164 883 4249 pulsos
930 4165 1175 4230 semel
1220 4171 1538 4230 terrore
1585 4164 1857 4230 eodem
1904 4171 2179 4246 agunt,
2228 4184 2379 4248 quo
2427 4169 2906 4247 coeperunt3

593 4272 1032 4357 expellunt
1101 4278 1337 4337 extra
1403 4277 1717 4356 portam
1772 4272 2262 4357 vallumque.
2374 4271 2535 4338 Post
2588 4272 2706 4336 illa
2760 4271 2906 4335 im-

589 4380 875 4466 pulsos
930 4381 1178 4446 semel
1234 4388 1302 4445 et
1357 4387 1676 4446 terrore
1735 4380 2008 4447 eodem
2061 4380 2437 4447 necessario
2483 4385 2907 4465 exspectatur

590 4491 687 4555 rei
731 4489 817 4554 ad
863 4490 1111 4554 exitum
1153 4509 1284 4554 uno
1331 4496 1562 4555 tenore
1607 4487 1940 4572 perductae
1988 4487 2419 4572 significati03
2465 4494 2538 4552 at
2582 4487 2903 4571 sequitur,
