3230 5282
1432 642 1512 704 23

301 848 530 893 errore
575 827 1053 908 animadverso,
1097 849 1372 912 prorsus
1416 826 1552 893 fere
1601 828 1829 909 desiit;
1873 849 2085 912 neque
2118 830 2312 909 enim,
2359 830 2415 895 si
2447 836 2627 896 recte

302 936 597 1017 attendi,
663 946 901 1022 postea
954 937 1307 1021 quicquam
1363 936 1558 1002 huius
1603 938 1861 1020 generis
1906 937 2233 1022 reperitur
2275 939 2406 1004 nisi
2451 938 2625 1017 VIII,

303 1048 343 1110 3
398 1045 548 1110 init.
612 1044 1191 1129 (ambiguitate
1256 1047 1645 1129 responsi
1709 1052 2069 1129 quantos
2135 1047 2626 1113 vincerimus

302 1153 750 1235 inimicos),
796 1175 850 1219 c.
899 1158 1003 1233 20,
1052 1159 1110 1234 3,
1158 1175 1211 1219 c.
1260 1158 1364 1234 23,
1418 1158 1516 1219 10.
1617 1154 1695 1218 In
1738 1154 1854 1220 illo
1902 1153 2143 1235 codice,
2190 1175 2270 1220 ex
2314 1175 2443 1239 quo
2487 1155 2627 1221 haec

304 1282 548 1346 sparsa
592 1270 1000 1341 manserunt,
1044 1269 1435 1347 perpetuam
1470 1261 1848 1328 huiusmodi
1880 1261 2372 1328 adnotationem
2404 1262 2627 1341 fuisse,

299 1378 824 1437 consentaneum
870 1378 1007 1451 est;
1051 1370 1249 1453 idque
1297 1370 1377 1435 de
1424 1370 1652 1436 codice
1700 1369 2057 1455 archetypo
2104 1370 2451 1437 confirmat
2493 1372 2625 1457 iam

300 1480 703 1545 Parisiensis
759 1501 890 1545 uno
937 1479 1083 1546 loco
1129 1500 1278 1544 cum
1323 1478 1620 1544 Mediceo
1665 1479 1735 1543 in
1779 1477 2159 1545 huiusmodi
2207 1501 2425 1546 errore
2473 1499 2627 1545 con-

297 1589 590 1673 spirans,
647 1588 763 1667 III,
807 1592 910 1666 49,
958 1592 995 1651 5
1043 1586 1169 1669 (M:
1227 1587 1536 1672 Appius
1582 1586 1827 1669 fugit,
1885 1587 1965 1651 P:
2027 1588 2331 1671 Appius
2375 1587 2624 1670 figit);

299 1697 507 1762 multo
564 1704 788 1761 autem
834 1697 1081 1760 certius
1126 1696 1301 1761 idem
1352 1716 1431 1759 ex
1466 1716 1545 1761 eo
1580 1694 1943 1773 conficitur,
1992 1695 2169 1778 quod
2200 1696 2258 1760 is
2291 1695 2626 1774 librarius,

299 1806 413 1888 qui
471 1805 778 1870 codicem
821 1804 1165 1870 Harleiani
1221 1804 1460 1887 prioris
1504 1803 1977 1887 Leidensisque
2032 1804 2271 1887 prioris
2330 1810 2400 1869 et
2444 1803 2626 1870 dete·

296 1914 559 1978 riorum
634 1912 826 1995 longe
891 1912 976 1977 ab
1043 1912 1173 1977 illis
1242 1912 1651 1978 diversorum
1716 1918 2057 1997 parentem
2124 1934 2203 1976 ex
2269 1912 2627 1996 archetypo

300 2021 699 2106 descripsit,
756 2020 1066 2099 subinde,
1123 2020 1241 2085 sed
1286 2019 1438 2085 aliis
1482 2020 1647 2086 locis
1691 2020 1760 2084 in
1805 2019 2085 2085 eundem
2130 2020 2627 2086 adnotationum

298 2129 775 2213 marginalium
844 2129 1128 2194 orationi
1193 2126 1693 2193 inserendarum
1749 2148 2038 2194 errorem
2094 2128 2345 2194 incidit.
2456 2127 2626 2194 Nam

300 2238 418 2317 vl,
488 2242 574 2316 8,
646 2241 682 2301 9
743 2235 926 2300 Leid.
980 2241 1006 2298 1
1069 2242 1138 2301 et
1196 2236 1378 2302 Harl.
1442 2240 1472 2299 1
1534 2257 1684 2300 cum
1742 2236 1895 2301 Lov.
1945 2240 1983 2299 2
2030 2243 2097 2302 et
2142 2242 2183 2301 4
2240 2243 2306 2302 et
2349 2235 2627 2302 Hearnii

299 2346 571 2412 duobus
625 2345 1086 2429 interponunt:
1155 2342 1834 2421 Quemadmodum
1889 2342 2296 2411 Satricum
2358 2344 2625 2428 capia·

298 2463 429 2519 tur
474 2476 521 2520 a
576 2451 958 2533 Camillo;
1023 2451 1113 2516 VI
1170 2458 1392 2517 autem
1444 2456 1552 2531 14,
1624 2456 1702 2515 12
1749 2451 1923 2534 (quae
1971 2452 2312 2518 adnotatio
2359 2452 2447 2518 ad
2491 2454 2614 2518 ini-
2651 2456 2760 2523 (22)

300 2564 463 2630 tium
511 2583 666 2646 cap.
719 2565 794 2625 15
840 2560 1131 2646 pertinet
1188 2567 1254 2625 et
1310 2560 1407 2625 sic
1462 2561 1714 2646 scripta
1759 2560 1913 2626 olim
1958 2560 2113 2626 fuit:
2174 2559 2401 2626 Cossi
2448 2560 2624 2626 dic·

301 2672 627 2738 tatoris
709 2690 1147 2753 regressus
1229 2668 1331 2733 ad
1410 2669 2065 2753 comprimendas
2134 2670 2622 2753 seditiones)

300 2801 447 2846 cum
508 2778 703 2845 Leid.
755 2783 783 2842 1
836 2777 1017 2860 (nam
1074 2778 1155 2843 de
1200 2776 1384 2843 Harl.
1436 2782 1466 2841 1
1526 2784 1790 2844 tacetur
1845 2779 1978 2844 sive
2036 2785 2216 2844 recte
2276 2779 2411 2843 sive
2469 2799 2623 2844 con·
2713 2765 2724 2776 ⁰

300 2889 582 2955 ferentis
628 2886 854 2972 culpa)
902 2887 1389 2969 coniunguntur
1431 2886 1583 2952 Lov.
1623 2891 1683 2966 2,
1730 2893 1789 2966 4,
1836 2886 1964 2953 duo
2010 2888 2302 2967 Hearnii,
2346 2888 2415 2952 in
2447 2887 2623 2966 VIII,

301 3003 360 3075 9,
410 3001 513 3077 12,
566 2994 877 3061 Leidensi
927 2998 955 3057 1
1008 3000 1076 3059 et
1118 2993 1362 3059 Harl.1
1413 2994 1865 3077 adiunguntur
1910 2994 2138 3061 decem
2172 2996 2287 3062 alii
2326 2995 2623 3061 Draken-

300 3105 659 3171 borchiani
713 3108 957 3187 praeter
1003 3101 1406 3168 Oxonienses
1451 3101 1728 3169 Hearnii
1773 3102 1952 3184 (add.
2000 3103 2173 3183 VIII,
2234 3108 2336 3183 31,
2393 3109 2452 3184 7,
2509 3104 2622 3184 IX,

299 3218 404 3294 46,
453 3212 605 3294 12);
648 3231 772 3276 nec
818 3212 1169 3294 quicquam
1214 3210 1395 3275 aliud
1440 3211 1568 3276 nisi
1607 3210 1982 3276 huiusmodi
2015 3211 2357 3278 adnotatio
2394 3211 2623 3278 subest

298 3323 365 3387 in
411 3321 642 3387 verbis
688 3320 804 3400 iis,
862 3340 1009 3401 quae
1050 3318 1171 3399 VI,
1228 3325 1287 3399 4,
1351 3323 1379 3382 1
1429 3320 1497 3384 in
1544 3318 1675 3384 illis
1719 3318 1979 3385 duobus
2026 3326 2092 3385 et
2133 3320 2286 3386 LoV.
2333 3323 2372 3384 2
2418 3321 2623 3385 inter-

302 3435 682 3513 ponuntur:
749 3428 1160 3511 praemium
1216 3426 1314 3492 ad
1369 3448 1511 3492 nos
1569 3426 1725 3509 (fuit
1781 3427 1965 3492 olim:
2034 3427 2133 3494 ad
2192 3428 2619 3510 Romanos)

296 3534 871 3616 venientibus3
937 3536 1230 3619 pertinet
1275 3555 1355 3599 ea
1400 3535 1486 3600 ad
1532 3533 1565 3617 ἓ
1613 3539 1684 3614 4,
1749 3534 1866 3599 ubi
1910 3534 1992 3600 de
2039 3536 2300 3602 civitate
2348 3544 2416 3603 et
2459 3557 2619 3619 agro

294 3645 669 3728 transfugis
717 3643 873 3710 dato
916 3649 1246 3709 narratur.
1335 3642 1413 3707 Id
1459 3642 1752 3708 dubitari
1794 3640 2074 3709 fortasse
2119 3651 2356 3729 potest,
2403 3645 2618 3710 sintne

298 3776 379 3820 ex
424 3752 795 3837 archetypo
843 3751 1170 3832 derivata,
1236 3772 1384 3835 quae
1442 3752 1509 3816 in
1564 3751 1798 3835 paucis
1857 3772 1937 3817 ac
1992 3752 2471 3818 recentioribus
2517 3774 2620 3818 re-

299 3870 506 3942 stant,
570 3867 648 3926 ut
693 3859 861 3925 illud
904 3858 1044 3940 VII,
1099 3863 1215 3939 40,
1266 3864 1306 3923 4
1353 3859 1854 3943 colloquium
1899 3859 2200 3926 Valerii
2256 3858 2493 3926 Corvi
2547 3862 2616 3926 in

297 3970 447 4036 cod.
513 3970 707 4035 Voss.
772 3972 834 4049 1,
894 3968 1076 4034 Leid.
1134 3971 1206 4048 2,
1262 3967 1479 4034 Lovel.
1532 3971 1597 4047 1,
1655 3965 1741 4032 ad
1800 3987 1994 4050 quem
2047 3968 2264 4035 locum
2321 3968 2618 4035 Draken-

296 4076 623 4145 borchius
667 4076 803 4143 alia
847 4097 927 4142 ex
971 4077 1119 4142 aliis
1166 4075 1501 4143 codicibus
1548 4083 2033 4143 commemorat.

473 4184 874 4252 Huiusmodi
927 4185 1129 4268 igitur
1171 4184 1300 4250 fuit
1344 4184 1551 4251 codex
1596 4182 2026 4269 archetypus,
2093 4191 2161 4252 et
2201 4186 2345 4270 ipse
2389 4186 2614 4252 multis

294 4292 468 4359 locis
526 4294 839 4360 mendose
896 4294 1182 4378 scriptus
1240 4300 1308 4359 et
1349 4314 1481 4359 non
1525 4292 1920 4359 mediocrem
1966 4294 2228 4360 errandi
2272 4295 2614 4360 materiem

297 4401 609 4485 praebens
653 4401 975 4482 librariis,
1041 4402 1284 4486 partim
1330 4400 1682 4480 eiusmodi,
1743 4423 1886 4485 quae
1931 4401 2122 4467 facile
2169 4424 2390 4469 omnes
2439 4402 2614 4467 deci·
2650 4445 2658 4458 ·

300 4517 500 4594 peret
553 4509 658 4592 (ut
702 4509 1162 4594 supplementa
1205 4510 1504 4592 quaedam
1549 4529 1751 4594 supra
1795 4510 2099 4595 scripta),
2153 4511 2396 4595 partim
2440 4509 2616 4576 eius·
