3230 5282
590 619 716 676 Lib.
751 620 874 676 vn.
1692 609 1813 671 174

596 792 853 875 (locus
911 791 1035 874 al.)
1106 793 1424 877 scriptum
1492 813 1637 858 esse
1696 792 2041 877 probabile
2097 801 2200 859 est
2251 815 2468 878 neque
2523 800 2702 859 recte
2757 814 2909 858 cum

593 909 888 985 tempore
935 901 1364 984 coniungitur'
1398 900 1583 966 locus
1629 900 1904 981 alienus,
1963 902 2077 985 qui
2119 902 2295 967 inter
2339 922 2419 967 ea
2463 907 2583 981 est,
2639 908 2912 986 propter

593 1029 740 1092 quae
803 1015 1065 1092 tempus
1133 1007 1532 1075 deteriorem
1596 1008 1857 1074 hostem
1924 1008 2118 1089 facit,
2185 1030 2308 1074 nec
2375 1010 2639 1074 omnino
2704 1008 2910 1089 locuS,

591 1117 706 1200 qui
749 1116 926 1182 idem
969 1122 1210 1197 manet,
1256 1137 1405 1181 cum
1449 1123 1744 1201 tempore
1788 1116 2058 1183 labenti.
2125 1116 2519 1198 Videndum,
2561 1137 2645 1181 ne
2690 1123 2911 1182 trans-

591 1222 1147 1309 positione.facta
1191 1224 1396 1290 scribi
1441 1224 1714 1290 debeat:
1771 1245 2000 1309 quem
2046 1232 2365 1310 tempus
2412 1224 2911 1289 deteriorem

590 1335 672 1399 in
740 1333 911 1398 dies
978 1332 1321 1413 faceret,
1391 1329 1525 1416 [et]
1580 1331 1794 1399 locis
1851 1332 2155 1398 alienis
2214 1333 2390 1398 sine
2445 1338 2910 1418 praeparato

592 1446 1050 1508 commeatu
1092 1474 1179 1485 -
1223 1446 1700 1520 morantem,
1768 1439 1867 1505 ad
1921 1441 2074 1507 hoc
2134 1446 2256 1507 cet.
2345 1440 2516 1506 Nam
2561 1446 2642 1505 et
2684 1475 2769 1484 —
2813 1439 2913 1504 ad

588 1549 738 1617 hoc
793 1570 912 1633 pro
973 1554 1053 1613 et
1092 1583 1182 1593 —
1225 1553 1308 1612 et
1348 1550 1565 1614 minus
1612 1548 1965 1633 diligenter
2008 1550 2296 1634 positum
2340 1570 2383 1614 a
2428 1548 2701 1613 Liviano
2750 1548 2912 1612 scri-

589 1658 792 1723 bendi
835 1677 1079 1741 genere
1126 1655 1459 1721 abhorret.
1572 1653 1760 1739 (Cap.
1812 1660 1914 1737 38,
1973 1662 2011 1722 9
2059 1657 2280 1722 codd.:
2350 1663 2428 1722 et
2482 1662 2724 1722 aetate
2766 1654 2910 1720 ha-

587 1766 824 1832 beret
867 1786 988 1849 pro
1034 1764 1386 1830 haberet
1428 1771 1507 1829 et
1550 1763 1844 1847 aetate.)

766 1871 927 1958 Cap.
983 1877 1079 1954 13,
1150 1876 1189 1937 8
1237 1873 1332 1955 (in
1378 1873 1680 1938 oratione
1725 1872 1929 1937 Tullii
1972 1871 2375 1937 centurionis
2421 1871 2597 1956 apud
2645 1868 2715 1937 C.
2763 1871 2913 1936 Sul-

587 1983 835 2066 picium
895 1980 1351 2063 dictatorem):
1432 1980 1579 2046 Sin
1637 1985 1904 2045 autem
1959 2001 2117 2045 non
2174 1987 2396 2044 tuum
2453 1981 2701 2059 istuc,
2770 1979 2911 2043 sed

585 2090 1007 2174 publicum
1064 2093 1197 2153 est
1251 2087 1711 2169 consilium,
1780 2094 1862 2153 et
1928 2108 2374 2154 consensus
2441 2087 2707 2171 aliqui
2762 2107 2909 2171 pa-

586 2205 838 2278 trum,
896 2219 1054 2263 non
1102 2195 1510 2261 Gallicum
1555 2194 1860 2261 bellum
1916 2216 2062 2260 nos
2116 2194 2213 2260 ab
2270 2194 2495 2275 urbe,
2554 2215 2597 2258 a
2654 2214 2906 2277 pena-

586 2306 810 2370 tibus
865 2305 1181 2370 nostris
1238 2303 1669 2386 ablegatos
1727 2307 1989 2383 tenet,
2057 2324 2360 2387 quaeso,
2420 2308 2507 2367 ut
2550 2323 2678 2381 ea,
2736 2323 2907 2386 quse

588 2411 881 2494 dicam,
937 2433 1096 2478 non
1155 2433 1196 2476 a
1237 2410 1661 2476 militibus
1716 2411 2206 2495 imperatori
2263 2410 2492 2475 dicta
2548 2430 2907 2489 censeas,

588 2520 732 2585 sed
780 2540 821 2584 a
864 2519 1105 2604 plebe
1152 2519 1559 2603 patribus,
1620 2539 1806 2602 quae,
1864 2519 2082 2584 sicut
2124 2539 2262 2584 vos
2309 2524 2582 2583 vestra
2623 2516 2910 2582 habea-

587 2628 696 2693 tis
745 2626 1120 2708 consilia,
1166 2627 1281 2692 sic
1327 2649 1407 2693 se
1455 2648 1599 2692 sua
1640 2626 2104 2693 habituram
2151 2626 2394 2693 dicat.
2497 2625 2691 2705 Quis
2737 2633 2908 2690 tan-

590 2737 760 2801 dem
819 2742 1334 2816 suscenseat,
1404 2735 1715 2801 milites
1768 2757 1910 2800 nos
1967 2756 2175 2814 esse,
2240 2756 2396 2800 non
2455 2755 2728 2800 servos
2774 2754 2906 2797 ve-

589 2850 836 2925 strOS,
904 2843 1001 2908 ad
1044 2842 1379 2924 bellum,
1444 2865 1604 2909 non
1649 2844 1728 2907 in
1774 2841 2156 2908 exsilium
2199 2843 2489 2908 missos
2534 2850 2655 2907 cet.
2764 2841 2907 2905 Pri-

588 2973 768 3015 mum
824 2951 987 3017 satis
1034 2952 1351 3018 audacter
1396 2959 1465 3017 et
1505 2951 1754 3016 rustice
1799 2950 2055 3015 Tullius
2103 2950 2493 3035 simpliciter
2538 2950 2908 3031 denuntiat,

588 3060 851 3144 plebem
930 3081 1054 3125 sua
1128 3060 1509 3125 habituram
1588 3058 1899 3139 consilia;
1979 3059 2097 3124 sed
2160 3058 2286 3123 hoc
2351 3057 2665 3139 feramus3
2743 3056 2907 3122 ferri

586 3189 720 3233 non
775 3174 1003 3253 potest
1056 3168 1343 3253 primum
1411 3187 1852 3232 suscenseo
1912 3166 2054 3231 sine
2111 3165 2247 3231 ullo
2305 3173 2461 3231 ante
2519 3165 2909 3231 Suetonium

588 3275 890 3360 (Vespas.
939 3275 1004 3358 5)
1064 3276 1360 3359 exemplo
1416 3295 1539 3359 pro
1599 3273 1989 3358 indignor
2045 3295 2194 3338 cum
2259 3273 2519 3338 infinita
2572 3273 2907 3338 sententia

415 3407 558 3475 (147)
597 3385 915 3466 positum,
984 3381 1222 3446 deinde
1279 3381 1490 3447 multo
1536 3383 1752 3447 minus
1795 3381 1937 3446 haec
1982 3383 2076 3446 sic
2122 3381 2330 3447 elata:
2400 3383 2581 3465 quis
2636 3381 2907 3462 indig-

588 3496 843 3569 netur,
887 3488 1205 3553 milites
1248 3509 1394 3558 nos
1442 3490 2905 3574 esse—,—-pugnaturos——‚—otium

587 3598 843 3662 Romae
932 3595 1213 3681 potius
1293 3631 1382 3641 --
1461 3601 1796 3663 acturos
1881 3604 2035 3677 cet.,
2130 3619 2334 3681 quum
2424 3596 2722 3681 intellegi
2806 3598 2903 3661 sic

589 3704 909 3770 debeant:
978 3724 1120 3768 nos
1176 3725 1318 3787 pro
1375 3704 1789 3770 militibus
1844 3705 2139 3770 haberi
2196 3712 2276 3770 et
2330 3712 2717 3789 tanquam
2761 3705 2905 3769 mi-

586 3811 781 3877 lites
827 3812 1183 3876 tractari
1226 3811 1463 3892 velle,
1509 3847 1596 3858 —
1643 3848 1720 3858 —
1771 3834 1861 3879 eo
1911 3835 2090 3878 esse
2135 3813 2417 3894 anim0‚
2463 3820 2550 3878 ut
2592 3834 2903 3898 pugna-

587 3921 758 3985 turi
802 3921 1051 3984 simus
1094 3954 1199 4000 —-,
1245 3921 1611 3987 ——otium
1656 3922 1913 3987 Romae
1957 3922 2650 4005 potius—acturi.
2730 3921 2904 3986 Nam

587 4029 950 4111 indignatio
1010 4028 1097 4092 ad
1152 4028 1361 4111 ipsam
1402 4028 1588 4093 illam
1632 4028 2039 4094 voluntatem
2084 4035 2152 4094 et
2193 4029 2710 4113 postulationem
2753 4051 2904 4114 per-

588 4138 786 4217 tinet,
866 4157 1011 4221 quae
1078 4137 1148 4200 in
1212 4136 1429 4202 verbis
1497 4138 1843 4202 omittitur.
1969 4135 2246 4202 Sanabit
2310 4137 2451 4202 haec
2519 4144 2586 4202 et
2648 4144 2903 4202 rectam

589 4243 909 4311 orationis
973 4243 1254 4308 formam
1320 4246 1792 4330 sententiaeque
1858 4267 2280 4329 progressum
2336 4244 2579 4310 efficiet
2637 4245 2906 4310 sublata

588 4374 722 4417 una
787 4351 1013 4416 littera
1079 4358 1146 4416 et
1212 4372 1291 4415 ex
1357 4373 1491 4417 una
1543 4373 1701 4418 voce
1760 4353 1953 4418 factae
2012 4354 2189 4418 duae:
2258 4374 2566 4436 quaeso,
2633 4359 2722 4417 ut
2787 4374 2900 4434 ea,

591 4481 760 4542 quae
820 4460 1107 4539 dicam,
1170 4480 1325 4524 non
1369 4480 1410 4523 a
1452 4460 1860 4526 militibus
1914 4461 2395 4545 imperatori
2453 4462 2675 4527 dicta
2719 4482 2904 4526 cen-
