3230 5282
1443 576 1564 637 695
2295 589 2418 643 Lib.
2454 589 2646 646 XLIV.

529 760 683 845 Cap.
710 764 809 840 26,
861 768 889 825 1
941 769 1006 826 et
1054 765 1090 825 2
1139 783 1283 845 quae
1328 760 1734 826 emendanda
1770 766 1974 836 erant,
2022 761 2299 826 alterum
2334 770 2400 827 et
2431 764 2642 827 maius
2676 778 2818 846 (576)

341 870 716 934 Gronovius
764 871 1092 954 praecepit,
1140 871 1422 934 alterum
1467 891 1666 952 quum
1725 869 1864 951 ipse
1911 869 2385 950 emendassem,
2428 871 2561 935 vidi
2608 892 2647 936 a

345 978 721 1062 Kreyssigio
790 985 855 1042 et
910 977 1205 1043 Bekkero
1273 982 1680 1062 occupatum.
1769 976 1936 1041 Nam
2003 998 2203 1059 quum
2268 979 2335 1043 in
2405 979 2645 1045 codicis

343 1088 682 1170 scriptura
726 1086 1006 1170 primum
1051 1087 1326 1152 ridicule
1371 1086 1683 1163 Perseus,
1730 1086 1843 1166 qui
1887 1086 2422 1169 reprehenditur,
2469 1087 2645 1171 quod

343 1211 580 1278 pacem
625 1196 903 1277 pecunia
948 1216 1162 1260 emere
1206 1195 1518 1273 noluerit,
1586 1195 2008 1277 pecuniam
2065 1200 2317 1259 tutam
2375 1203 2450 1260 et
2506 1218 2644 1279 pa-

335 1323 512 1367 cem
557 1302 853 1367 habere
899 1304 1188 1385 potuisse
1235 1302 1494 1368 dicatur
1530 1302 1748 1384 (quasi
1782 1323 1932 1380 non,
1970 1308 2046 1366 ut
2083 1323 2311 1386 pacem
2350 1303 2641 1383 haberet,

338 1412 623 1495 pecunia
669 1410 1058 1475 dimittenda
1100 1409 1351 1492 fuerit),
1399 1411 1637 1476 deinde
1682 1411 1899 1475 nescio
1945 1411 2099 1493 quid
2135 1432 2454 1494 nugarum
2492 1434 2641 1477 nar-

335 1528 525 1584 retur
570 1519 650 1583 de
696 1519 931 1584 Perseo
977 1525 1314 1603 recepto
1377 1516 1485 1599 (ex
1543 1540 1672 1602 quo
1734 1519 2134 1583 reiectum
2179 1541 2388 1602 nuper
2432 1521 2639 1586 Weis-

331 1628 734 1693 senbornius
780 1626 952 1700 fecit,
1001 1627 1196 1710 quasi
1240 1627 1527 1691 reiectus
1573 1626 1854 1690 Perseus
1900 1627 1983 1692 ab
2028 1627 2316 1693 Eumene
2361 1628 2644 1695 fideliter

335 1737 708 1801 Romanam
759 1736 1140 1801 societatem
1184 1742 1409 1801 tuente
1479 1741 1546 1799 et
1603 1735 1973 1799 mercedem
2042 1743 2388 1819 spernente
2455 1760 2638 1822 pro·

331 1844 670 1909 trahere
738 1865 886 1909 eum
954 1844 1316 1908 mercede
1395 1848 1772 1909 onustum
1851 1842 2201 1926 potuerit),
2271 1844 2637 1911 Gronovius

335 1953 760 2035 sagacissime
808 1953 1106 2035 scripsit:
1177 1972 1409 2034 quum
1455 1951 1802 2034 pecunia
1845 1952 2148 2015 tantula
2194 1961 2316 2018 ant
2359 1974 2635 2037 pacem

330 2060 642 2126 habere
709 2082 849 2145 per
892 2060 1313 2124 Eumenem
1357 2094 1441 2104 —
1497 2065 1637 2123 aut
1702 2059 2066 2140 deceptus
2134 2062 2633 2144 protrahere

329 2169 694 2234 mercede
765 2174 1141 2234 onustum
1206 2203 1292 2212 —
1367 2173 1686 2250 posset,
1767 2187 2043 2250 eamque
2113 2169 2633 2235 emendationem

330 2278 584 2343 maiore
631 2298 708 2342 ex
754 2283 938 2360 parte
984 2297 1156 2340 nunc
1189 2276 1380 2354 idem,
1427 2276 1542 2358 qui
1581 2276 1986 2358 superiorem
2019 2283 2331 2358 nostram,
2377 2280 2632 2362 egregie

325 2385 678 2450 confirmat
724 2384 1034 2468 Polybius
1103 2383 1359 2466 (fragm.
1405 2382 1552 2447 Vat.
1610 2383 1843 2464 XXIX,
1897 2388 1922 2447 1
1974 2384 2006 2449 f
2034 2409 2096 2468 p.
2151 2390 2313 2450 1034
2371 2386 2631 2468 Bekk.):

323 2498 372 2555 εἶ
414 2504 516 2574 μὲν
560 2502 669 2576 γὰρ
716 2500 1020 2574 συνήργησέ
1061 2520 1108 2554 τι
1156 2491 1441 2573 (Εὐμένης)
1485 2500 1589 2552 τῶν
1634 2499 1768 2553 κατὰ
1800 2499 1896 2563 τὰς
1929 2502 2257 2575 ἐπαγγελῖας
2300 2501 2388 2556 καὶ
2424 2501 2633 2558 διέλυσε

327 2608 419 2666 τὸν
467 2610 723 2683 πόλεμον,
791 2607 864 2673 εἷς
910 2609 1072 2664 καλὸν
1117 2607 1147 2677 ἡ
1192 2607 1366 2672 δόσις·
1433 2604 1479 2661 εἰ
1535 2605 1592 2663 δὲ
1649 2607 1838 2677 ταύτης
1895 2607 2205 2684 διεψεύσθη
2270 2609 2359 2680 τῆς
2415 2609 2632 2676 ἐλπίδος

321 2712 496 2794 (aut
545 2711 983 2795 deceptus),
1029 2720 1102 2781 εἴς
1145 2737 1207 2792 γε
1251 2716 1344 2785 τὴν
1390 2716 1526 2790 πρὸς
1569 2714 1864 2788 Ῥωμαίους
1911 2715 2131 2791 ἔχθραν
2184 2717 2631 2795 ὁμολογουμένως

317 2824 638 2897 ἀναφανδὸν
694 2818 846 2901 (Sor.
906 2825 1345 2901 ὁμολογουμένως
1390 2825 1455 2878 ἂν
1501 2816 1691 2897 αὐτὸν)
1737 2824 2053 2897 ἐμβεβλήκει.
2143 2819 2227 2882 Et
2291 2819 2416 2884 hoc
2484 2823 2625 2903 qui·

320 2926 472 2993 dem
523 2928 833 2993 Gronovii
879 2928 1215 2992 inventum
1261 2933 1388 3004 est,
1456 2926 1523 2988 in
1581 2947 1710 3007 quo
1758 2946 1960 2989 unum
2005 2927 2334 2991 tantula
2379 2936 2627 2993 certum

313 3058 448 3101 non
499 3044 634 3116 est,
700 3057 848 3101 nam
918 3042 1142 3119 potest
1210 3035 1405 3098 etiam
1460 3033 1668 3099 latere
1738 3032 1935 3098 da'ta
1993 3031 2365 3117 (pecunia
2410 3036 2626 3120 data)

315 3153 434 3210 aut
484 3145 692 3210 simile
750 3144 1190 3228 participium.
1280 3142 1532 3207 Deinde
1604 3163 1638 3206 e
1709 3142 1950 3207 codicis
2020 3144 2375 3225 scriptura:
2444 3144 2624 3209 sed-

319 3264 474 3318 tam
495 3253 810 3336 tegenti
879 3259 1059 3316 recte
1129 3251 1540 3335 Kreyssigius
1609 3255 1795 3315 ante
1865 3249 1996 3331 (cui
2077 3251 2466 3335 respondet:
2547 3260 2623 3318 et

315 3367 483 3426 tum
533 3360 975 3441 Gallorum)
1026 3361 1224 3437 eruit,
1274 3360 1389 3423 sed
1449 3361 1600 3423 iam
1647 3360 1859 3422 minus
1905 3365 2082 3423 recte
2130 3360 2417 3440 addidit3
2484 3382 2622 3425 rec-

317 3470 451 3533 tius
500 3468 865 3533 Bekkerus:
916 3469 1053 3532 sed
1100 3474 1175 3533 et
1222 3476 1411 3533 ante
1447 3462 1724 3532 Gentii
1763 3503 1851 3510 —
1887 3474 1963 3531 et
1999 3474 2163 3531 tum
2199 3467 2621 3534 Gallorum

453 3692 513 3744 in
549 3691 875 3743 memoriam
913 3697 1136 3743 revocat
1175 3695 1416 3758 spretam
1451 3687 1863 3743 incredibiliter
1908 3688 1968 3743 in
2015 3688 2298 3744 Ciceronis
2346 3691 2499 3744 Brut.
2534 3693 2620 3758 20,

450 3778 517 3828 79
554 3773 874 3829 facillimam
913 3775 1391 3843 certissimamque
1419 3774 1659 3829 Manutii
1697 3773 2164 3841 emendationem,
2203 3792 2270 3829 ex
2308 3777 2411 3830 elo
2426 3794 2622 3845 quen-

453 3863 875 3915 temmalium
913 3860 1169 3916 facientis
1208 3861 1653 3929 eloquentem
1690 3860 1922 3926 aiunt,
1971 3867 2028 3913 et
2061 3868 2343 3915 retentum
2379 3861 2619 3916 fulcrum

453 3948 523 4000 ab
560 3948 969 4016 interpolatore
1007 3946 1264 4000 additum
1303 3946 1563 4000 dicunt.
1638 3945 1875 4014 Polybio
1912 3947 2106 4001 Livius
2144 3948 2202 4001 in
2238 3947 2436 4001 eodem
2474 3947 2617 4014 1000,

453 4032 600 4087 unde
638 4032 862 4085 adiutus
901 4041 1013 4097 est,
1063 4034 1319 4101 exiguam
1365 4031 1566 4085 reddet
1614 4032 1808 4085 auxilii
1846 4033 2104 4101 gratiam.
2174 4030 2315 4085 Nam
2353 4032 2502 4099 quod
2540 4032 2619 4085 ibi

451 4117 685 4185 legitur:
742 4122 766 4170 ὖ
801 4125 850 4171 δὲ
889 4121 1101 4189 Περσεὺς
1137 4127 1320 4182 Hiram
1356 4124 1462 4189 περὶ
1498 4128 1585 4170 τῶν
1623 4121 1830 4190 ὁμήρων,
1868 4121 1996 4171 πόσα
2044 4125 2125 4171 καὶ
2174 4120 2287 4170 πότε
2334 4127 2615 4183 πέμπεσθαι

450 4211 530 4256 καὶ
566 4212 661 4265 πῶς
694 4207 848 4269 δεήσει
886 4214 1040 4275 ταῦτα.
1073 4215 1321 4276 τηρεῖσθαι
1358 4206 1491 4273 παρὰ
1539 4216 1635 4264 τοῖς
1682 4212 1933 4269 Κνωσίοις,
1971 4206 2232 4272 apparet,
2281 4211 2464 4267 ἰλύγιτο
2508 4210 2616 4274 περὶ

448 4298 536 4341 τῶν
572 4292 755 4360 ὁμήρων
793 4288 932 4342 nihil
968 4305 1101 4342 esse.
1176 4289 1357 4343 Scribi
1405 4287 1573 4342 debet
1620 4292 1835 4355 ἠπείγετο
1882 4288 2233 4355 (festinabat,
2281 4286 2617 4341 festinanter

450 4375 688 4442 agebat).
763 4373 954 4428 Livius
1005 4372 1036 4443 ξ
1083 4376 1142 4427 8:
1199 4373 1275 4427 de
1331 4373 1694 4427 obsidibus
1745 4372 2181 4441 accipiendis
2238 4374 2383 4427 sine
2439 4373 2616 4426 dila·

449 4461 638 4512 tione
677 4461 941 4528 agebat.
