3230 5282
1432 590 1554 651 709
2282 600 2404 654 Lib.
2440 587 2636 654 xmv.

342 772 782 856 labantur).
886 772 954 839 Si
1020 775 1114 839 sic
1183 775 1406 840 Livius
1475 773 1768 859 scripsit,
1836 792 2035 857 prave
2103 773 2383 858 scripsit.
2472 757 2669 836 Nam‘

341 882 517 966 legio
562 883 737 947 inter
781 888 1063 948 cetratos
1109 889 1309 965 atque
1355 882 1670 966 clipeatos
1717 880 2188 964 (phalangitas)
2231 880 2639 963 interposita,

345 991 404 1056 si
446 990 731 1056 frontem
775 990 1084 1055 adversus
1119 989 1436 1075 clipeatos
1471 989 1692 1068 habet,
1738 996 1995 1072 tergum
2030 988 2313 1054 obvertit
2352 987 2639 1066 cetratis,

345 1098 474 1164 hoc
517 1104 648 1179 est,
695 1103 982 1164 cetratos
1027 1097 1228 1164 habet
1274 1118 1315 1163 a
1357 1105 1541 1181 tergo
1562 1148 1576 1177 ‚
1644 1119 1774 1163 non
1829 1098 1975 1181 ipsa
2037 1097 2118 1161 iis
2175 1118 2216 1162 a
2270 1103 2454 1180 tergo
2522 1101 2639 1160 est.

348 1206 791 1289 Omninoque,
836 1227 980 1290 quae
1024 1227 1253 1272 manus
1307 1207 1707 1291 interposita
1770 1205 1938 1270 binis
1982 1205 2284 1270 hostibus
2330 1210 2458 1283 est,
2505 1204 2643 1298 eius

346 1316 555 1399 ipsius
599 1314 781 1380 frons
828 1320 893 1380 et
936 1320 1197 1398 tergum
1240 1322 1390 1380 utro
1437 1320 1723 1398 spectet,
1769 1313 2231 1396 distinguitur3
2301 1314 2357 1379 si
2403 1313 2483 1377 de
2528 1312 2643 1377 ho-

347 1423 611 1489 stilibus
655 1421 957 1488 manibus
1001 1424 1067 1487 in
1113 1423 1479 1488 contrarias
1523 1429 1750 1506 partes
1794 1423 2001 1487 versis
2044 1427 2379 1504 ageretur,
2427 1422 2643 1487 dicen-

355 1531 510 1596 dum
558 1536 732 1596 erat:
801 1532 1151 1596 cetratis
1196 1552 1237 1596 a
1281 1538 1511 1612 tergo
1559 1537 1767 1612 erat:
1824 1530 2366 1615 clipeatorum
2420 1528 2640 1595 fron-

351 1649 512 1705 tem
557 1639 716 1704 sibi
761 1639 1178 1704 obversam
1222 1639 1610 1718 habebat3
1671 1660 1843 1704 nunc
1889 1660 2192 1723 perverse
2237 1638 2517 1703 alterum
2563 1638 2642 1702 de

350 1748 664 1812 Romanis
719 1747 988 1826 dicitur,
1047 1746 1327 1812 alterum
1395 1748 1475 1812 de
1519 1748 2006 1826 Macedonibus,
2073 1753 2149 1812 ut
2215 1746 2640 1824 contrarium,

351 1855 529 1940 quod
594 1857 812 1921 notari
877 1854 1163 1932 videtur,
1231 1855 1483 1919 nullum
1547 1876 1779 1940 reapse
1847 1857 1952 1921 sit.
2042 1854 2211 1920 Nam
2270 1875 2415 1938 quae
2471 1854 2642 1938 legio

351 1962 636 2029 frontem
681 1963 992 2029 adversus
1040 1962 1358 2047 clipeatos
1403 1962 1636 2043 habet,
1691 1969 1910 2049 potest
1966 1963 2191 2028 eadem
2247 1963 2331 2028 iis
2388 1959 2471 2043 (si
2516 1960 2644 2046 ipsi

353 2072 565 2137 aversi
608 2071 815 2153 stant)
862 2092 902 2137 a
945 2078 1130 2154 tergo
1177 2092 1344 2152 esse:
1413 2077 1644 2137 contra
1698 2073 1965 2136 cetratis
2010 2092 2051 2134 a
2093 2076 2277 2154 tergo
2324 2091 2466 2135 esse
2510 2069 2645 2145 usi-

353 2187 490 2246 tate
538 2180 669 2245 dici
711 2182 972 2264 nequit;
1016 2181 1098 2245 iis
1145 2182 1316 2246 enim
1362 2180 1620 2244 demum
1664 2201 1704 2246 a
1744 2185 1931 2262 tergo
1968 2200 2111 2245 esse
2147 2178 2438 2258 dicimur,
2484 2198 2645 2260 quo—

353 2310 501 2353 rum
546 2287 735 2372 tergo
781 2294 1011 2354 nostra
1053 2288 1233 2354 frons
1277 2288 1597 2367 imminet,
1644 2310 1774 2354 non
1819 2289 1918 2368 iis,
1965 2308 2242 2370 quorum
2285 2294 2471 2370 tergo
2516 2294 2647 2353 ter·

357 2416 509 2480 gum
556 2396 964 2461 obvertimus.
1055 2397 1285 2479 Itaque
1330 2396 1548 2462 Livius
1596 2397 1881 2463 scribere
1946 2397 2173 2463 debuit
2218 2403 2312 2473 et,
2380 2403 2455 2462 ut
2510 2396 2647 2481 opi-

353 2525 495 2584 nor,
545 2504 837 2589 scripsit:
884 2507 939 2569 A
983 2512 1214 2588 tergo
1261 2499 1591 2589 (legionis)
1641 2507 1945 2573 cetrati
1992 2512 2254 2585 erant,
2299 2505 2649 2571 frontem

359 2612 751 2680 adversus
799 2613 1198 2697 clipeatos
1245 2613 1639 2696 habebat3
1696 2613 1847 2696 (hoc
1892 2613 2145 2683 ordine:

1135 2758 1224 2769 —
1268 2724 1524 2803 cetrati,

1136 2866 1222 2876 —
1263 2838 1522 2915 tergum
1565 2831 1900 2925 legionis„

1138 2975 1223 2986 —
1266 2940 1446 3005 frons
1489 2938 1784 3022 legionis,

1138 3082 1223 3092 —
1267 3047 1653 3131 clipeati).¹)
1975 3095 1983 3104 .

534 3152 1027 3238 Cap.43‚3et4:
1053 3154 1451 3240 Perpauci
1476 3155 1663 3220 inde
1687 3155 1989 3221 Pellam
2030 3155 2379 3221 celerius
2407 3176 2642 3239 quam
2679 3153 2818 3225 (589)

362 3264 545 3347 ipse
589 3263 971 3342 Perseus,
1039 3264 1227 3345 quia
1282 3269 1511 3328 recta
1568 3263 1956 3347 expedita
2014 3263 2204 3346 (bene
2251 3265 2648 3333 Gronovius:

361 3378 588 3436 recta
633 3378 709 3437 et
753 3369 1157 3455 expedita)
1206 3373 1334 3437 via
1376 3372 1680 3450 ierant,
1725 3380 2307 3457 pervenerunt3
2372 3396 2512 3440 rex
2557 3375 2679 3441 ad-

363 3479 703 3544 mediam
747 3478 987 3545 ferme
1033 3486 1351 3545 noctem
1395 3487 1711 3546 terrore
1756 3488 1834 3546 et
1877 3481 2135 3546 variis
2195 3480 2650 3549 difficulta-

362 3587 587 3653 tibus
654 3589 792 3652 viae
859 3594 1188 3653 vexatus
1256 3595 1397 3654 est.
1487 3588 1718 3673 Neque
1785 3596 2059 3654 terror
2124 3593 2494 3659 contrarius
2551 3598 2653 3659 est

412 3876 461 3943 ¹)
501 3876 631 3947 Cap.
662 3879 749 3946 42,
789 3879 823 3930 7
858 3882 1014 3931 recte
1049 3877 1332 3946 iudicavit,
1370 3880 1686 3949 quicunque
1713 3878 2040 3934 Romanis
2077 3881 2149 3935 ab
2186 3883 2655 3938 conveniebat

394 3960 402 3966 ’
500 3964 768 4035 seiunxit3
805 3980 987 4032 neque
1034 3966 1183 4018 enim
1229 3964 1297 4018 de
1331 3963 1712 4020 Romanorum
1765 3966 1971 4021 iudicio
2016 3968 2304 4036 agebatur,
2340 3968 2655 4036 praesertim

500 4048 546 4102 si
592 4066 783 4102 omnes
817 4048 1188 4104 Macedonum
1223 4050 1407 4105 clades
1445 4056 1891 4120 numerarentur,
1930 4069 2111 4121 neque
2158 4052 2228 4107 de
2274 4053 2651 4107 consentienti

499 4134 709 4190 iudicio
764 4134 873 4188 dici
929 4135 1008 4189 sic
1061 4139 1290 4206 poterat
1348 4135 1478 4204 (pro
1531 4152 1598 4189 eo
1652 4136 1803 4205 quod
1867 4142 1977 4191 est:
2032 4137 2209 4192 inter
2269 4137 2649 4205 Romanos).

502 4220 870 4276 scribendum
921 4220 1096 4289 igitur
1147 4225 1236 4275 est
1283 4217 1433 4288 [cum
1467 4220 1974 4291 WeissenbornioJ:
2019 4221 2247 4278 Facile
2295 4224 2654 4279 convenie-

500 4307 639 4373 bat,
677 4322 710 4360 a
743 4303 1071 4360 Romanis
1109 4321 1450 4375 nunquam
1488 4311 1593 4362 cet.
1648 4305 1789 4361 Nam
1827 4307 2075 4362 dativum
2109 4324 2215 4377 pro
2251 4310 2653 4380 praepositione

503 4409 537 4445 a
569 4392 730 4446 Livio
765 4392 1014 4461 positum
1066 4392 1232 4446 nimis
1283 4392 1488 4447 leviter
1523 4398 1582 4446 et
1636 4391 1753 4446 sine
1808 4392 2124 4448 discrimine
2168 4392 2653 4449 Drakenborchius

502 4474 678 4547 fingit.
750 4476 878 4531 Non
921 4477 1107 4530 minus
1154 4482 1354 4532 conti-s
1406 4475 1659 4531 codicem
1710 4478 1881 4547 paulo
1934 4495 2102 4546 supra
2153 4475 2212 4547 (ξ
2248 4478 2300 4545 6)
2338 4485 2470 4534 ante
2505 4496 2649 4535 sca·

499 4562 652 4630 phis
690 4562 949 4616 additum
986 4567 1070 4615 est
1106 4578 1150 4615 c.
