3230 5282
1466 603 1587 664 535
2231 614 2355 692 Lib.
2395 614 2673 668 mvn.

369 787 618 851 omisso
665 786 926 851 nomine
972 785 1327 867 significari
1370 807 1500 851 non
1547 788 1791 869 potuit,
1837 788 1946 868 qui
1992 787 2059 849 in
2103 792 2247 852 toto
2292 785 2416 850 hoc
2461 787 2676 868 capite

369 899 922 958 commemoratus
990 893 1468 975 significatusve
1534 915 1665 957 non
1734 900 1930 958 esset.
2022 893 2152 958 Sed
2207 894 2447 957 iniuria
2491 898 2673 957 totus

371 1000 554 1065 locus
603 999 696 1081 (in
743 1020 873 1080 quo
909 1000 1086 1085 quod
1122 1007 1266 1064 erat
1290 999 1592 1064 mendum
1632 1000 1914 1079 difficile,
1954 1000 2295 1064 Rubenius
2330 1000 2675 1082 sagacissi-

372 1128 480 1172 ma
504 1108 881 1172 coniectura
920 1107 1208 1186 sustulit,
1244 1129 1398 1190 pro:
1433 1128 1526 1171 av
1544 1115 1760 1172 erter
1778 1114 1918 1172 unt
1951 1107 1984 1172 f
1992 1129 2107 1172 am
2126 1128 2244 1172 am
2273 1109 2610 1172 restituto:
2638 1129 2677 1171 a

371 1217 644 1279 vetere
688 1215 844 1278 fam
859 1214 923 1296 a)
972 1214 1503 1279 Weissenbornio
1551 1214 1792 1280 dubius
1837 1216 2016 1279 visus
2063 1221 2189 1293 est,
2252 1214 2431 1296 quod
2476 1216 2543 1278 in
2587 1215 2673 1292 M,

367 1324 701 1404 geminata
744 1323 957 1405 prima
1001 1323 1227 1385 littera
1271 1321 1453 1385 verbi
1498 1329 1708 1386 metu
1727 1343 1858 1386 ere
1904 1328 1973 1386 et
2015 1323 2094 1385 in
2128 1328 2399 1404 propter
2434 1342 2673 1404 praece-

371 1429 533 1493 dens
568 1449 623 1490 n
660 1430 920 1507 omiSSO,
970 1429 1290 1511 scriptum
1326 1436 1502 1493 erat:
1549 1431 1844 1494 victam
1877 1428 2254 1493 AEtoliam
2292 1434 2670 1493 metuere.

544 1534 700 1619 Cap.
751 1541 849 1615 56,
897 1540 934 1599 2
982 1557 1092 1609 ea,
1141 1556 1285 1619 quae
1342 1543 1608 1600 senatus
1655 1538 1992 1601 Romanus
2038 1544 2195 1622 post
2252 1536 2498 1600 bellum
2542 1537 2671 1598 An-

366 1643 873 1709 tiocbiEumeni
910 1643 1053 1707 dari
1091 1643 1301 1720 iussit,
1340 1644 1431 1707 sic
1457 1651 1951 1708 enumerantur:
2003 1645 2487 1726 Lycaoniam
2512 1664 2670 1706 om-

368 1771 539 1815 nem
632 1757 707 1814 et
793 1749 1215 1832 Phrygiam
1283 1757 1702 1832 utramque
1792 1758 1874 1815 et
1959 1751 2320 1834 Mysiam,
2399 1751 2668 1830 regias

361 1858 618 1922 silvas
688 1867 766 1922 et
830 1858 1098 1940 Lydiae
1165 1857 1575 1938 Ioniaeque
1646 1864 1882 1922 extra
1948 1879 2038 1922 ea
2106 1858 2433 1941 oppida,
2501 1877 2666 1939 quae

363 1965 633 2029 libera
678 1964 1055 2042 fuissent,
1103 1986 1256 2048 quo
1304 1964 1427 2027 die
1474 1986 1642 2028 cum
1687 1986 1871 2046 rege
1916 1964 2311 2030 Antiocho
2357 1985 2666 2048 pugna·
2780 1994 2795 2009 ·

364 2079 531 2137 tum
578 2077 733 2150 est,
782 2079 863 2137 et
907 2072 1380 2136 nominatim
1427 2071 1919 2153 Magnesiam
1976 2072 2072 2136 ad
2131 2072 2492 2156 Sipylum
2539 2078 2657 2136 cet.
2698 2072 2837 2141 (438)

362 2179 441 2244 In
485 2180 589 2244 his
629 2180 770 2244 duae
819 2187 973 2244 sunt
1016 2180 1234 2243 mendi
1280 2180 1684 2260 suspiciones
1729 2201 2097 2262 pergraves,
2144 2181 2359 2245 altera
2401 2181 2531 2243 iam
2578 2180 2661 2244 ab

362 2287 530 2364 aliis,
579 2288 791 2352 altera
848 2309 889 2350 a
933 2286 1275 2351 nullodum
1320 2294 1516 2351 mota.
1605 2286 1774 2351 Nam
1843 2290 2183 2369 genetivus
2242 2287 2352 2352 ille
2396 2287 2556 2370 Lyd
2573 2288 2662 2350 iae

359 2394 536 2459 Ioni
554 2415 665 2478 aeq
684 2417 724 2458 u
741 2416 774 2458 e
791 2447 804 2473 ,
873 2396 986 2476 qui
1044 2393 1326 2476 pendere
1387 2394 1583 2459 debet
1651 2415 1729 2458 ex
1788 2396 2052 2459 notione
2097 2395 2351 2460 inclusa
2418 2396 2485 2458 in
2529 2394 2658 2459 his:

362 2509 597 2566 extra
643 2524 734 2566 ea
781 2503 1081 2585 oppida
1129 2500 1418 2584 (Lydiae
1461 2501 1871 2585 Ioniaeque
1918 2502 2242 2584 reliqua
2288 2509 2527 2566 extra
2574 2522 2663 2566 ea

360 2608 589 2693 opp),
648 2611 776 2674 iam
824 2609 1159 2674 Dukerum
1226 2615 1292 2673 et
1349 2607 1721 2673 Creverium
1788 2609 2104 2689 advertit3
2169 2609 2327 2674 mihi
2395 2610 2661 2692 quidem

358 2717 482 2782 hoc
527 2718 837 2799 loquendi
860 2738 1065 2798 genus
1101 2717 1198 2781 ita
1230 2716 1488 2780 videtur
1522 2716 1927 2795 incredibile,
1976 2723 2052 2781 ut
2083 2717 2661 2799 transpositionem

354 2824 600 2889 factam
647 2832 872 2907 putem
917 2823 1496 2906 scribendumque:
1561 2824 1829 2906 Lydiae
1887 2823 2293 2904 Ioniaeque
2362 2823 2662 2906 oppida

357 2939 588 2996 extra
634 2954 718 2995 ea
738 2983 751 3008 ,
800 2952 965 3014 quae
1013 2938 1134 2995 cet.
1186 2928 1319 3011 [Sic
1363 2928 1770 3013 Rupertius]
1818 2928 2072 2995 Certius
2118 2938 2335 2994 tamen
2381 2929 2660 2993 alterum

356 3039 662 3103 mendum
689 3061 830 3104 esse
855 3039 1050 3102 credo
1075 3039 1141 3100 in
1163 3037 1323 3101 illis:
1361 3036 1707 3118 Mysiam,
1730 3039 1998 3119 regias
2025 3037 2305 3115 silvaS,
2329 3038 2397 3100 in
2421 3037 2657 3116 quibus

355 3147 636 3230 primum
664 3146 1042 3228 suspectum
1071 3152 1197 3226 est,
1224 3144 1400 3227 quod
1444 3144 1671 3226 Mysia,
1700 3145 1879 3208 nullo
1909 3144 2135 3208 addito
2174 3143 2320 3222 fine,
2347 3150 2492 3207 tota
2527 3143 2658 3207 Eu-

354 3255 526 3317 meni
567 3253 791 3330 datur3
816 3275 965 3317 nam
1001 3274 1080 3316 ex
1103 3252 1311 3316 altero
1342 3250 1506 3314 Livii
1528 3251 1673 3315 loco
1701 3251 1780 3316 de
1806 3259 2002 3317 aucto
2029 3250 2340 3315 Eumenis
2366 3271 2566 3331 regno
2590 3252 2657 3314 in

354 3361 522 3425 libro
561 3360 921 3437 XXXVIII,
970 3364 1069 3438 39,
1118 3365 1191 3423 15
1231 3366 1298 3423 et
1333 3380 1412 3422 ex
1447 3357 1718 3441 Polybii,
1756 3380 1948 3442 quem
1992 3358 2087 3423 ibi
2123 3359 2343 3423 Livius
2390 3368 2657 3424 secutus

354 3476 484 3547 est,
529 3469 697 3533 libro
739 3468 940 3547 XXII,
981 3472 1083 3546 27,
1117 3471 1210 3545 10,
1257 3486 1656 3547 quamquam
1701 3486 1830 3530 non
1865 3465 2093 3531 eodem
2132 3466 2327 3531 modo
2362 3466 2659 3531 scribunt

350 3577 522 3656 (illet
589 3576 707 3659 My
730 3577 962 3651 siam,
1031 3596 1270 3656 quam
1334 3572 1675 3638 Prusias
1759 3593 1897 3636 rex
1977 3573 2203 3637 adem
2231 3580 2437 3652 erat,
2519 3573 2653 3638 hic:

353 3692 612 3755 Μυσούς,
695 3691 784 3753 οὓς
858 3690 1122 3763 πρότερον
1204 3687 1362 3751 αὐτὸς
1429 3688 1881 3761 παρεσκευάσατο
1899 3729 1913 3751 ,
1992 3681 2071 3745 de
2138 3680 2490 3762 Eumene),
2557 3690 2656 3745 ta·

361 3812 511 3855 men
549 3791 842 3872 intellegi
864 3789 1141 3867 videtur,
1184 3795 1448 3852 tantum
1495 3797 1753 3871 partem
1797 3789 2087 3870 aliquam
2121 3787 2344 3871 Mysiae
2380 3788 2656 3852 Eumeni

352 3897 571 3961 datam
594 3923 607 3976 ;
657 3899 774 3962 sed
809 3899 937 3961 hoc
961 3898 1131 3976 leve3
1180 3917 1260 3960 ne
1295 3895 1461 3959 illud
1484 3897 1749 3978 quidem
1775 3897 1995 3978 magni
2017 3917 2137 3979 per
2161 3917 2231 3960 se
2255 3897 2566 3961 momenti
2592 3904 2658 3960 et

350 4013 574 4070 tamen
598 4007 1029 4088 suspiciosum
1055 4011 1173 4083 est,
1201 4002 1378 4083 quod
1403 4004 1576 4066 inter
1609 4010 1831 4066 cetera
1869 4002 2183 4086 copulata
2204 4003 2331 4068 hoc
2354 4009 2655 4073 ἀσυνδέιως

348 4113 794 4195 interponitur
841 4114 956 4193 (et
1001 4111 1363 4194 Mysiam,
1411 4111 1685 4190 regias
1734 4108 1984 4173 silvas
2044 4115 2123 4173 et
2166 4110 2430 4193 Lydiae
2478 4110 2653 4190 cet.).

350 4219 477 4284 Sed
525 4242 821 4304 quaenam
870 4228 1022 4283 sunt
1067 4218 1195 4281 illae
1241 4217 1485 4298 regiae
1546 4216 1797 4294 silvae,
1845 4237 1988 4298 quae
2048 4217 2186 4280 sine
2232 4216 2371 4281 ulla
2414 4217 2542 4282 loci
2588 4225 2655 4282 et

347 4328 633 4408 regionis
660 4326 1135 4409 significatione
1170 4326 1342 4388 inter
1377 4324 1859 4407 provinciarum
1896 4331 2352 4403 terrarumque
2389 4324 2654 4386 nomina

344 4435 844 4509 interficiuntur,
873 4441 1206 4514 tamquam
1229 4432 1367 4495 haec
1392 4432 1539 4513 ipsa
1563 4431 1790 4512 aliqua
1813 4436 1993 4494 terra
2018 4431 2105 4493 sit
2120 4430 2151 4492 ⁴?
2179 4428 2365 4505 Quod
2389 4429 2653 4493 illarum
