3230 5282
1491 614 1613 676 353
2374 624 2500 680 Lib.
2536 625 2707 679 XXV.

387 803 820 888 stipendia
887 801 1280 866 facturos.
1395 797 1567 864 Nam
1623 799 2091 881 paciscitur
2145 799 2526 882 pecunia,
2596 798 2710 882 qui

386 934 476 977 ea
522 913 681 977 data
724 909 978 993 aliquid
1025 910 1186 975 emit
1230 913 1347 972 aut
1391 913 1640 986 servat3
1688 908 1801 989 qui
1848 908 2133 991 pretium
2180 914 2297 972 aut
2341 908 2709 973 mercedem

387 1021 657 1104 accipit,
703 1018 1154 1103 pecuniam.
1223 1015 1455 1097 Itaque
1504 1016 1706 1080 etiam
1751 1014 2044 1095 XXXVI,
2095 1017 2192 1095 32,
2243 1020 2273 1078 1
2327 1037 2473 1080 cum
2519 1015 2706 1080 codd.

388 1148 562 1194 recc.
610 1134 844 1192 contra
886 1124 1115 1191 Bamb.
1163 1123 1579 1189 scribendum
1625 1129 1724 1188 est
1768 1124 2210 1220 pecuniam.
2301 1123 2546 1206 (1865.)

1307 1350 1493 1432 Lib.
1560 1349 1827 1431 XXV.

573 1485 732 1569 Cap.
785 1491 839 1562 1,
905 1489 956 1549 1.
1010 1535 1027 1543 -
1059 1483 1135 1548 In
1193 1485 1337 1566 ipso
1383 1482 1536 1547 libri
1583 1482 1774 1547 initio
1822 1482 2066 1547 insidet
2108 1482 2419 1547 mendum
2465 1490 2533 1548 et
2576 1504 2712 1548 ma-

392 1594 710 1659 nifestum
758 1600 827 1657 et
872 1613 1071 1671 nunc,
1131 1592 1382 1674 optimo
1428 1591 1597 1655 libro
1644 1592 1816 1655 viam
1863 1597 2303 1670 monstrante,
2363 1592 2712 1658 emendatu

393 1702 615 1767 facile.
684 1700 1026 1767 Edebatur
1072 1701 1274 1764 enim:
1322 1700 1514 1763 Dum
1560 1697 1726 1762 haec
1770 1700 1850 1763 in
1887 1697 2713 1783 Africa—geruntur,
2791 1766 2796 1777 ,

404 1808 822 1875 Hannibal
889 1809 969 1872 in
1030 1829 1225 1890 agro
1282 1806 1729 1872 Tarentino
1788 1812 2151 1871 aestatem
2209 1812 2717 1893 consumpsit

395 1939 545 2003 spe
622 1939 767 2002 per
845 1917 1412 2001 proditionem
1489 1914 1721 1979 urbis
1789 1913 2421 1980 Tarentinorum
2499 1919 2715 2000 poti-

403 2027 653 2091 undae.
765 2024 1134 2109 Ipsorum
1191 2024 1523 2088 interim
1583 2021 2232 2087 Sallentinorum
2301 2025 2716 2106 ignobiles

405 2133 651 2197 urbes
729 2133 825 2197 ad
905 2153 1074 2197 eum
1144 2130 1641 2196 defecerunt.
1767 2130 1984 2208 Quum
2061 2139 2440 2214 appareret,
2518 2155 2716 2216 prave

400 2242 630 2324 ipsos
678 2239 1184 2305 Sallentinos
1232 2238 1380 2318 dici,
1435 2240 1545 2322 qui
1594 2246 1748 2303 ante
1794 2238 2145 2319 significati
2190 2260 2322 2304 non
2367 2249 2620 2322 essent,
2677 2264 2711 2307 e
2751 2253 2898 2321 (289)

408 2348 691 2413 Rubenii
758 2349 1136 2412 coniectura
1192 2346 1521 2413 Gronovio
1590 2345 1876 2430 probata
1942 2368 2154 2430 nuper
2209 2348 2526 2431 scriptum
2587 2356 2718 2414 est:

405 2445 1167 2540 Ipsorum'interim
1225 2476 1314 2519 ac
1375 2454 2043 2519 Sallentinorum.
2149 2453 2276 2519 Sed
2333 2456 2719 2522 Tarentino-

408 2585 553 2627 rum
613 2564 808 2628 nullae
883 2563 1151 2629 fuerunt
1208 2564 1405 2628 urbes
1463 2569 1704 2646 praeter
1764 2561 2123 2627 Tarentum
2181 2562 2721 2644 (Sallentinorum

398 2671 695 2737 fortasse
764 2671 1020 2753 aliquot
1075 2672 1449 2736 Tarentinis
1517 2670 1929 2754 paruerunt).
2052 2671 2410 2752 Praeterea,
2478 2695 2722 2757 praece-

403 2780 606 2845 dente
686 2781 763 2844 in
844 2800 1036 2861 agro
1117 2778 1603 2857 Tarentino,
1684 2778 2162 2843 subiiciendum
2239 2785 2498 2845 tantum
2578 2788 2724 2847 erat
2785 2785 2794 2794 '

408 2887 639 2951 urbis
685 2886 1115 2970 potiundae,
1163 2908 1296 2952 non
1342 2886 1717 2952 addendum
1762 2886 2400 2951 Tarentinorum.
2482 2888 2609 2954 Sed
2655 2890 2723 2953 in

404 2995 461 3059 P
508 2979 824 3060 scribitur
878 2995 956 3058 in
1014 3014 1210 3077 agro
1259 2995 1694 3060 talentino.
1798 2992 2172 3078 Scripserat
2215 2995 2418 3076 igitur
2465 2996 2722 3061 Livius:

413 3103 493 3167 H.
540 3104 621 3166 in
679 3124 869 3185 agro
919 3100 1379 3167 Sallentino
1438 3109 1802 3167 aestatem
1857 3104 2388 3184 consumpsit,
2446 3126 2586 3188 spe
2638 3140 2727 3148 —

414 3211 641 3276 urbis
715 3210 1340 3275 Tarentinorum
1410 3208 1543 3290 (cui
1609 3210 1666 3274 is
1736 3230 1894 3292 ager
1959 3210 2210 3273 vicinus
2278 3210 2448 3292 erat)
2508 3211 2725 3295 poti-

414 3317 665 3383 undae.
777 3319 1149 3402 Ipsorum
1206 3318 1540 3382 interim
1587 3317 1794 3401 (apud
1841 3338 2008 3399 quos
2057 3317 2357 3399 sedebat)
2408 3317 2726 3384 Sallen-

408 3427 769 3491 tinorum
815 3432 937 3490 cet.
1043 3423 1199 3509 Cap.
1248 3430 1307 3503 8,
1375 3429 1451 3488 12
1506 3424 1713 3488 tridui
1759 3426 1930 3489 viam
1977 3447 2017 3489 a
2062 3426 2347 3490 Tarento
2396 3427 2727 3492 Hannibal

406 3533 664 3598 afuisse
720 3534 980 3598 dicitur.
1092 3533 1301 3597 Paulo
1361 3538 1514 3615 post
1575 3530 1636 3614 (ξ
1685 3531 1751 3613 6)
1799 3534 2131 3613 geminata
2187 3535 2415 3600 littera
2470 3537 2508 3597 d
2569 3538 2729 3601 scri-

413 3641 705 3706 bendum
764 3648 958 3724 puto:
1027 3640 1253 3717 Quod
1314 3639 1633 3705 diutius
1690 3639 2191 3705 trahebatur
2250 3642 2582 3723 bellum,
2648 3650 2731 3709 et

413 3750 855 3814 variabant
910 3747 1285 3813 secundae
1344 3747 1862 3831 adversaeque
1925 3770 2052 3812 res
2096 3785 2183 3794 —
2228 3751 2535 3815 animos
2591 3751 2729 3817 ho-

413 3852 710 3922 minum
778 3862 902 3921 cet.
1024 3856 1193 3920 Nam
1272 3874 1422 3937 quo
1504 3876 1654 3919 cum
1720 3856 2160 3921 variabant
2227 3860 2533 3940 coniungi
2600 3881 2731 3924 non

418 3965 680 4030 videtur
724 3965 1009 4049 posse.¹)

480 4237 532 4301 ¹)
570 4235 625 4290 Ο.
663 4238 725 4303 4,
780 4238 814 4289 ’1
856 4253 960 4306 pro
1007 4240 1162 4291 acta
1211 4235 1569 4289 scribendum
1615 4251 1738 4289 esse
1787 4241 2081 4305 accepta
2129 4237 2246 4291 dixi
2296 4235 2497 4307 Opusc.
2537 4239 2637 4293 Ac.
2675 4239 2732 4293 11

561 4340 613 4391 p.
660 4324 763 4376 362
822 4329 1157 4391 secutusque
1202 4327 1287 4375 est
1332 4319 1842 4374 Weissenbornius.
1937 4321 2136 4391 Itaque
2183 4323 2325 4378 nihil
2372 4324 2537 4378 addo.
2629 4325 2733 4393 [De

559 4413 765 4462 notato
802 4424 849 4462 c.
887 4409 939 4476 ὅ,
976 4410 1009 4462 3
1046 4412 1114 4461 et
1150 4406 1292 4461 nihil
1329 4421 1470 4474 opus
1509 4412 1596 4459 est
1633 4403 1786 4474 dici.]

2207 4521 2275 4574 23
