3230 5282
392 1747 530 1815 (249)

562 593 685 647 Lib.
724 592 897 647 XXII.
1665 582 1788 642 304

562 766 770 830 traria
813 764 1191 831 referuntur
1232 785 1476 847 neque,
1535 763 1714 846 quod
1759 772 1961 848 caput
2006 772 2124 844 est,
2183 765 2321 832 ullo
2368 766 2565 832 modo
2612 766 2890 833 verbum

561 893 930 938 manasse
998 873 1261 937 variata
1330 878 1671 937 structura
1730 879 1799 936 et
1858 873 2343 955 significatione
2400 874 2487 939 ad
2544 873 2673 940 duo
2731 875 2887 940 sub-

563 980 738 1046 iecta
802 979 1034 1045 referri
1101 982 1169 1045 in
1239 980 1521 1045 duorum
1584 979 2036 1063 prodigiorum
2103 982 2580 1064 significatione
2638 990 2883 1066 potest.

562 1087 1001 1154 Desideratur
1044 1089 1248 1169 igitur
1293 1087 1583 1168 verbum,
1630 1086 1809 1170 quod
1855 1087 1940 1151 ad
1987 1089 2174 1171 signa
2217 1087 2560 1154 referatur.
2650 1090 2912 1174 Itaque,

562 1195 965 1275 dubitanter,
1028 1195 1146 1261 sed
1191 1197 1490 1279 suspicor
1533 1190 1755 1259 tamen
1801 1194 2217 1261 scribendum
2264 1217 2436 1262 esse:
2504 1204 2583 1262 et
2628 1198 2884 1265 multo

562 1325 845 1374 cruore
904 1304 1135 1387 signa
1189 1304 1269 1368 in
1327 1302 1653 1368 Sabinis
1708 1304 2055 1383 sudasse,
2138 1309 2212 1366 et
2277 1324 2532 1387 aquas
2589 1312 2739 1385 cet.,
2806 1314 2887 1371 ut

563 1419 912 1495 utrumque
991 1410 1366 1495 prodigium
1445 1411 1514 1474 in
1581 1410 1844 1476 Sabinis
1922 1409 2175 1476 factum
2255 1418 2544 1495 putetur.
2667 1413 2883 1479 Semel

563 1521 812 1602 scripto
881 1540 910 1581 s
956 1540 1038 1584 ex
1101 1518 1487 1583 udasseet
1554 1518 1713 1583 oriri
1779 1523 2047 1602 poterat
2104 1519 2396 1601 caedes,
2467 1521 2591 1586 etsi
2647 1520 2887 1586 vellem

562 1629 831 1710 propius
877 1625 964 1692 ad
1008 1626 1268 1692 litteras
1317 1626 1663 1691 accedere.'
1743 1626 1994 1708 (1872.)

742 1734 939 1818 *Cap.
988 1738 1099 1813 38,
1159 1738 1195 1797 3
1254 1734 1389 1799 dixi
1445 1741 1596 1798 ante
1654 1733 1898 1799 multos
1946 1754 2152 1799 annos
2189 1722 2464 1818 (Opusc.
2512 1736 2713 1801 Acad.
2761 1736 2883 1803 alt.

564 1866 625 1926 p.
676 1843 826 1923 360)
872 1842 1293 1920 scribendum
1338 1864 1510 1907 esse:
1558 1842 1695 1906 ubi
1741 1841 1838 1905 ad
1883 1841 2476 1907 decuriandum
2520 1852 2663 1910 aut
2709 1865 2884 1909 cen·

563 1951 1041 2015 turiandum
1088 1952 1680 2015 convenissent
1723 1971 1843 2033 pro
1892 1970 1989 2029 e0‚
2035 1949 2214 2033 quod
2249 1951 2510 2017 codices
2546 1958 2613 2017 et
2646 1951 2885 2018 editio-

563 2079 677 2123 nes
721 2057 998 2123 habent:
1047 2059 1143 2123 ad
1189 2059 1701 2123 decuriatum
1747 2063 1887 2121 aut
1938 2058 2512 2138 centuriatum,
2562 2059 2883 2143 gerundio

562 2166 819 2249 passive
854 2173 1127 2248 accepto
1164 2165 1277 2244 (ut
1313 2165 1957 2230 ‹lecuriarentur
1991 2172 2131 2230 aut
2166 2166 2883 2248 centuriarentur),

563 2294 687 2337 nec
755 2274 1150 2338 sententiam
1229 2279 1432 2337 muto,
1560 2272 1733 2337 Nam
1822 2272 1999 2354 quod
2075 2273 2284 2339 multa
2362 2274 2673 2340 dicuntur
2740 2297 2882 2341 esse

563 2380 940 2445 huiusmodi
1010 2380 1452 2459 substantiva,
1535 2402 1680 2463 quae
1748 2402 1876 2446 uno
1946 2387 2206 2445 tantum
2274 2388 2390 2446 aut
2457 2382 2664 2447 altero
2730 2381 2882 2448 loco

562 2488 1006 2570 reperiantur,
1085 2487 1155 2552 id
1233 2487 1313 2552 de
1381 2481 1672 2553 ablativo
1741 2510 1889 2553 cum
1956 2490 2256 2571 genetivo
2324 2496 2441 2555 aut
2495 2491 2880 2573 pronomine
2927 2512 2932 2517 ·

563 2596 777 2680 posito
836 2616 1057 2661 verum
1114 2602 1244 2676 est3
1313 2596 1370 2661 si
1437 2595 1920 2662 decuriatus
1988 2604 2105 2662 aut
2173 2597 2699 2663 centuriatus
2755 2619 2878 2681 pro

562 2705 731 2768 veris
779 2703 1211 2769 substantivis
1272 2702 1396 2785 (ad
1452 2703 1615 2769 dec.
1664 2704 2138 2786 convenire)
2198 2705 2279 2770 de
2324 2705 2607 2771 militum
2649 2707 2717 2770 in
2762 2706 2877 2771 de-

562 2813 780 2876 curias
848 2811 1315 2894 centuriasque
1384 2810 1830 2894 descriptione
1896 2813 2145 2877 usitata
2211 2812 2524 2891 fuissent,
2590 2814 2696 2877 vix
2751 2813 2880 2878 hoc

562 2940 691 2984 uno
737 2919 884 2985 loco
928 2920 1397 3002 reperirentur.
1501 2918 1728 2999 (Initio
1788 2920 2026 3002 capitis
2074 2920 2427 2986 editiones:
2498 2920 2874 2985 consules

560 3047 869 3109 paucos
923 3028 1224 3092 morati
1281 3027 1484 3107 dies,
1554 3027 1731 3092 dum
1786 3028 1993 3092 socii
2050 3027 2145 3092 ab
2205 3029 2530 3094 nomine
2578 3028 2872 3093 Latino

559 3135 949 3199 venirent.
1018 3134 1329 3200 Milites
1373 3141 1537 3199 tum
1582 3133 1829 3215 (tunc)
1878 3141 2024 3215 cet„
2071 3136 2340 3215 vitiose3
2385 3156 2542 3200 nam
2593 3141 2661 3200 et
2703 3156 2876 3201 nova

556 3243 884 3307 sententia
928 3264 969 3308 a
1012 3248 1178 3307 tum
1221 3243 1510 3325 incipere
1560 3240 1757 3306 debet
1802 3247 1869 3305 et
1914 3242 2117 3306 socii
2154 3263 2195 3306 a
2228 3243 2545 3307 nomine
2580 3242 2872 3308 Latino

556 3370 723 3413 nove
779 3371 900 3432 pro
962 3348 1217 3414 Latinis
1275 3350 1602 3414 dicuntur.
1713 3348 1860 3414 Put.
1919 3348 2152 3414 habet:
2222 3350 2397 3434 dum
2465 3351 2719 3416 sociis
2776 3350 2871 3415 ab

556 3457 871 3520 nomine
916 3455 1208 3522 Latino
1256 3457 1632 3520 venirent
1675 3455 1984 3520 milites
2027 3462 2210 3521 tum.
2314 3456 2644 3522 Efficitur:
2694 3457 2872 3522 dum

556 3564 644 3624 ab
711 3565 964 3628 sociis
1024 3582 1107 3625 ac
1167 3584 1361 3627 nom.
1410 3563 1572 3628 Lat.
1620 3565 2000 3629 venirent
2056 3565 2383 3630 milites.
2496 3565 2685 3630 Tum
2743 3572 2869 3630 cet.

558 3667 592 3750 ἓ
648 3674 688 3732 4
733 3668 1076 3753 Ussingius
1143 3670 1609 3735 animadvertit
1674 3672 1898 3755 inepte
1956 3672 2254 3756 copulari
2314 3673 2478 3736 nisi
2531 3672 2679 3737 teli
2738 3693 2869 3737 su·

555 3776 823 3840 mendi
882 3784 1020 3841 aut
1075 3777 1415 3860 petendi
1459 3785 1538 3842 et
1580 3784 1719 3843 aut
1762 3779 2031 3844 hostis
2075 3779 2439 3845 feriendi
2487 3784 2625 3844 aut
2670 3779 2869 3844 civis

556 3884 932 3948 servandi
1016 3905 1262 3949 causa
1339 3886 1862 3970 particulamque
1940 3893 2017 3950 et
2093 3894 2274 3951 recte
2351 3887 2416 3950 in
2498 3885 2640 3950 edd.
2710 3892 2868 3951 vett.

553 3992 789 4055 omitti.
904 3991 1032 4056 Sed
1101 3999 1423 4075 praeterea
1478 4000 1595 4058 aut
1653 3994 2138 4060 substantivum
2199 3994 2447 4059 excidit
2500 3994 2676 4077 apud
2732 4015 2866 4077 pe-

552 4097 785 4161 tendi
863 4108 980 4162 aut
1048 4120 1194 4163 cum
1264 4100 1571 4165 Creverio
1640 4101 2061 4167 scribendum
2126 4101 2590 4184 repetendi3
2668 4102 2865 4167 nimis

552 4205 724 4268 enim
769 4205 1005 4287 putida
1053 4215 1156 4271 est
1199 4208 1497 4273 sumendi
1546 4209 1661 4273 teli
1710 4208 2090 4292 et·petendi
2135 4208 2490 4273 distinctio,
2564 4209 2778 4289 1862.)

726 4311 885 4395 Cap.
957 4316 1069 4392 39,
1149 4316 1185 4376 3
1256 4315 1350 4395 (in
1397 4317 1726 4395 oratione,
1796 4337 1928 4401 qua
1996 4316 2068 4393 Q.
2128 4316 2373 4381 Fabius
2418 4315 2744 4380 Maximus
2791 4315 2862 4378 L.

549 4418 887 4484 AEmilium
954 4421 1233 4485 Paulum
1301 4421 1739 4504 adloquitur):
1833 4432 2102 4489 tecum
2168 4460 2252 4469 —
2318 4445 2544 4506 quem
2622 4422 2864 4488 video
