3230 5282
1477 624 1600 685 295
2360 636 2484 690 Lib.
2520 636 2697 691 XXII.

370 808 717 875 navibus
761 829 1012 893 prope
1055 814 1378 886 terram,
1437 796 1885 872 exercitum
1928 807 2007 871 in
2051 806 2320 887 litore,
2365 810 2697 890 praemisso

372 938 709 983 seorsum:
757 917 878 982 ita
923 914 1429 999 Carthagine
1473 913 1916 997 profectus.
1986 913 2114 981 Sed
2160 914 2339 998 quod
2383 915 2470 980 ad
2515 916 2699 982 abla-

374 1025 589 1089 tivum
666 1022 1074 1104 (navibus)
1153 1044 1234 1088 ex
1310 1022 1670 1088 ducebat
1743 1029 1973 1106 aptum
2052 1023 2112 1087 ei
2181 1024 2363 1089 casui
2426 1024 2700 1090 verbum

372 1131 599 1215 audiri
642 1129 1011 1211 voluerunt,
1059 1131 1175 1214 qui
1217 1151 1428 1214 nuper
1469 1129 1610 1196 haec
1654 1136 2068 1210 enarrarunt,
2114 1129 2258 1195 fieri
2304 1151 2435 1195 non
2479 1137 2702 1215 potest

378 1241 452 1304 in
508 1239 692 1304 brevi
745 1239 869 1304 hac
925 1246 994 1304 et
1050 1244 1286 1323 aperta
1330 1239 1651 1304 orationis
1694 1237 1909 1304 forma
1951 1244 2020 1303 et
2062 1237 2503 1305 membrorum
2548 1260 2703 1305 con-

376 1347 747 1425 iunctione,
804 1368 1007 1430 quum
1063 1346 1428 1430 praesertim
1488 1366 1608 1429 per
1666 1366 1736 1411 se
1794 1345 2146 1412 ducebat
2189 1347 2453 1429 utrique
2498 1368 2698 1412 mem-

380 1454 503 1521 bro
546 1454 962 1537 aptissimum
1005 1456 1111 1519 sit.
1212 1455 1468 1531 Restat,
1524 1461 1600 1519 ut
1643 1452 2028 1537 simpliciter
2070 1453 2427 1519 scribatur:
2474 1455 2699 1543 navis

372 1561 684 1644 (naves)
730 1583 981 1645 prope
1026 1569 1350 1641 terram,
1380 1563 1864 1626 -exercitum
1908 1562 1986 1626 in
2032 1561 2281 1626 litore
2332 1560 2697 1627 ducebat.

380 1668 524 1752 [Sic
569 1667 975 1753 Rupertius.]
1087 1670 1337 1736 Eodem
1398 1690 1622 1734 errore
1669 1668 1852 1747 XXI,
1921 1672 2025 1747 43,
2093 1674 2135 1733 4
2179 1689 2259 1735 ex
2302 1669 2699 1736 habentes

372 1776 629 1842 factum
676 1784 777 1843 est
819 1777 1316 1843 habentibus
1364 1783 1431 1842 et
1478 1782 1580 1854 58,
1635 1781 1662 1839 1
1713 1776 1929 1841 haud
1972 1776 2236 1859 longis
2279 1776 2467 1843 inde
2513 1784 2699 1843 tem-

372 1885 722 1968 poribus
794 1905 876 1950 ex
941 1884 1151 1950 haud
1218 1885 1443 1968 longi
1515 1884 1702 1974 inde
1760 1884 2170 1968 temporis.
2281 1884 2488 1950 Paulo
2545 1894 2701 1969 post

374 1991 419 2075 g
472 1996 572 2071 10,
618 1993 734 2058 ubi
776 1994 844 2058 in
890 1991 1230 2058 codicibus
1275 1993 1586 2059 scribitur
1629 1992 1863 2057 miles
1907 1991 2503 2076 prohibebatur
2547 1993 2698 2076 (pro

378 2098 939 2182 prohibetur),
996 2100 1186 2166 video
1230 2121 1443 2184 nuper
1487 2100 1594 2165 edi
1640 2106 1947 2183 coeptum
1992 2099 2226 2165 miles
2273 2100 2699 2182 prohiben-

376 2213 542 2287 tur,
623 2227 862 2291 genere
944 2207 1203 2273 dicendi
1272 2207 1685 2273 Alschefskio
1764 2213 2036 2273 auctore
2114 2206 2331 2289 digno.
2454 2207 2554 2273 Ea
2600 2216 2699 2276 est

376 2315 559 2379 enim
606 2316 754 2398 ipsa
797 2315 984 2398 origo
1031 2321 1100 2381 et
1145 2316 1240 2380 vis
1283 2337 1445 2381 usus
1491 2317 1662 2397 eius,
1722 2336 1853 2400 quo
1902 2335 2179 2398 eques,
2240 2315 2500 2396 miles,
2557 2317 2697 2382 Ro-

374 2442 659 2487 manus
678 2474 693 2501 ,
749 2422 993 2488 similia
1034 2444 1158 2507 pro
1204 2424 1495 2506 equestri
1538 2423 1769 2489 ordine
1817 2430 1934 2488 aut
1978 2424 2297 2506 equitatu,
2355 2424 2689 2503 militibuS,
2728 2437 2871 2505 (241)

378 2529 701 2595 Romanis
761 2528 1097 2608 dicuntur,
1167 2537 1245 2596 ut
1308 2538 1489 2597 totus
1557 2531 1720 2605 ordo
1778 2537 1846 2596 et
1899 2551 2109 2614 genus
2164 2530 2357 2596 unius
2416 2531 2696 2597 hominis

376 2637 605 2720 specie
650 2638 869 2703 animo
916 2638 1358 2722 concipiatur,
1428 2638 1607 2723 quod
1675 2644 1887 2704 totum
1943 2638 2202 2705 tollitur
2261 2646 2329 2704 et
2384 2640 2703 2706 evertitur

377 2743 615 2809 addito
660 2745 862 2810 verbo
906 2741 1197 2829 plurali.⁴
1270 2745 1512 2830 [AEque
1559 2767 1758 2830 prave
1805 2746 1935 2824 111,
1993 2751 2108 2824 42,
2166 2753 2203 2812 5
2250 2747 2698 2814 Alschefskius

389 2851 923 2919 Weissenbornio
968 2855 1329 2937 persuasit,
1382 2862 1461 2920 ut
1501 2853 1735 2919 miles
1781 2890 1866 2901 —
1911 2875 1993 2920 se
2037 2890 2124 2900 —
2169 2855 2703 2920 contulerant

384 2958 636 3024 ederet.
737 2959 925 3025 Nunc
966 2968 1324 3045 utrumque
1370 2962 1959 3029 Weissenbornius·
1988 2962 2251 3028 abiecit.
2352 2961 2552 3026 Aliud
2598 2968 2700 3029 est

382 3067 454 3130 in
498 3088 696 3133 cursu
742 3069 1064 3134 orationis
1109 3070 1379 3135 transiri
1424 3070 1511 3135 ad
1554 3069 1899 3153 pluralem,
1958 3076 2036 3135 ut
2076 3069 2156 3148 X,
2216 3072 2314 3148 35,
2367 3073 2473 3133 12:
2541 3069 2698 3134 val·

380 3173 542 3238 lum
598 3196 874 3241 secum
927 3184 1264 3259 portare
1323 3176 1766 3256 Samnitem
1824 3176 2300 3255 adfirmant,
2366 3197 2508 3241 nec
2557 3177 2700 3241 du-

380 3282 599 3347 bium
646 3304 859 3361 esse,
916 3285 1105 3366 quin
1155 3291 1429 3351 castra
1474 3284 2177 3351 circumvallaturi
2223 3284 2411 3364 sint,
2467 3283 2698 3363 XXIV,

388 3393 488 3468 15,
534 3394 603 3454 6:
651 3410 896 3472 eques
939 3394 1135 3456 —in
1182 3392 1456 3459 hostes
1503 3393 1876 3472 emissus;
1924 3391 2217 3476 quibus
2263 3410 2497 3475 quum
2542 3390 2698 3474 cet.]

380 3496 695 3578 (Prorsus
745 3500 1153 3564 contrarium
1196 3499 1318 3566 hoc
1367 3506 1472 3566 est
1504 3500 1993 3566 collectivorum
2030 3501 2197 3577 usui,
2246 3521 2374 3582 quo
2408 3521 2531 3584 pro
2567 3521 2701 3566 una

379 3605 809 3670 multitudine
870 3607 1307 3672 subiiciuntur
1364 3609 1584 3692 plures
1630 3607 1965 3686 homines3
2019 3608 2149 3673 etsi
2190 3608 2260 3673 in
2307 3628 2386 3673 eo
2433 3628 2700 3692 quoque

380 3713 769 3796 gravissime
811 3714 1142 3779 interdum
1186 3721 1465 3794 erratur,
1512 3723 1590 3781 ut
1637 3713 1998 3796 significavi
2041 3714 2127 3779 ad
2162 3714 2271 3794 IV,
2319 3719 2400 3780 58
2433 3737 2495 3798 p.
2528 3716 2699 3796 108.)

560 3818 719 3904 Cap.
766 3825 868 3898 20,
920 3826 951 3884 1
1001 3844 1133 3888 non
1177 3829 1340 3906 puto
1388 3824 1642 3888 Livium
1684 3825 1754 3889 in
1800 3829 2034 3906 aperta
2079 3821 2559 3905 significatione
2604 3824 2702 3889 rei

378 3920 651 4010 longius
683 3929 973 4012 spatium
1008 3929 1367 3995 obtinentis
1402 3931 1674 3997 dixisse:
1722 3931 1980 3996 aciem
2012 3937 2190 3996 toto
2223 3936 2702 4014 praetentam

380 4034 464 4097 in
507 4034 780 4114 litore,
837 4035 960 4102 hoc
1006 4039 1373 4120 praesertim
1416 4038 1765 4103 verborum
1811 4038 2061 4117 ordine,
2118 4037 2234 4103 sed
2277 4043 2459 4103 toto
2505 4057 2699 4121 prae-

379 4149 701 4206 tentam
737 4142 1006 4222 litore,
1053 4146 1714 4228 praepositionemque
1750 4151 1963 4210 ortam
1998 4166 2138 4210 esse
2175 4165 2256 4210 ex
2286 4144 2513 4210 littera
2548 4147 2697 4227 -.¹)

446 4395 492 4458 ¹)
530 4392 746 4449 Eodem
784 4398 971 4466 capite
1007 4396 1039 4466 δ
1076 4400 1126 4464 7,
1163 4399 1261 4452 ubi
1298 4400 1357 4452 in
1393 4399 1687 4454 codicibus
1724 4399 1788 4467 (P
1825 4400 2143 4468 ceterisque
2177 4399 2362 4466 bonis)
2400 4403 2508 4453 est:
2544 4414 2694 4465 per-

525 4479 750 4533 iectas
788 4496 968 4550 oras,
1006 4483 1126 4536 sed
1170 4485 1237 4537 in
1272 4484 1573 4538 Ebusum
1609 4484 1903 4539 insulam
1939 4485 2452 4550 transmissum,
2497 4482 2699 4536 vellem
