3230 5282
1405 637 1530 699 245

326 842 579 905 quoque
634 822 881 887 mansit
935 822 1166 890 folium
1223 845 1426 889 unum
1484 823 1826 889 continens
1886 843 1937 886 c.
1988 826 2100 901 37,
2162 827 2198 887 3
2257 822 2341 888 ad
2391 827 2506 903 38,
2565 828 2621 887 2.

323 928 390 993 In
440 929 548 995 his
603 930 806 1013 igitur
862 932 1166 1016 partibus
1225 954 1451 998 eorum
1511 931 1810 996 codicum
1868 932 2263 997 auctoritate
2322 932 2627 996 standum

324 1044 440 1119 est,
499 1040 613 1121 qui
672 1038 769 1104 illi
825 1041 1107 1124 proximi
1165 1047 1345 1120 sunt,
1405 1062 1439 1105 e
1497 1040 1739 1124 quibus
1799 1061 2000 1124 supra
2045 1046 2298 1106 ceteros
2344 1041 2630 1106 eminent

321 1145 648 1213 Mediceus
695 1147 817 1230 (M)
863 1169 1005 1213 saec.
1043 1148 1137 1213 XI
1183 1148 1277 1230 (in
1322 1148 1471 1214 libr&
1507 1147 1710 1227 XXX,
1759 1151 1858 1228 26,
1911 1152 1989 1212 lo
2026 1148 2381 1231 deficiens),
2430 1150 2618 1215 cuius
2657 1163 2796 1231 (205)

322 1256 683 1340 scripturas
742 1277 783 1321 a
838 1256 1126 1323 Salvinio
1196 1259 1359 1323 satis
1428 1257 1849 1341 neglegenter
1915 1264 2257 1341 excerptas
2330 1257 2626 1323 Draken—

319 1362 627 1429 borchius
684 1363 889 1449 (apud
935 1388 1128 1449 quem
1172 1366 1596 1432 Florentinus
1643 1364 2046 1449 appellatur)
2092 1366 2410 1448 vulgavit,
2471 1388 2622 1450 par-

320 1476 443 1537 tem
523 1473 820 1557 priorem
895 1473 1049 1539 libri
1119 1475 1275 1539 XXI
1350 1476 1592 1540 iterum
1658 1472 2109 1538 Alschefskius
2177 1475 2481 1554 contulit,
2560 1482 2627 1540 et

323 1576 736 1646 colbertinus
796 1580 904 1663 (C,
959 1582 1375 1663 Parisiensis,
1433 1603 1576 1648 saec.
1625 1581 1810 1663 XII),
1869 1583 2055 1647 cuius
2113 1584 2473 1666 scripturas
2516 1583 2626 1648 Al-

319 1688 680 1755 schefskius
737 1691 806 1755 in
863 1689 1051 1756 libris
1097 1691 1281 1771 XXI,
1339 1690 1557 1769 XXII,
1617 1690 1839 1754 XXIII
1896 1692 2187 1774 integras
2246 1691 2428 1755 dedit
2472 1712 2512 1756 a
2558 1714 2626 1756 se

320 1797 488 1881 ip80‚
549 1799 618 1862 in
671 1797 828 1862 libri
871 1798 1057 1863 XXX
1103 1821 1182 1864 ea
1224 1804 1444 1884 parte,
1506 1820 1651 1883 quae
1696 1799 1764 1864 in
1807 1798 2142 1864 Puteaneo
2190 1798 2625 1880 desideratur,

189 1966 194 1971 .
320 1906 667 1990 plerasque
714 1928 755 1971 a
798 1906 1057 1973 Millero
1114 1914 1407 1973 notatas.
1505 1907 1629 1972 His
1688 1907 2076 1990 adiungitur
2119 1906 2627 1990 Bambergensis

322 2013 422 2095 (B)
467 2014 714 2097 aliquis
761 2013 828 2095 (a
870 2015 1024 2080 libri
1070 2014 1282 2080 XXIV
1329 2036 1380 2080 c.
1432 2019 1469 2079 '7
1516 2015 1839 2097 ordiens),
1899 2016 2084 2080 cuius
2144 2015 2502 2098 scripturas
2559 2017 2627 2079 in

322 2123 460 2188 aliis
512 2122 702 2187 libris
747 2122 966 2203 Fabri,
1012 2124 1079 2188 in
1127 2130 1420 2189 extrema
1464 2130 1656 2208 parte
1712 2123 1866 2189 libri
1910 2123 2096 2187 XXX
2141 2122 2368 2188 eodem
2425 2125 2619 2189 modo

321 2230 776 2296 Alschefskius
820 2231 1126 2315 vulgavit.
1205 2232 1304 2297 De
1330 2229 1876 2316 Cantabrigiensi,
1922 2253 1964 2296 a
2008 2225 2269 2297 Iacobo'
2297 2232 2625 2298 Gronovio

321 2337 419 2403 hic
479 2339 627 2405 illic
692 2338 1021 2423 inspectO,
1090 2341 1215 2405 etsi
1275 2341 1359 2404 ad
1416 2340 1720 2405 meliores
1776 2340 2084 2419 inclinat,
2153 2341 2471 2406 incertum
2529 2349 2629 2406 est

322 2447 654 2526 iudicium,
712 2469 874 2512 usus
920 2449 1334 2533 perexiguus.
1434 2446 1671 2529 Ceteri,
1718 2450 1829 2533 qui
1875 2450 2315 2529 innotuerunt,
2361 2449 2629 2534 (praeter

326 2553 698 2640 Spirensem
767 2558 835 2621 in
891 2557 1081 2622 libris
1142 2556 1651 2641 posterioribus)
1708 2564 1999 2623 recentes
2059 2579 2312 2635 01111108,
2378 2558 2626 2623 nullum

323 2687 599 2750 usquam
688 2673 1088 2732 momentum
1177 2665 1457 2747 faciunt3
1546 2667 2171 2751 interpolationibus
2260 2669 2626 2732 temerariis

325 2774 741 2840 intermixtas
798 2774 1045 2840 habent
1089 2774 1198 2840 hic
1252 2774 1390 2840 illic
1444 2775 1769 2840 minorum
1826 2773 2222 2841 mendorum
2256 2798 2443 2841 veras
2488 2798 2629 2842 cor-

326 2883 674 2947 rectiones

481 2988 745 3056 Codicis
786 2989 1105 3056 Puteanei
1150 2992 1536 3076 praestantia
1579 2991 1869 3056 cernitur
1911 3013 2045 3056 non
2090 2992 2330 3076 peritia
2371 2991 2626 3057 librarii

325 3096 585 3182 (ipsiuS,
645 3098 760 3181 qui
815 3098 987 3164 hunc
1044 3100 1338 3184 scripsit,
1392 3107 1510 3165 aut
1568 3092 1825 3179 eorum,
1884 3098 2120 3183 quibus
2167 3100 2503 3181 successit)
2552 3123 2628 3164 ac

323 3226 400 3269 ne
464 3206 811 3289 diligentia
876 3209 1142 3291 quidem
1211 3214 1330 3273 aut
1395 3208 1712 3291 religione
1781 3208 2131 3287 eiusmodi,
2200 3230 2397 3291 quam
2467 3230 2626 3273 non—

325 3313 651 3379 nullorum
720 3315 1030 3399 opinione
1101 3324 1168 3381 et
1227 3317 1524 3382 oratione
1583 3317 1779 3381 huius
1839 3322 1906 3381 et
1964 3317 2272 3381 similium
2330 3316 2627 3382 codicum

325 3421 609 3488 librariis
666 3423 873 3488 tribui
928 3424 1150 3503 video,
1219 3416 1334 3490 sed
1395 3447 1595 3509 quum
1653 3426 1806 3509 ipsa
1863 3425 2293 3507 antiquitate,
2340 3426 2464 3490 hoc
2513 3433 2629 3506 est,

327 3532 581 3596 errandi
647 3552 853 3597 causa
916 3534 1130 3598 minus
1196 3533 1665 3617 multiplicata,
1743 3539 1884 3598 tum
1964 3555 2115 3598 vero
2181 3536 2460 3599 maxime
2531 3558 2625 3613 ea,

329 3657 465 3719 qnae
523 3661 672 3704 cum
729 3646 927 3705 aetate
985 3643 1339 3707 coniuncta
1394 3650 1526 3720 est,
1597 3642 1860 3707 errandi
1916 3651 2117 3726 atque
2173 3645 2370 3707 etiam
2425 3645 2628 3709 inter-

328 3747 622 3828 polandi,
690 3747 805 3812 ubi
861 3749 1288 3834 interpolatio
1349 3750 1731 3829 intervenit,
1802 3750 2224 3834 simplicitate
2295 3759 2362 3816 et
2416 3754 2629 3835 prima

327 3853 549 3920 forma.
660 3856 832 3921 Nam
890 3879 970 3922 ex
1026 3860 1569 3942 praestantissimo
1628 3859 1785 3938 hoc,
1855 3861 1910 3923 si
1967 3880 2114 3924 cum
2172 3851 2409 3925 ceteris
2455 3881 2628 3925 com-

326 3971 625 4045 paratur,
693 3965 780 4030 ad
849 3967 1150 4031 criticum
1217 3989 1410 4032 usum
1478 3968 1706 4032 codice
1763 3967 2055 4049 intellegi
2114 3974 2366 4052 potest,
2434 3990 2629 4052 quam

330 4073 540 4138 vitiosi
607 4081 760 4139 ante
818 4074 993 4138 mille
1042 4096 1245 4140 annos
1300 4077 1430 4140 iam
1488 4075 1735 4140 fuerint
1790 4077 2187 4160 scriptorum
2244 4077 2629 4142 Latinorum

329 4179 618 4261 codices,
686 4190 753 4247 et
820 4182 1374 4267 quemadmodum
1442 4190 1508 4248 et
1573 4183 1846 4248 lacunas
1913 4190 1980 4248 et
2046 4184 2351 4250 foliorum
2410 4192 2628 4250 trans·

330 4289 685 4368 positiones
743 4313 876 4357 non
936 4292 1003 4356 in
1047 4291 1381 4357 Puteaneo
1440 4293 1584 4376 ipso
1647 4300 1855 4372 ortaS,
1924 4294 2038 4358 sed
2097 4295 2230 4358 iam
2289 4294 2354 4357 in
2404 4293 2627 4357 codice

333 4396 465 4459 eius
519 4405 792 4481 parente
847 4399 1050 4464 fuisse
1094 4400 1491 4479 videbimuS,
1561 4401 1655 4465 sic
1713 4402 1912 4466 etiam
1960 4402 2288 4467 scribendi
2335 4422 2627 4465 errorum

332 4501 501 4569 bona
565 4528 716 4589 pars
783 4510 1120 4591 antiquior
1173 4508 1510 4574 Puteaneo
1582 4508 1787 4575 fuisse
1859 4517 2097 4594 potest.
2214 4508 2628 4592 (Exemplum

335 4614 478 4676 novi
533 4616 750 4680 mendi
803 4618 870 4681 in
929 4638 1007 4683 eo
1064 4623 1182 4681 aut
1238 4619 1372 4682 iam
1418 4624 1569 4682 ante
1618 4638 1765 4683 eum
1812 4639 1891 4683 ex
1936 4617 2325 4701 antiquioris
2372 4637 2626 4681 correc-
