3230 5282
1359 638 1480 700 673
1762 711 1767 716 ⁴
2197 653 2321 708 Lib.
2356 653 2557 710 nm.

261 842 411 887 cum
471 821 833 906 gerundivo
903 820 1324 887 subiecerunt
1391 820 1598 904 (velut
1668 823 1781 889 cfr.
1842 824 1978 889 Liv.
2042 823 2092 906 Ι,
2140 830 2240 905 59,
2297 830 2356 906 9,
2425 826 2556 894 Cic.

266 929 344 996 de
391 928 581 996 Orat.
628 929 710 1011 ΙΙ,
763 930 930 1012 199),
974 929 1300 996 hortari
1343 936 1563 995 tamen
1607 931 1687 996 in
1745 932 2057 1015 aliquid
2099 933 2555 1001 faciendum

264 1059 382 1121 pro
428 1059 545 1118 eo,
616 1038 795 1123 quod
839 1045 941 1104 est
996 1036 1120 1117 ad,
1186 1039 1291 1104 vix
1333 1045 1512 1104 recte
1571 1039 1839 1120 dicitur,
1894 1061 2105 1124 neque
2161 1043 2301 1108 sine
2358 1062 2557 1109 causa

262 1144 607 1212 Creverius
652 1146 751 1213 ad
807 1147 1257 1213 amicitiam
1319 1181 1407 1193 —-
1469 1148 1960 1231 iungendam
2014 1150 2389 1234 suspicatus
2436 1157 2554 1217 est.

269 1253 481 1337 1876]
575 1252 638 1338 (ἓ
684 1260 721 1320 ’1
766 1255 932 1321 nihil
976 1262 1077 1321 est
1120 1255 1356 1321 mendi.
1437 1255 1635 1321 Redit
1676 1256 1892 1322 Livius
1937 1279 1978 1323 a
2021 1255 2425 1340 digressione
2470 1258 2557 1324 ad

263 1383 401 1428 rem
445 1365 711 1429 narrari
756 1363 1106 1448 coeptam.)

432 1470 596 1556 Cap.
658 1477 757 1552 20,
825 1477 889 1536 1:
946 1472 1043 1538 Hi
1109 1472 1340 1556 (legati
1403 1472 1633 1538 Persei
1697 1472 1785 1538 ad
1850 1473 2156 1539 Gentium
2209 1474 2421 1557 missi)
2473 1511 2561 1522 —

264 1601 409 1663 per
453 1580 775 1662 Illyrici
832 1580 1355 1660 solitudines,
1426 1601 1624 1664 quas
1691 1580 1783 1646 de
1839 1581 2247 1648 industria
2302 1605 2559 1668 popu·

263 1686 516 1755 lando
584 1689 1070 1755 Macedones
1139 1687 1543 1768 fecerant,
1622 1710 1715 1754 ne
1791 1691 2199 1756 transitus
2266 1688 2559 1758 faciles

268 1795 682 1863 Dardanis
746 1798 832 1862 in
904 1796 1325 1881 Illyricum
1401 1804 1543 1862 aut
1622 1796 2176 1864 Macedoniam
2253 1805 2557 1879 essent,

264 1903 652 1970 Scodram
685 1939 773 1949 —
803 1911 1367 1989 pervenerunt.
1416 1903 1667 1970 Codex:
1704 1927 1902 1989 quas
1940 1928 2080 1990 per
2111 1905 2559 1986 industria;

267 2010 678 2096 Kreyssigius
724 2034 865 2097 per
909 2034 988 2078 ex
1034 2013 1369 2097 superiore
1411 2034 1603 2078 versu
1648 2011 1775 2078 huc
1810 2013 2100 2079 delatum
2134 2020 2351 2097 putat3
2398 2014 2557 2079 mihi

265 2118 518 2203 Polybii
566 2120 649 2186 de
694 2121 925 2186 eadem
968 2143 1039 2186 re
1098 2120 1302 2187 verba
1357 2120 1767 2205 comparanti
1821 2118 2147 2202 (XXVIII,
2204 2125 2273 2186 8:
2339 2127 2430 2184 διὰ
2471 2130 2560 2198 τῆς

265 2235 457 2308 ἐρήμου
501 2236 828 2310 καλουμένης
870 2235 1176 2312 Ἰλλυρῶος,
1219 2237 1282 2305 ἣν
1324 2234 1390 2293 οὗ
1433 2237 1653 2299 πολλοῖς
1695 2236 1912 2309 χρόνοις
1956 2234 2217 2311 ἀνώτερον
2261 2235 2561 2294 ἀνάστατον

267 2345 525 2412 ἐποίησαν
551 2338 894 2420 Μακεδόνος)
940 2360 1124 2422 paene
1162 2336 1567 2422 probabilius
1600 2336 1879 2417 videtur,
1906 2338 2162 2403 Livium
2192 2339 2559 2421 scripsisse:

270 2464 466 2526 quas
513 2466 753 2528 nuper
798 2446 890 2512 de
936 2445 1349 2513 industria
1404 2452 1527 2511 cet.
1620 2443 1960 2530 (Sequitur
2004 2445 2308 2530 deinceps
2354 2444 2415 2529 (ἓ
2465 2446 2557 2526 2):

272 2549 476 2617 Lissi
519 2575 660 2620 rex
707 2555 1045 2620 Gentius
1091 2562 1302 2634 erat3
1373 2576 1463 2621 eo
1522 2555 1772 2619 acciti
1827 2555 2118 2638 legati;
2184 2555 2564 2620 mandata

272 2669 764 2745 exponentes
831 2664 1177 2748 benigne
1243 2664 1508 2730 auditi
1588 2670 1804 2743 sunt,
1883 2664 2021 2746 qui
2085 2684 2565 2747 responsum

272 2767 440 2835 sine
488 2770 804 2836 effectu
846 2771 1239 2837 tulerunt.
1328 2772 1677 2856 Perinepte
1732 2771 1870 2836 haec
1927 2776 2260 2855 postrema
2304 2778 2564 2835 senten·

272 2875 379 2954 tia,
424 2880 754 2963 superiori
799 2881 1133 2945 contraria
1177 2887 1245 2945 et
1290 2878 1596 2945 effectum
1638 2879 1736 2944 rei
1779 2880 2136 2957 continenS,
2181 2879 2559 2960 pronomine

272 2983 539 3052 relativo
587 2987 985 3071 adiumgitur.
1077 2986 1225 3063 Qui
1272 2987 1666 3053 detruncata
1707 2985 1960 3070 syllaba
2003 3006 2038 3050 e
2086 2985 2410 3067 quidem
2456 3005 2564 3048 or·

274 3094 407 3158 tum
470 3103 602 3161 est:
670 3095 1016 3179 benigne
1083 3093 1346 3160 auditi
1414 3101 1603 3159 sunt
1668 3093 2013 3176 quidem;
2079 3111 2558 3177 responsum

275 3198 437 3266 sine
483 3201 798 3268 effectu
838 3203 1234 3268 tulerunt.
1331 3202 1564 3284 1864.)-

436 3309 594 3395 Cap.
643 3314 743 3390 21,
790 3317 832 3376 4
875 3333 1075 3395 quum
1119 3313 1188 3377 in
1233 3310 1455 3376 codice
1514 3316 1713 3376 esset:
1781 3308 2117 3374 Auxilia
2178 3308 2563 3374 thoanum

276 3418 989 3504 tesprotorumque
1055 3455 1126 3465 —
1207 3418 1400 3504 (App.
1471 3416 1809 3499 Claudius)
1870 3438 2136 3483 secum
2190 3415 2563 3494 adduxit,

280 3518 583 3607 Grynaeus
627 3527 1157 3593 Athamanum
1213 3527 2017 3610 Thesprotorumque
2063 3525 2341 3608 scripsit.
2435 3522 2564 3589 Sed

279 3627 688 3715 Athamanes,
757 3656 1036 3718 quorum
1102 3637 1170 3701 in
1235 3635 1461 3700 Persei
1516 3634 1693 3700 bello
1759 3633 1939 3698 nulla
2004 3633 2262 3699 omnino
2321 3632 2563 3697 mentio

283 3744 392 3818 est,
435 3749 503 3808 et
567 3743 654 3809 ab
717 3744 799 3809 iis
856 3743 1046 3822 locis,
1079 3744 1180 3807 -in
1237 3742 1478 3826 quibus
1521 3742 1689 3826 App.
1739 3738 2054 3806 Claudius
2097 3761 2235 3806 rem
2279 3740 2564 3822 gerebat,

283 3841 527 3931 longius
586 3850 863 3917 aberant
927 3872 1046 3917 nec
1101 3872 1216 3917 eos
1271 3851 1516 3917 codicis
1582 3850 1861 3933 vestigia
1925 3848 2401 3939 demonstrant,
2447 3848 2565 3914 sed

284 3948 566 4025 Chaones
612 3957 1043 4041 (Chaonum
1088 3980 1207 4044 pro
1245 3957 1703 4039 Thoanum).
1773 3955 2128 4023 Confirmat
2161 3956 2563 4023 emendatio-

285 4078 447 4144 nem,
513 4067 691 4151 quod
755 4068 824 4133 in
888 4066 1014 4133 fine
1079 4067 1481 4133 narrationis
1548 4066 1629 4131 de
1689 4064 1948 4130 Claudii
2010 4063 2208 4130 rebus
2262 4084 2314 4128 c.
2373 4067 2476 4141 23,
2524 4067 2561 4127 6

285 4170 606 4243 scribitur:
675 4175 1041 4241 dimissis
1108 4173 1686 4259 Chaonumque
1733 4180 1810 4238 et
1853 4174 1920 4239 si
1985 4173 2120 4254 qui
2176 4172 2322 4237 alii
2376 4170 2563 4255 Epi·

285 4283 471 4344 rotae
515 4290 752 4348 erant
795 4282 1244 4368 praesidiis,
1291 4282 1405 4347 ubi
1450 4280 1780 4366 particula
1838 4302 1987 4367 que
2047 4279 2226 4363 (nam
2283 4300 2434 4363 que
2478 4311 2565 4323 —-

292 4386 360 4446 et
439 4388 529 4454 ibi
615 4391 827 4456 minus
915 4398 1145 4477 aptum
1233 4390 1360 4472 est)
1460 4388 1748 4456 fortasse
1835 4388 2159 4472 significat
2247 4386 2564 4453 excidisse

2042 4558 2109 4611 43
