3230 5282
1424 662 1541 723 101
2118 680 2127 689 ‘
2380 677 2506 731 Lib.
2542 677 2643 732 111.

329 851 746 928 nequeant
801 844 1166 911 cohaereret
1222 864 1372 910 cum
1430 845 1793 911 scituros
1849 844 2030 928 (hac,
2097 853 2172 913 ut
2214 869 2388 914 nunc
2431 848 2642 932 loqui-

332 973 503 1032 mur,
572 938 939 1019 sententia:
1021 954 1339 1034 sciturOS,
1409 954 1596 1020 cuius
1664 955 2018 1039 potestatis
2083 956 2420 1023 restitutio
2489 978 2643 1023 con-

333 1059 502 1126 dicio
563 1068 742 1125 esset
795 1062 1172 1127 necessaria
1226 1081 1450 1126 rerum
1503 1061 1570 1125 in
1630 1061 2047 1127 concordiam
2089 1063 2643 1147 redigendarum).

333 1165 458 1232 Sed
525 1168 708 1252 quod
777 1168 1072 1253 scripsit:
1146 1170 1535 1248 scituros,
1604 1189 1762 1252 qua
1829 1169 1988 1234 nisi
2044 1172 2444 1236 restituta
2499 1178 2643 1252 cet.,

329 1295 457 1340 non
500 1281 726 1360 potest
767 1277 935 1342 nisi
982 1277 1078 1341 sic
1124 1276 1364 1342 subiici
1407 1275 1918 1360 interrogativ03
1964 1276 2250 1343 debebat
2294 1299 2438 1344 esse
2484 1300 2644 1364 qua
2738 1356 2743 1361 ¹

327 1403 481 1447 non
536 1385 970 1464 restituta;
1034 1404 1114 1448 ac
1172 1404 1253 1448 ne
1297 1383 1457 1448 nisi
1501 1382 1767 1465 quidem
1810 1382 2003 1448 facile
2049 1405 2128 1449 ex
2176 1386 2344 1451 sine
2390 1387 2645 1452 eruitur

330 1490 566 1570 (multo
635 1492 852 1556 minus
919 1510 1077 1575 qua
1144 1490 1306 1555 sibi
1372 1490 1573 1573 non).
1685 1490 1921 1574 Itaque
1990 1492 2410 1558 scribendum
2479 1500 2644 1577 puto

327 1597 560 1663 eadem
630 1599 965 1663 sententia
1029 1598 1302 1682 propius
1358 1597 1443 1662 ad
1500 1598 1791 1663 codices:
1861 1600 2419 1683 sciturosque,
2490 1623 2646 1684 qua

326 1707 497 1771 sine
555 1706 972 1771 restituta
1026 1705 1507 1791 potestate),
1572 1704 1785 1771 forma
1829 1708 2149 1772 orationis
2192 1729 2483 1791 perrara,
2527 1709 2644 1774 sed

328 1813 412 1879 ab
456 1815 605 1897 ipso
656 1813 839 1879 Livio
885 1814 1107 1898 posita
1150 1811 1350 1893 XLV,
1415 1816 1527 1894 25,
1591 1818 1664 1878 8:
1735 1814 1907 1879 sine
1974 1817 2403 1898 rogatione
2472 1816 2644 1881 ulla

324 1922 689 2008 perlata3
746 1921 863 1987 cfr.
908 1921 995 2000 V,
1052 1927 1111 2002 4,
1167 1926 1237 1985 4:
1308 1921 1480 1985 sine
1526 1921 1888 2006 impensa
1934 1943 2201 2007 opera.
2303 1922 2643 2004 (Varronis

326 2031 757 2114 perspicuum
800 2027 1021 2094 locum
1067 2034 1136 2093 et
1179 2025 1519 2094 Ciceronis
1564 2028 1790 2093 addidi
1835 2028 1996 2094 Adv.
2044 2028 2204 2095 Crit.
2250 2030 2315 2095 11
2358 2053 2421 2115 p.
2471 2030 2645 2112 367.)

325 2137 578 2219 (1861.)

499 2243 701 2329 *Cap.
761 2248 873 2324 56,
932 2248 1001 2308 5:
1079 2242 1242 2309 Nec
1295 2243 1377 2307 in
1433 2243 1894 2309 tribunicio
1953 2246 2268 2312 auxilio
2326 2247 2782 2340 Appius(33)

323 2375 474 2420 nec
532 2355 616 2418 in
673 2351 987 2417 iudicio
1046 2350 1332 2436 populi
1390 2349 1636 2416 ullam
1694 2372 1909 2436 spem
1966 2353 2356 2434 habebat3
2424 2362 2644 2421 atta-

323 2482 500 2527 men
558 2468 642 2526 et
695 2459 1082 2525 tribunos
1136 2459 1409 2543 plebis
1466 2458 1929 2544 appellavit
1988 2467 2067 2526 et
2120 2494 2206 2506 ——
2261 2468 2646 2547 arreptus

323 2591 368 2635 a
411 2568 759 2650 viatore,
809 2567 1199 2648 ProvocO,
1247 2568 1546 2652 inquit.
1603 2567 1739 2631 Aut
1785 2588 1874 2632 ac
1918 2574 2188 2635 tamen
2226 2570 2645 2635 scribendum

321 2685 444 2744 aut
489 2678 718 2763 potius
763 2683 846 2742 at
888 2676 1272 2756 tollendum,
1318 2697 1397 2741 ex
1444 2675 1698 2760 syllaba
1741 2676 2139 2759 praecedenti
2184 2685 2418 2744 ortum.

503 2782 666 2869 Cap.
728 2788 841 2863 56,
913 2787 990 2847 12
1061 2784 1157 2865 (in
1225 2785 1524 2848 oratione
1581 2782 1839 2867 Appii):
1920 2783 2146 2862 Quod
2215 2786 2279 2851 si
2336 2784 2647 2849 tribuni

319 2891 610 2960 eodem
683 2891 1018 2957 foedere
1096 2890 1517 2974 obligatos
1593 2911 1674 2955 se
1751 2890 2184 2958 fateantur
2258 2890 2644 2958 tollendae

321 2999 932 3086 appellationis
989 3019 1264 3078 causa,
1332 2999 1416 3063 in
1473 3019 1710 3081 quam
1772 3000 2297 3083 conspirasse
2343 2999 2645 3064 decem-

325 3110 550 3174 viros
596 3107 1028 3172 criminati
1073 3107 1271 3186 sint,
1331 3112 1413 3172 at
1466 3127 1545 3171 se
1604 3126 2055 3190 provocare
2100 3106 2198 3172 ad
2242 3104 2644 3190 populum.

324 3215 770 3284 Scribendum
816 3235 991 3279 esse:
1061 3213 1343 3280 eodem
1397 3213 1737 3279 foedere
1780 3248 1885 3293 —-,
1944 3215 2027 3277 in
2073 3213 2308 3296 quod,
2364 3219 2500 3278 tam
2546 3218 2648 3278 est

321 3331 654 3410 apertum,
701 3329 778 3387 ut
823 3323 1080 3402 mirere,
1123 3322 1371 3387 nemini
1415 3322 1483 3385 in
1528 3327 1814 3386 mentem
1857 3322 2131 3386 venisse.
2232 3320 2327 3385 Ac
2370 3341 2452 3384 ne
2498 3321 2648 3402 qu'is

321 3432 610 3515 figuram
668 3430 961 3513 aliquam
1020 3430 1584 3508 comminiscatur,
1646 3450 1779 3511 qua
1833 3428 2181 3493 relativum
2242 3428 2325 3493 ab
2374 3427 2646 3493 eodem

321 3540 586 3621 seiungi
631 3539 846 3624 possit
888 3536 1002 3618 (—
1025 3537 1150 3602 etsi
1193 3536 1336 3601 fieri
1380 3536 1450 3601 id
1495 3536 1679 3601 nullo
1723 3536 1917 3601 modo
1964 3541 2185 3619 potest
2204 3534 2336 3617 —)‚
2384 3535 2647 3614 addam,

321 3646 606 3713 ridicule
666 3646 796 3710 dici
852 3645 1340 3729 conspirare
1397 3646 1477 3709 in
1523 3644 2207 3728 appellationem3
2273 3664 2422 3708 nam
2470 3643 2647 3726 quod

320 3753 785 3821 tollendam
845 3752 1062 3817 audiri
1119 3753 1379 3832 volunt,
1449 3753 1596 3836 quis
1657 3771 1949 3833 unquam
2007 3750 2323 3815 eiusmodi
2367 3750 2648 3832 figuram

320 3864 527 3942 novit,
573 3869 652 3927 ut
695 3860 1125 3945 gerundivum
1170 3860 1583 3926 substantivo
1632 3859 1964 3924 adiectum
2010 3857 2323 3923 audiatur
2367 3858 2452 3922 ad
2496 3880 2647 3943 pro-

323 3990 569 4036 nomen
647 3967 997 4034 relativum
1065 3967 1433 4033 subiectum
1502 3966 1722 4050 (quasi
1791 3966 2007 4031 dicas:
2089 3964 2647 4049 oppugnandae

321 4076 561 4143 urbis
608 4096 888 4155 causa,
947 4075 1028 4140 in
1087 4095 1319 4157 quam
1362 4075 1550 4140 veni
1595 4095 1739 4140 esse
1785 4074 1863 4138 in
1909 4094 2142 4156 quam
2189 4092 2645 4156 oppugnan-

323 4182 579 4264 dam)'?
650 4181 820 4247 Tum
875 4204 960 4248 ne
1016 4182 1145 4249 hoc
1202 4181 1469 4266 quidem
1515 4183 1835 4247 usitatum
1892 4187 1995 4247 est
2040 4182 2523 4264 conspirare
2568 4181 2646 4245 in

321 4312 486 4358 rem
519 4290 1010 4369 faciendam,
1049 4289 1165 4357 sed
1200 4290 1296 4355 ad
1321 4309 1477 4355 rem
1498 4288 1984 4354 faciendam.
2046 4286 2500 4353 Confitendum
2525 4287 2646 4371 igi-

321 4407 466 4478 tur,
524 4400 797 4483 opinor,
853 4398 1007 4477 erit,
1066 4417 1426 4482 pronomen
1474 4418 1515 4461 a
1558 4395 1834 4461 librario
1882 4417 2103 4461 errore
2149 4394 2233 4461 ad
2278 4396 2647 4479 proximum

323 4526 564 4571 nomen
623 4505 1200 4571 accommodatum
1261 4526 1424 4570 esse.
1526 4503 1671 4568 vid.
1721 4523 2009 4587 prooem.
2057 4526 2120 4586 p.
2171 4508 2254 4567 10
2311 4524 2406 4586 sq.
2509 4499 2647 4583 [Sic
