3230 5282
1563 572 1685 635 359
2443 585 2569 642 Lib.
2604 584 2779 641 XXV.

462 758 769 825 Graccho
815 764 1110 825 struente
1155 758 1223 823 in
1270 758 1492 824 codice
1538 759 1588 823 P
1635 759 1730 824 sic
1774 757 2105 837 scribitur,
2163 758 2421 839 ceteris,
2478 764 2555 823 ut
2598 759 2778 841 quis-

462 890 598 953 que
644 868 909 933 minime
956 874 1308 952 corruptus
1353 873 1473 947 est,
1521 868 1816 951 proxime
1863 865 2362 932 accedentibus:
2429 867 2778 933 Deducit

464 976 767 1058 (Flavus)
833 976 1182 1041 Poenum
1258 977 1339 1041 in
1417 976 1682 1040 locum
1760 977 2049 1059 paucis
2116 976 2567 1042 Gracchum
2636 978 2777 1043 ad-

463 1085 1204 1166 ducturumamago
1248 1083 1368 1148 ibi
1414 1084 1742 1169 pedites
1790 1086 2282 1168 equitesque
2329 1094 2779 1153 armareset

460 1213 756 1277 capere
815 1213 952 1258 eas
1009 1191 1355 1258 latebrae
1412 1192 1547 1257 ubi
1606 1193 2025 1276 ingentem
2080 1215 2492 1260 numerum
2551 1216 2776 1262 occu-

467 1301 698 1366 leret.
809 1300 886 1365 In
952 1299 1191 1367 horum
1258 1300 1608 1366 verborum
1672 1301 1886 1385 prima
1950 1307 2142 1386 parte
2207 1323 2337 1368 non
2393 1304 2779 1381 mutandum

462 1430 619 1475 cum
679 1408 1008 1474 Gronovio
1064 1409 1142 1472 in
1199 1409 1490 1488 locum,
1559 1408 1678 1474 sed
1735 1408 2275 1491 intellegendum,
2341 1409 2447 1476 hic
2492 1432 2775 1496 quoque,

465 1523 540 1582 ut
583 1537 758 1601 saepe
803 1517 871 1580 in
918 1514 1018 1581 his
1062 1515 1283 1597 libris,
1341 1517 1604 1583 litteras
1662 1517 1919 1600 aliquot
1974 1517 2057 1582 ob
2119 1518 2613 1585 similitudinem
2667 1543 2777 1586 ex-

461 1625 735 1705 cidisse3
784 1624 1201 1690 scribendum
1248 1630 1347 1689 est
1391 1626 1591 1690 enim:
1655 1626 1733 1689 in
1779 1624 2060 1705 locum,
2106 1644 2245 1703 qno
2292 1646 2446 1688 ‹n-
2492 1629 2775 1712 paucis

462 1733 917 1801 Gracchum
988 1731 1521 1799 adducturum
1587 1734 1725 1798 ait.
1840 1733 2234 1816 (Gronovius
2302 1735 2425 1799 ait
2491 1735 2775 1801 ductu-

468 1864 653 1921 rum,
709 1840 1011 1924 neglecto
1056 1860 1109 1919 ι,
1167 1840 1343 1924 quod
1389 1842 1456 1906 in
1503 1841 1727 1907 codice
1773 1848 1928 1907 ante
1973 1842 2198 1925 Mago
2246 1842 2604 1925 scribitur.)
2692 1845 2769 1909 In
2805 1851 2948 1921 (294)

461 1949 740 2033 reliquis
818 1969 1030 2032 neque
1100 1947 1426 2014 Gronovio
1503 1971 1718 2034 neque
1786 1950 2318 2016 Weissenbornio
2398 1953 2779 2019 coniectura

461 2057 748 2123 feliciter
816 2058 1168 2137 successit,
1234 2056 1362 2122 nisi
1431 2057 1605 2139 quod
1652 2057 2017 2125 Gronovius
2073 2066 2250 2125 recte
2295 2059 2777 2140 animadvertit,

460 2167 833 2232 orationem
902 2158 987 2229 ab
1045 2164 1303 2230 infinita
1357 2164 1571 2231 forma
1627 2167 1914 2232 transire
1972 2169 2039 2233 in
2097 2168 2581 2234 coniunctivum
2637 2170 2777 2235 eius

462 2274 756 2358 generis,
824 2294 951 2356 quo
1010 2272 1296 2339 iubentis
1354 2275 1568 2340 oratio
1627 2275 1894 2360 oblique
1950 2275 2249 2341 refertur.
2360 2275 2503 2341 Hoc
2559 2278 2777 2361 posito

464 2382 821 2448 tenendum
887 2381 1122 2446 deinde
1190 2388 1321 2461 est,
1387 2383 1642 2447 iussum
1709 2404 1854 2449 esse
1909 2383 2255 2467 Magonem
2320 2407 2455 2449 non
2521 2385 2792 2469 pedites

465 2491 857 2574 equitesque
902 2510 1163 2555 armare
1210 2489 1428 2572 (quasi
1474 2511 1660 2555 arma
1704 2511 1836 2556 non
1881 2490 2220 2572 habeant),
2282 2513 2492 2576 neque
2540 2513 2778 2578 capere

467 2599 761 2664 latebras
819 2598 1075 2682 aliquas
1123 2598 1474 2679 eiusmodi,
1544 2597 1660 2664 ubi
1717 2598 2024 2682 magnum
2079 2621 2422 2666 numerum
2479 2601 2777 2668 occulere

467 2715 694 2792 posset
762 2707 1105 2790 (utendum
1182 2709 1356 2772 enim
1436 2713 1579 2773 erat
1659 2707 1935 2774 latebris
2005 2709 2144 2774 eius
2211 2709 2369 2789 loci,
2449 2710 2516 2773 in
2585 2731 2779 2792 quem

465 2816 706 2881 Flavus
755 2815 1125 2881 Gracchum
1182 2815 1626 2880 adducturum
1681 2838 1748 2881 se
1809 2816 2119 2898 dixerat),
2179 2816 2296 2882 sed
2352 2823 2613 2881 tantum
2657 2819 2779 2882 mi-

468 2922 619 2989 lites
652 2948 657 2954 ·
685 2924 817 2988 illis
871 2922 1147 2989 latebris
1208 2923 1537 3004 occulere3
1606 2924 1834 3007 itaque
1902 2923 2045 2989 haec
2111 2923 2392 2989 efficitur
2458 2925 2778 2990 orationis

462 3031 707 3097 forma:
778 3033 1005 3114 Mago
1073 3031 1188 3095 ibi
1256 3030 1580 3115 pedites
1649 3032 2128 3114 equitesque
2198 3068 2285 3077 —
2338 3031 2776 3097 occuleret.

465 3140 895 3205 Accusativus
953 3140 1157 3223 igitur
1210 3135 1322 3203 ille
1377 3139 1783 3220 ingentem
1839 3160 2243 3204 numerum
2291 3139 2421 3204 alio
2468 3141 2776 3224 pertinet.

466 3246 577 3312 Sic
645 3246 985 3330 perficitur
1048 3248 1252 3313 totius
1320 3247 1448 3313 loci
1516 3244 1655 3311 haec
1712 3247 2112 3313 emendatio:
2182 3247 2414 3331 Mago
2472 3247 2587 3312 ibi
2645 3269 2778 3332 pe-

466 3355 681 3421 dites
738 3357 1220 3441 equitesque
1277 3360 1633 3420 armatos
1690 3353 1797 3436 (et
1853 3377 2144 3439 capere
2207 3377 2347 3421 eas
2406 3354 2777 3422 latebras

462 3445 873 3545 ingentem
952 3462 1386 3546 numerum)
1476 3463 1926 3543 occuleret,
2009 3463 2131 3529 hoc
2209 3470 2313 3530 est
2376 3470 2563 3530 recta·
2630 3486 2778 3529 ora-

464 3574 678 3638 tione:
758 3572 886 3652 Tu,
952 3573 1178 3655 Mago,
1244 3571 1352 3637 hic
1407 3571 1669 3655 pedites
1724 3573 2111 3658 equitesque
2172 3579 2462 3638 armatos
2520 3573 2615 3655 (et
2669 3595 2779 3638 ca·
2827 3595 2832 3601 ·

467 3682 657 3765 piunt
721 3680 823 3745 hae
891 3680 1161 3745 latebrae
1230 3681 1561 3762 ingentem
1617 3679 1985 3761 numerum)
2067 3681 2315 3746 occule.
2427 3680 2778 3765 Aptissime

465 3789 746 3873 ingentis
802 3789 1055 3853 numeri
1100 3789 1375 3868 mentio,
1444 3809 1590 3872 quae
1646 3788 1714 3853 in
1769 3789 1917 3872 ipso
1975 3794 2305 3873 praecepto
2362 3788 2779 3855 incommoda

464 3903 597 3976 est,
666 3899 735 3961 in
802 3897 1262 3981 interpositam
1329 3897 1729 3961 sententiam
1797 3898 1892 3961 sic
1957 3895 2348 3976 includitur,
2416 3903 2493 3961 ut
2558 3903 2778 3962 osten-

466 4003 693 4087 datur,
781 4005 997 4070 locum
1085 4004 1522 4069 multitudinis
1602 4003 1689 4068 ad
1762 4024 1901 4068 rem
1936 3998 1942 4005 ’
1978 4002 2445 4086 perficiendam
2524 4004 2777 4069 idoneae

464 4134 783 4197 capacem
839 4133 1005 4194 esse,
1116 4112 1429 4176 Armati
1499 4111 1873 4177 occultandi
1944 4132 2086 4176 esse
2145 4111 2387 4177 milites
2447 4111 2775 4191 dicuntur,

464 4228 539 4287 ut
584 4221 849 4302 XXVII,
908 4226 1011 4301 48,
1072 4224 1108 4285 3
1154 4221 1460 4288 instructi
1506 4221 1874 4304 armatique
1920 4220 2192 4285 venisse.
2291 4207 2439 4285 Non
2484 4220 2777 4284 animad-

465 4351 653 4395 versa
721 4329 1130 4414 parenthesi,
1201 4329 1503 4394 additum
1570 4335 1675 4393 est
1741 4328 1908 4407 ubi,
1975 4334 2051 4393 ut
2105 4326 2461 4393 referretur
2517 4327 2603 4392 ad
2661 4327 2777 4391 ibi

460 4437 651 4503 initio
713 4439 1018 4521 positum.
1122 4437 1366 4517 Quum,
1426 4435 1702 4502 confusa
1756 4437 1932 4501 omni
1988 4434 2114 4501 loci
2159 4436 2404 4516 forma,
2461 4435 2776 4518 scriptum
