3230 5282
632 583 758 639 Lib.
796 582 891 636 111.
953 638 960 653 ,
1736 570 1818 631 88

629 756 865 838 Itaque
910 759 977 819 et
1011 751 1320 838 Siesbyeo
1367 760 1433 819 et
1475 755 1653 836 mihi,
1702 753 1893 821 alteri
1939 752 2210 819 alterius
2247 752 2636 818 coniecturae
2670 752 2927 837 ignare,

631 865 698 928 in
779 868 1060 928 mentem
1134 864 1337 927 venit:
1414 861 1523 928 Ne
1597 883 1787 928 voce
1858 860 2177 946 quidem
2252 860 2651 941 inconmodi,
2720 860 2782 925 h.
2843 882 2929 941 e.,

632 972 786 1037 dum
875 975 1132 1049 cavent,
1231 989 1314 1035 ne
1404 971 1506 1035 vel
1594 991 1752 1036 voce
1838 968 2236 1035 incommodi
2326 970 2474 1035 sint.
2611 967 2681 1034 Si
2758 967 2927 1034 alte-

627 1102 774 1145 rum
816 1078 1039 1144 Livius
1097 1078 1383 1162 scripsit,
1448 1078 1732 1163 perdure
1789 1099 1949 1144 usus
2006 1083 2110 1144 est
2164 1077 2453 1144 ablativo
2498 1076 2680 1143 modi
2723 1097 2925 1160 nega·

626 1189 784 1265 tivo
812 1187 919 1269 (ne
962 1206 1119 1252 voce
1165 1185 1427 1270 quidem
1471 1186 1884 1252 incommoda
1927 1185 2376 1270 interposita);
2440 1186 2565 1251 vid.
2615 1185 2725 1252 Gr.
2774 1185 2923 1250 Lat.

629 1296 663 1380 g
709 1300 851 1361 257.
941 1294 1184 1378 (1861)

799 1403 956 1489 Cap.
1008 1407 1115 1483 18,
1179 1409 1242 1468 1:
1311 1404 1602 1470 Eadem
1659 1408 1901 1469 nocte
1960 1408 2038 1468 et
2094 1402 2531 1468 Tusculum
2588 1402 2680 1468 de
2736 1421 2929 1467 arce

626 1512 1263 1597 capta—nuntii
1307 1513 1658 1578 veniunt.
1726 1510 1910 1576 Nihil
1956 1516 2073 1590 est,
2121 1531 2250 1595 quo
2297 1517 2375 1575 et
2415 1509 2647 1575 referri
2689 1510 2918 1593 possit.

628 1622 858 1688 Ortum
933 1620 1003 1686 id
1069 1626 1172 1685 est
1238 1641 1316 1685 ex
1382 1620 1819 1704 geminatione
1884 1618 2125 1684 litterae
2191 1618 2619 1704 praecedentis
2686 1624 2754 1683 et
2818 1639 2926 1683 se·

627 1729 905 1813 quentis,
964 1727 1513 1811 quemadmodum
1555 1728 1665 1809 IV,
1721 1732 1780 1807 8,
1827 1734 1867 1792 4
1911 1749 2030 1811 pro
2077 1725 2631 1809 custodiaeque
2677 1726 2920 1791 tabu-

622 1837 876 1902 larum
922 1837 1232 1920 scriptum
1280 1857 1478 1920 prave
1524 1858 1668 1902 esse
1714 1834 2279 1919 custodiaeque
2339 1841 2414 1899 et
2460 1834 2921 1900 tabularum

628 1941 965 2010 Creverius
1030 1944 1209 2010 vidit.
1317 1944 1614 2010 Eundem
1681 1963 1969 2009 errorem
2040 1944 2110 2008 in
2166 1942 2396 2008 iisdem
2452 1941 2689 2007 litteris
2743 1963 2917 2008 com-

622 2054 888 2117 missum
941 2053 1164 2118 notavi
1213 2052 1369 2117 olim
1413 2054 1481 2117 in
1527 2050 1860 2117 Ciceronis
1903 2051 2222 2116 librorum
2267 2050 2348 2115 de
2393 2049 2534 2115 Fin.
2582 2050 2923 2116 codicibus

619 2160 999 2243 vulgaribus
1055 2159 1149 2240 ΙΙ,
1207 2162 1316 2239 25,
1372 2165 1455 2225 84
1513 2158 1930 2244 (praeclare
1987 2165 2066 2225 et
2121 2156 2485 2239 tuebere)
2534 2160 2708 2224 etin
2755 2158 2917 2224 Sue-

621 2268 786 2333 tonii
855 2265 1083 2333 Claud.
1141 2288 1193 2331 c.
1241 2271 1316 2331 21
1379 2267 1755 2352 (utraque
1822 2274 1900 2333 et
1964 2266 2316 2351 tophina
2379 2288 2500 2350 pro
2569 2273 2923 2351 utraque

620 2373 1011 2459 tophina).

793 2481 949 2566 Cap.
1002 2487 1109 2561 19,
1169 2486 1204 2545 6
1250 2481 1345 2563 (in
1390 2481 1459 2548 L.
1510 2482 1799 2560 Quinctii
1845 2482 2133 2548 consulis
2179 2482 2538 2565 oratione):
2605 2482 2918 2548 Herdo-

619 2592 813 2657 nius
865 2641 982 2656 ...
1030 2590 1348 2657 hostem
1395 2613 1474 2658 se
1518 2591 1853 2657 fatendo
1898 2611 2149 2676 prope
2195 2589 2751 2672 denuntiavit,
2830 2597 2924 2657 ut

622 2720 846 2765 arma
923 2701 1372 2784 caperetis;
1450 2700 1577 2766 hic
1644 2700 1743 2782 (A.
1801 2698 2174 2781 Verginius)
2240 2700 2611 2783 negando
2692 2700 2925 2765 bella

622 2830 802 2873 esse
871 2828 1096 2873 arma
1150 2808 1385 2873 vobis
1442 2809 1745 2874 ademit
1802 2809 2225 2891 nudosque
2285 2809 2557 2873 servis
2613 2810 2922 2874 vestris

622 2920 698 2979 et
754 2915 1182 2981 exsulibus
1241 2915 1575 2981 obiecit.
1687 2916 1842 2999 Ipsa
1884 2916 2084 2980 verba
2126 2916 2437 2995 clamant,
2507 2917 2610 2999 agi
2657 2916 2737 2981 de
2782 2938 2917 2982 uno

620 3020 949 3107 Capitolio
1018 3031 1240 3107 capt0‚
1318 3024 1628 3108 nullaque
1705 3024 1838 3088 alia
1919 3023 2095 3089 bella
2178 3023 2564 3107 significari3
2645 3030 2911 3090 conten·
2960 3023 2965 3026 ’

619 3132 854 3196 derant
911 3133 1081 3196 enim
1136 3132 1383 3197 tribuni
1429 3131 1509 3214 (c.
1563 3137 1659 3212 16,
1707 3131 1793 3214 5),
1840 3153 1993 3197 non
2048 3130 2380 3212 bellum,
2450 3130 2593 3197 sed
2637 3152 2917 3198 vanam

617 3241 1044 3324 imaginem
1123 3239 1325 3305 belli
1395 3239 1897 3324 Capitolium
1975 3240 2417 3320 insedisse;
2487 3260 2697 3323 neque
2773 3239 2910 3305 ulla

618 3347 726 3412 hic
780 3347 991 3432 figura
1046 3347 1203 3430 fingi
1261 3355 1510 3431 potest,
1577 3370 1706 3431 qua
1764 3348 2038 3432 pluralis
2082 3369 2201 3431 pro
2249 3347 2567 3431 singulari
2610 3354 2914 3432 ponatur.

622 3454 855 3539 Itaque
923 3476 1120 3539 cogor
1186 3455 1409 3521 bella
1475 3478 1593 3541 pro
1651 3456 1953 3521 bellum
2009 3477 2227 3521 errore
2287 3457 2602 3540 scriptum
2657 3462 2910 3540 putare.

623 3561 868 3644 (1861.)
957 3562 1208 3628 Eodem
1254 3565 1467 3648 capite
1513 3563 1546 3647 ἓ
1598 3560 1704 3629 11':
1764 3565 1862 3629 At
1906 3565 2116 3630 enim
2157 3599 2245 3609 -
2287 3564 2539 3645 legem
2584 3585 2721 3629 vos
2764 3563 2913 3629 hoc

619 3691 825 3735 anno
883 3670 1354 3754 perlaturos
1401 3671 1846 3739 dictitatis.
1943 3671 2139 3736 Tum
2185 3672 2517 3737 hercule
2563 3650 2912 3749 illo'die,

619 3799 769 3861 quo
818 3799 957 3862 ego
997 3779 1286 3844 consul
1323 3802 1489 3845 sum
1526 3788 1871 3860 creatu8‚
1907 3780 2114 3845 mala
2148 3787 2377 3864 gesta
2409 3800 2538 3844 res
2572 3779 2918 3864 publica

618 3891 756 3965 est,
802 3887 1034 3969 peius
1082 3888 1351 3967 multe,
1401 3910 1635 3972 quam
1672 3909 1912 3972 quum
1948 3888 2019 3951 P.
2056 3887 2435 3953 Valerius
2472 3888 2753 3953 consul
2786 3905 2914 3972 pe-

612 3993 782 4073 riit,
829 3994 893 4058 si
942 3995 1331 4061 tuleritis.
1402 3996 1813 4080 Ineptissime
1849 3996 2168 4074 condicio,
2207 4017 2349 4080 quae
2386 3996 2716 4079 particula
2747 4002 2911 4061 tum

618 4101 700 4165 ad
749 4102 1089 4185 superiora
1131 4104 1343 4168 relata
1377 4111 1442 4169 et
1476 4125 1624 4170 cum
1661 4105 2180 4170 adversariorum
2217 4105 2410 4169 minis
2446 4124 2736 4169 connexa
2765 4125 2914 4187 gra—

614 4209 782 4273 viter
826 4216 894 4275 et
937 4210 1221 4276 breviter
1266 4211 1637 4295 significata
1682 4217 1810 4292 est,
1868 4213 2189 4296 repetitur
2232 4213 2298 4276 in
2343 4211 2473 4277 fine
2516 4212 2771 4296 periodi
2816 4211 2910 4292 (si

614 4316 1045 4400 tuleritis),
1092 4321 1454 4403 praesertim
1491 4324 1644 4404 post
1678 4319 2054 4386 adiunctam
2090 4319 2660 4416 amplificationem
2696 4318 2909 4384 illam:
