3230 5282
1498 573 1618 634 129
2454 588 2580 643 Lib.
2616 588 2710 645 lv.

391 760 759 845 disputare.
863 759 1034 824 Nam
1077 778 1290 841 neque
1314 756 1609 843 pluralis
1654 758 1914 823 numeri
1958 780 2319 843 pronomen
2364 761 2713 828 relativum

333 934 348 939 -
398 874 739 935 senatus
809 867 1058 933 nomini
1127 865 1499 932 subiectum
1568 886 1851 951 usquam
1921 872 2025 931 est
2093 865 2492 949 (senatu8‚
2572 871 2712 954 qui

389 1012 481 1022 —
523 975 774 1059 sunt),
844 976 1005 1059 quia
1060 997 1141 1041 ex
1197 996 1274 1040 eo
1329 973 1455 1040 hoc
1512 979 1615 1040 est
1658 994 1929 1057 genere,
1998 975 2178 1059 quod
2223 975 2713 1043 collectivorum

393 1084 958 1149 constructionem
1013 1103 1145 1149 non
1197 1083 1492 1166 recipere
1561 1081 1923 1166 significavi
1978 1083 2046 1146 in
2093 1081 2545 1151 Grammatica
2587 1086 2712 1152 La-

393 1193 540 1258 tina
584 1191 618 1275 g
665 1196 791 1256 215
840 1211 882 1256 a
923 1188 1156 1272 not.¹),
1212 1212 1446 1275 neque,
1507 1191 1566 1255 si
1611 1190 1681 1255 id
1724 1190 1867 1256 fieri
1913 1197 2159 1276 posset,
2203 1190 2328 1256 hoc
2372 1193 2516 1259 loco
2560 1214 2712 1278 pro-

399 1322 659 1379 nomen,
706 1299 1119 1383 interpositis
1164 1299 1326 1364 illis:
1387 1299 1647 1381 magis
1702 1297 1870 1363 fuit
1925 1318 2154 1381 quam
2211 1301 2288 1364 in
2333 1301 2712 1382 tribunis,

394 1408 536 1474 ullo
592 1407 793 1473 modo
848 1406 936 1473 ad
993 1428 1233 1472 nomen
1290 1407 1612 1473 remotius
1658 1406 1905 1473 referre
1949 1406 2210 1485 liceret,
2278 1407 2521 1472 nedum
2566 1410 2713 1492 plu-

394 1517 538 1582 rale
595 1515 779 1598 (cum
833 1515 1198 1581 tribunis
1257 1515 1649 1581 conveniens
1704 1513 2005 1597 numero)
2052 1515 2138 1580 ad
2182 1516 2516 1597 singulare
2563 1515 2712 1598 (se-

394 1623 691 1705 natus).
791 1622 1023 1707 Neque
1081 1624 1300 1689 minus
1346 1623 1762 1689 vehementer
1805 1615 1953 1706 ipsa
1995 1629 2323 1707 repugnat
2366 1626 2712 1692 sententia.

391 1732 566 1797 Nam
636 1732 697 1797 si
752 1732 822 1796 in
880 1738 1116 1797 senatu
1172 1732 1312 1798 solo
1369 1730 1711 1796 tarditatis
1769 1751 1971 1796 causa
2025 1729 2289 1809 fuisset,
2356 1731 2522 1797 nihil
2577 1754 2713 1797 om-

395 1842 553 1906 nino
621 1846 799 1919 erat,
866 1860 986 1904 cur
1038 1839 1263 1905 Livius
1329 1838 1634 1904 tribunos
1701 1838 1769 1902 in
1824 1837 1951 1902 hac
2008 1859 2081 1903 re
2139 1846 2713 1927 commemoraret3

400 1969 575 2013 nunc
616 1948 747 2013 hoc
792 1947 1010 2031 ipsum
1053 1947 1361 2027 ostendit,
1404 1968 1536 2012 non
1580 1947 1648 2011 in
1695 1951 1929 2011 senatu
1975 1947 2408 2029 potissimum,
2457 1946 2538 2013 de
2584 1969 2712 2030 quo

397 2056 684 2141 primum
729 2055 1010 2139 cogitari
1053 2056 1297 2139 possit,
1366 2055 1544 2137 quod
1602 2055 1746 2120 eius
1805 2053 2005 2119 fuerit
2061 2076 2279 2119 rerum
2323 2055 2712 2138 gubernatio

397 2170 469 2228 et
520 2163 812 2247 negotiis
868 2162 1316 2247 prospiciendi
1373 2162 1745 2245 agendique
1802 2183 1989 2243 cura,
2058 2163 2444 2227 tarditatem
2488 2162 2712 2245 fuisse,

397 2272 518 2338 sed
572 2293 706 2337 non
759 2271 979 2336 minus
1033 2270 1100 2334 in
1156 2270 1520 2336 tribunatu.
1633 2269 1871 2354 Itaque
1917 2270 2138 2336 Livius
2197 2271 2495 2354 scripsit:
2568 2291 2715 2334 non

401 2382 482 2444 in
537 2385 833 2446 senatu
886 2379 1140 2461 magis
1196 2376 1357 2443 fuit
1411 2398 1647 2460 quam
1704 2379 1783 2442 in
1837 2378 2240 2458 tribunis;
2306 2380 2571 2461 negatio
2621 2379 2705 2445 ob
2743 2395 2885 2464 (109)

399 2486 905 2554 similitudinem
993 2486 1479 2571 praepositionis
1566 2486 1646 2550 in
1738 2485 2001 2551 facilius
2077 2487 2447 2570 intercepta
2523 2488 2715 2570 est.²)

401 2596 654 2662 Eadem
715 2594 960 2661 excidit
1013 2595 1151 2660 sine
1207 2594 1329 2660 tali
1387 2614 1590 2660 causa
1646 2594 1727 2675 V,
1801 2597 1909 2674 15,
1984 2598 2055 2658 11
2117 2593 2187 2658 in
2231 2593 2482 2675 MPL1‚
2551 2595 2717 2676 aliis,

400 2705 468 2769 id
537 2710 674 2783 est,
742 2704 809 2766 in
878 2702 1102 2768 codice
1172 2702 1565 2786 archetyp03
1636 2704 1703 2766 in
1758 2703 1975 2768 tertiae
2032 2701 2299 2768 decadis
2358 2703 2716 2788 archetypo

395 2812 547 2877 libr.
595 2810 841 2890 XXIII,
887 2814 989 2890 23,
1039 2816 1077 2876 6
1124 2817 1278 2876 ante
1324 2811 1751 2894 cepissent
1796 2810 1989 2893 (Put.,
2035 2808 2238 2892 cett).
2328 2811 2473 2878 Hoc
2516 2813 2717 2895 igitur

394 2921 666 2986 sublato
725 2918 959 2985 mendo
1017 2924 1373 2984 occurrunt
1428 2919 1630 3003 paulo
1685 2924 1839 3002 post
1883 2917 1944 3002 (ἓ
1991 2916 2059 3000 9)
2102 2917 2274 2982 haec:
2344 2918 2715 2984 Fremere

399 3032 817 3107 iuventus,
884 3026 1228 3092 nondum
1298 3025 1800 3091 debellatum
1869 3047 2042 3090 cum
2107 3027 2441 3092 Volscis
2509 3047 2714 3107 esse;

396 3136 630 3201 modo
687 3135 841 3199 duo
897 3133 1290 3219 praesidia
1345 3134 1771 3199 occidione
1831 3133 2100 3199 occisa
2157 3138 2235 3197 et
2292 3154 2464 3198 cum
2506 3135 2715 3218 peri-

397 3244 587 3310 culo
656 3241 1028 3307 retineri.
1153 3239 1496 3318 Quomodo
1563 3241 1875 3325 praesidia
1942 3242 2161 3308 occisa
2225 3242 2497 3306 retineri
2565 3263 2715 3307 cum

394 3350 699 3436 periculo
757 3349 1043 3434 possint,
1111 3368 1382 3433 prorsus
1439 3369 1570 3413 non
1626 3349 1957 3432 intellego.
2072 3347 2202 3413 Sed
2245 3354 2491 3433 praesto
2538 3356 2713 3431 sunt,

391 3459 513 3542 qui
582 3457 867 3523 doceant
931 3455 1322 3540 praesidia
1388 3458 1673 3540 primum
1743 3455 2040 3521 homines
2107 3457 2175 3521 in
2231 3457 2539 3542 praesidio
2595 3480 2711 3542 po-

388 3568 595 3643 sitos,
664 3564 898 3630 deinde
943 3564 1092 3647 ipsa
1138 3563 1411 3629 castella
1455 3564 1767 3648 intellegi.
1878 3564 2097 3644 Itane,
2165 3584 2404 3646 quaeso,
2462 3571 2538 3630 ut
2581 3588 2714 3632 una

387 3672 736 3738 sententia
790 3672 1181 3737 brevissima
1237 3672 1323 3736 ad
1380 3671 1709 3755 duplicem
1757 3672 2306 3756 significationem
2352 3674 2711 3756 adiungan-

383 3786 508 3846 tur
568 3780 648 3845 de
704 3780 940 3845 eodem
995 3777 1301 3862 praesidio
1360 3778 1491 3845 duo
1548 3780 1749 3845 verba
1805 3801 2074 3863 prorsus
2134 3781 2495 3845 contraria:
2565 3781 2712 3847 hoc

448 4033 500 4101 ι)
541 4031 646 4099 IX,
690 4034 785 4099 37,
833 4035 892 4086 11
949 4049 1121 4102 prave
1173 4031 1335 4086 codd.
1390 4038 1448 4087 et
1498 4031 1905 4087 Alschefskius:
1966 4033 2391 4088 interclusus
2447 4036 2706 4090 exerci-

534 4122 649 4171 tus
807 4119 1391 4187 opprimerentur.

436 4203 496 4271 ⁴⁸)
541 4200 676 4270 [Sed
736 4203 1001 4257 vitiosam
1064 4202 1494 4271 ambiguitatem
1557 4205 1615 4255 in
1670 4208 1936 4256 restare
1989 4204 2499 4258 nuntiabantur
2553 4205 2705 4259 inter

533 4288 671 4355 qui,
719 4288 880 4356 quia
912 4326 926 4341 .
961 4329 972 4340 .
1002 4327 1036 4355 .,
1070 4305 1306 4356 parum
1351 4287 1845 4357 cogitaverunt
1879 4288 1952 4341 ad
1988 4288 2141 4342 aliud
2177 4289 2491 4344 subiectum
2528 4290 2712 4344 relato

532 4372 752 4427 codicis
815 4372 1156 4427 Veronensis
1217 4371 1489 4427 indicium
1548 4373 1824 4442 (restari
1888 4375 2421 4441 nuntiabantur)
2488 4380 2711 4429 secutus

527 4456 937 4512 Mommsenius
975 4457 1222 4525 sustulit,
1256 4458 1673 4528 sustuleratque
1710 4459 1829 4512 eius
1866 4459 2095 4527 ignarus
2131 4458 2605 4529 Wesenbergius.]

2219 4563 2253 4616 9
