3230 5282
563 643 687 697 Lib.
725 641 976 696 XXVIII.
1654 628 1783 688 404

569 814 819 878 ditum
878 812 1192 877 solvere
1252 818 1400 890 aut,
1461 811 1517 874 si
1577 809 1737 895 quid
1796 809 2094 887 additur,
2155 808 2501 891 pecunia
2559 813 2870 887 mutua,

569 921 913 999 credita,
1004 942 1132 984 non
1213 925 1673 1001 argentum,
1767 918 2161 998 omninoque
2241 922 2671 997 argentum
2750 937 2872 999 pro

569 1029 847 1112 pecunia
892 1027 1119 1092 Graeco
1180 1025 1476 1109 exemplo
1539 1024 1714 1109 apud
1760 1031 1996 1108 poetas
2045 1021 2411 1105 (Plautum,
2470 1021 2873 1100 Terentium,

570 1138 768 1201 etiam
833 1136 1179 1200 Horatium
1246 1134 1367 1217 Ep.
1424 1133 1487 1213 I,
1554 1136 1623 1212 2,
1691 1132 1801 1214 44)
1870 1132 2131 1211 dicitur,
2198 1131 2266 1195 in
2323 1151 2523 1213 prosa
2578 1131 2875 1196 oratione

569 1264 855 1327 perram,
903 1242 1078 1325 apud
1125 1241 1472 1324 plerosque
1515 1261 1874 1324 nunquam.
1947 1238 2332 1304 Sallustium
2369 1244 2591 1302 tamen
2626 1238 2877 1303 Seneca

571 1352 789 1435 (epist.
844 1350 990 1431 114)
1039 1350 1381 1413 adnotavit
1427 1348 1699 1413 dixisse:
1773 1347 2217 1412 exercitum
2262 1352 2608 1429 argento
2655 1346 2874 1424 fecit,

568 1466 634 1523 et
679 1461 818 1542 ipse
864 1457 1104 1536 Livius,
1165 1461 1606 1540 praeterquam
1652 1456 1826 1537 quod
1871 1455 1974 1519 bis
2019 1461 2198 1518 terve
2245 1460 2593 1536 argentum
2638 1454 2877 1519 multa-

568 1568 798 1631 ticium
849 1587 970 1649 pro
1027 1565 1307 1648 pecunia
1364 1564 1561 1640 dixit,
1621 1565 1819 1627 etiam
1880 1563 2038 1627 alibi
2083 1562 2467 1645 aliquoties,
2527 1562 2638 1626 ubi
2681 1583 2877 1644 pecu-

568 1676 744 1738 niam
811 1679 1220 1737 numeratam
1266 1679 1333 1737 et
1378 1673 1559 1754 ipsos
1605 1693 1902 1735 nummos
1950 1670 2293 1753 significat,
2342 1669 2601 1751 argenti
2644 1689 2876 1732 nomen

570 1782 792 1864 posuit
849 1781 1093 1861 (XXII,
1155 1785 1269 1859 60,
1328 1786 1395 1859 4,
1451 1779 1701 1857 XXIII,
1761 1783 1873 1857 21,
1933 1783 2001 1858 6,
2058 1778 2374 1856 XXXIII,
2434 1780 2542 1856 29,
2598 1782 2656 1855 4,
2713 1775 2878 1854 XLI,

571 1895 627 1968 6,
680 1889 820 1970 10);
890 1887 1249 1969 eodemque
1309 1888 1642 1970 pertinent
1689 1886 2021 1951 Ciceronis
2078 1887 2204 1950 loci
2255 1886 2417 1962 duc,
2479 1884 2637 1967 Top.
2692 1887 2767 1947 16
2814 1890 2879 1946 et

572 1997 651 2060 de
699 2018 878 2079 prov.
926 2017 1102 2061 cons.
1150 2002 1207 2060 4.
1309 1996 1541 2079 Itaque
1599 1995 1708 2059 hic
1766 2013 2024 2079 quoque
2075 1993 2297 2056 LIvius
2360 1991 2729 2074 significare
2788 1992 2879 2054 vi-

572 2105 765 2168 detur
832 2104 1177 2186 pecuniam
1242 2109 1657 2168 numeratam
1722 2110 2018 2167 mutuam
2086 2100 2308 2164 datam
2366 2099 2738 2181 (darleihen
2808 2101 2878 2163 in

572 2213 845 2276 baarem
901 2209 1154 2291 Gelde).
1248 2210 1491 2293 (1876.)
1583 2209 1785 2293 [Olim
1830 2211 1915 2275 ad
1962 2208 2203 2274 codicis
2254 2207 2361 2290 Sp.
2410 2208 2880 2272 auctoritatem

573 2343 704 2385 non
752 2316 1211 2400 attenderam]

406 2543 544 2611 (330)
1095 2453 1100 2458 ’
1415 2511 1598 2592 Lib.
1666 2509 2048 2591 XXVIII.

747 2641 898 2725 Cap.
949 2647 985 2705 2
1030 2644 1171 2707 init.
1221 2645 1329 2725 (de
1377 2644 1461 2708 M.
1503 2644 1725 2708 Silano
1775 2640 2356 2724 Carthaginienses
2404 2646 2470 2704 et
2515 2637 2879 2703 Celtiberos

573 2752 924 2835 improviso
962 2752 1442 2834 aggrediente):
1490 2752 1687 2815 Tria
1719 2750 1979 2814 millia
2012 2750 2260 2813 ferme
2301 2747 2604 2824 aberat,
2646 2766 2879 2827 quum

574 2859 978 2923 hauddum
1037 2859 1459 2942 quisquam
1504 2858 1865 2922 hostium
1913 2863 2324 2936 senserat3
2385 2853 2883 2935 confragosa

575 2969 758 3032 loca
837 2974 913 3031 et
991 2967 1245 3031 obsiti
1324 2966 1720 3049 virgultis
1789 2964 2183 3047 tegebant
2251 2963 2542 3041 colles3
2622 2960 2736 3024 ibi
2802 2961 2880 3023 in

575 3098 769 3141 cava
831 3075 1047 3139 valle
1106 3056 1346 3155 atque
1409 3073 1500 3137 ob
1561 3074 1640 3137 id
1703 3073 2029 3138 occulta
2076 3071 2500 3136 considere
2545 3068 2881 3133 militem

576 3192 653 3249 et
699 3184 958 3248 cibum
1009 3204 1303 3266 capere
1351 3182 1609 3261 iubet3
1657 3182 2231 3264 speculatores
2278 3168 2883 3259 transfugarum

577 3293 802 3357 dicta
870 3290 1408 3355 adfirmantes
1465 3296 1895 3369 venerunt3
1964 3295 2127 3352 tum
2183 3287 2537 3352 sarcinis
2594 3287 2672 3348 in
2727 3304 2881 3347 me-

578 3402 786 3463 dium
863 3399 1267 3463 coniectis
1340 3418 1564 3462 arma
1632 3397 1971 3473 Romani
2046 3397 2383 3480 capiunt
2449 3399 2571 3457 cet.
2685 3391 2882 3454 Hiare

577 3509 942 3571 orationem
1001 3506 1258 3569 vinculo
1320 3512 1652 3569 carentem
1698 3506 1762 3568 in
1811 3505 1924 3569 illo
1972 3503 2265 3567 membro
2316 3500 2880 3584 speculatores

574 3651 661 3660 —
714 3620 1141 3691 venerunt,
1215 3619 1430 3695 patet3
1500 3615 1728 3694 itaque
1800 3612 2173 3695 superiores
2230 3610 2560 3674 interim
2616 3605 2885 3671 addide-

578 3731 731 3788 runt
777 3722 934 3805 (non
983 3721 1193 3786 solum
1239 3727 1470 3785 contra
1514 3721 1584 3799 P,
1636 3720 1751 3784 sed
1800 3726 2030 3784 contra
2064 3718 2133 3783 M
2167 3719 2375 3796 Voss,-
2423 3717 2574 3780 Lov.
2619 3721 2670 3792 1,
2719 3718 2777 3791 2,
2826 3717 2882 3790 3,

580 3831 784 3909 Harl.,
834 3830 1158 3909 Haverc.),
1207 3828 1780 3894 Weissenbornius
1828 3827 1968 3892 ubi
2014 3827 2182 3908 (ubi
2232 3861 2330 3906 ——,
2379 3824 2587 3905 tum).
2673 3820 2887 3886 Gemi-

578 3939 812 4003 nandae
851 3938 995 4002 duae
1030 3937 1264 4002 litterae
1305 3945 1520 4002 erant:
1569 3933 2563 4001 Ibi—militem—cibum
2599 3948 2885 4011 capere

580 4046 807 4111 iubet
853 4054 923 4109 et
972 4046 1547 4128 speculatores
1593 4081 1679 4089 —
1725 4050 2153 4123 venerunt3
2215 4049 2372 4107 tum
2420 4046 2541 4104 cet.
2643 4038 2887 4116 Tege-

503 4189 515 4201 ·
579 4154 781 4219 bant
828 4155 1093 4218 colles
1142 4175 1260 4237 pro
1309 4153 1708 4218 tenebant
1752 4161 1930 4218 recte
1977 4152 2429 4235 Kreyssigius;
2486 4148 2667 4212 loca
2714 4165 2886 4208 con-

578 4262 905 4343 fragosa
942 4267 1230 4326 tenent
1266 4261 1428 4325 nihil
1464 4268 1580 4339 est,
1617 4282 1737 4325 nec
1778 4267 1918 4339 c.1‚
1956 4265 1991 4323 ’7
2018 4260 2235 4323 Livius
2277 4264 2552 4322 castra
2586 4252 2887 4317 Punica

580 4371 778 4435 laeva
822 4370 1051 4452 (ablat.
1081 4370 1163 4451 c.)
1194 4376 1476 4433 tenere
1515 4369 1700 4448 dixit,
1741 4370 1857 4434 sed
1893 4370 2093 4432 laeva
2132 4368 2388 4449 (laevam
2425 4366 2544 4428 viae
2581 4358 2885 4446 partem).

580 4479 722 4543 Lib.
771 4478 1038 4557 XXXII,
1097 4483 1153 4558 5,
1208 4482 1282 4541 12
1331 4477 1511 4558 (nam
1558 4479 1610 4541 is
1659 4499 1915 4560 quoque
1962 4477 2146 4541 locus
2194 4471 2641 4557 comparatur)
2691 4468 2888 4533 statio
