3230 5282
1388 573 1511 636 725
2267 587 2392 643 Lib.
2427 587 2594 643 XLV.

282 735 644 838 ‘praesentis
677 760 991 842 temporis
1034 758 1326 834 verbum,
1373 757 1552 839 quod
1588 757 1838 824 nullam
1873 759 2132 825 omnino
2169 760 2588 846 ad-praeteri-
2626 775 2767 843 (603)

292 869 439 929 tum
525 863 1015 931 inclinationem
1105 863 1334 943 habet,
1425 865 1873 946 scribendum,
1962 874 2036 932 ut
2112 866 2302 945 alibi,
2383 864 2467 947 (v,
2548 885 2604 930 c.

293 973 470 1038 infra
503 979 606 1052 44,
648 975 773 1054 12),
818 974 1108 1051 velit.¹)
1154 974 1508 1058 Aliquanto
1554 976 1728 1041 infra
1764 975 1824 1058 (ξ
1850 976 1916 1058 9)
1965 975 2231 1042 acutula
2274 973 2607 1040 sententia

295 1081 529 1148 leviter
589 1088 904 1167 corrupta
958 1082 1657 1168 est:‚Philippum,
1725 1083 2240 1161 Antiochum,
2304 1081 2606 1148 Persea

295 1191 450 1272 (hoc
495 1198 624 1268 est,
670 1197 901 1256 nostra
946 1190 1210 1257 illorum
1255 1190 1445 1257 bellis
1491 1191 1700 1274 facta)
1750 1198 2158 1275 tamquam
2202 1198 2370 1256 tres
2432 1211 2603 1271 sen,-
2690 1205 2695 1224 ·

295 1301 967 1383 tentias-ponite3
1014 1300 1185 1365 duae
1230 1322 1368 1366 nos
1417 1300 1892 1378 absolvunt3
1960 1321 2120 1366 una
2165 1298 2414 1365 dubia
2460 1304 2603 1377 est,

295 1415 385 1473 ut
431 1409 759 1492 gravior
802 1408 929 1473 sit.
1021 1407 1309 1474 Enarrat
1354 1407 1717 1484 creverim,
1765 1429 1893 1491 quo
1939 1430 2070 1474 uno
2117 1408 2312 1474 modo
2358 1407 2604 1473 tentari

296 1519 629 1583 enarratio
676 1522 921 1600 potest,
990 1518 1249 1583 etiamsi
1316 1519 1402 1583 sit
1446 1519 1723 1602 gravior,
1793 1517 2064 1583 dubiam
2121 1538 2281 1582 esse.
2371 1517 2487 1594 At,
2546 1516 2603 1581 si
2688 1523 2695 1530 '

293 1627 662 1709 graviorem
708 1647 851 1691 esse
897 1625 1283 1692 conceditur
1329 1626 1479 1707 (hoc
1528 1633 1646 1705 est,
1693 1625 2180 1707 condemnare),
2224 1648 2353 1693 non
2401 1626 2605 1692 dubia

296 1744 422 1800 est.
512 1734 731 1800 Codex
777 1732 1008 1799 habet:
1078 1757 1233 1800 una
1281 1741 1418 1800 aut
1477 1734 1728 1800 dubia
1786 1741 1940 1814 est;
2008 1733 2423 1800 scribendum
2470 1742 2600 1802 est:

296 1865 451 1909 una
519 1843 614 1925 (in
658 1843 881 1908 Persei
924 1841 1097 1908 bello
1146 1844 1393 1927 posita)
1455 1852 1592 1909 aut
1651 1842 1899 1908 dubia
1944 1849 2064 1908 est
2108 1850 2231 1905 ut
2275 1845 2603 1926 gravior

297 1953 424 2018 sit.
515 1952 745 2018 Oratio
806 1972 884 2016 ex
931 1950 1389 2042 adfirmatione
1450 1960 1515 2017 et
1561 1952 1977 2017 concessione
2034 1952 2240 2016 mixta
2285 1960 2414 2017 est:
2463 1959 2602 2017 aut

295 2062 408 2125 sit
466 2081 656 2125 sane
717 2062 1024 2143 gravior
1094 2059 1434 2144 (fingatur,
1494 2082 1612 2126 nos
1659 2058 1884 2124 Persei
1928 2059 2101 2125 bello
2161 2060 2423 2144 culpam
2467 2082 2600 2127 me-

290 2170 535 2246 ruisse3
583 2190 712 2234 non
760 2168 1220 2234 damnabimur
1265 2189 1398 2234 una
1441 2169 1740 2251 graviore
1788 2168 2136 2244 sententia,
2186 2168 2446 2235 duabus
2482 2168 2599 2235 ab·

295 2276 754 2358 solventibus).
846 2276 1020 2361 [Non
1066 2277 1498 2355 attenderam,
1545 2277 1612 2341 in
1680 2277 1993 2360 proximis
2061 2277 2130 2341 in
2187 2275 2412 2341 codice
2469 2298 2599 2342 non

295 2406 437 2450 esse
483 2387 577 2464 si,
625 2384 805 2470 quod
850 2385 1164 2468 Grynaeus
1211 2392 1365 2469 post
1410 2385 1655 2451 nobis
1702 2384 1979 2449 addidit.
2049 2384 2125 2450 Id
2157 2384 2324 2450 latet
2369 2386 2436 2449 in
2468 2386 2596 2462 sit,

297 2493 715 2577 efficiturque
771 2495 1116 2578 perspicue
1162 2494 1303 2560 haec
1346 2516 1501 2560 vera
1546 2494 1902 2578 scriptura:
1950 2493 2115 2558 Una
2174 2500 2312 2558 aut
2356 2492 2601 2560 dubia

297 2611 426 2669 est
473 2609 611 2668 aut
655 2604 982 2686 gravior.
1065 2601 1143 2669 Si
1180 2602 1310 2668 illi
1349 2603 1440 2668 de
1478 2602 1716 2669 nobis
1753 2610 1873 2669 cet.
1953 2601 2167 2686 1864]
2240 2601 2599 2683 (Weissen-

287 2711 511 2776 bornii
578 2713 904 2796 scriptura
973 2714 1371 2777 sententiam
1437 2712 1687 2777 nullam
1744 2711 1980 2790 habet3
2048 2734 2201 2777 nam
2271 2714 2599 2778 sententia

291 2819 558 2896 iudicis,
617 2820 672 2884 si
738 2819 940 2886 dubia
1006 2826 1137 2899 est,
1203 2842 1333 2885 non
1393 2827 1494 2885 est
1538 2820 1827 2903 gravior3
1899 2820 2134 2885 deinde
2181 2819 2421 2885 Rhodii
2466 2842 2595 2887 non

289 2927 750 3007 adfirmabant,
818 2950 1052 3013 reapse
1099 2929 1280 2993 illam
1348 2929 1745 2993 sententiam
1813 2929 2175 3011 graviorem
2231 2949 2403 3007 esse,
2471 2929 2596 2996 hoc

289 3045 412 3113 est,
462 3036 724 3119 culpam
769 3034 1202 3118 fatebantur.)

328 3226 336 3239 .
467 3142 622 3229 Cap.
672 3149 772 3221 25,
822 3149 857 3208 3
907 3144 1048 3226 (ubi
1093 3145 1312 3210 Livius
1357 3166 1423 3210 se
1485 3149 1683 3227 negat
1728 3142 1995 3210 Catonis
2052 3146 2419 3210 orationem
2477 3167 2585 3211 ex·
2624 3157 2765 3226 (604)

288 3252 721 3338 positurum):
792 3253 961 3318 Non
1026 3256 1380 3319 inseram
1447 3252 1965 3318 simulacrum
2032 3254 2189 3318 viri
2259 3256 2592 3339 copiosi,

287 3383 456 3445 quae
505 3361 842 3440 dixerit,
901 3362 1362 3439 referend03
1430 3361 1693 3444 ipsius
1752 3362 2028 3427 oratio
2091 3364 2414 3447 scripta
2472 3386 2594 3430 ex-

287 3478 490 3547 stat,
538 3480 661 3536 cet.
752 3471 1042 3536 Primum
1099 3472 1437 3555 perinepte
1506 3472 1933 3556 gravissimus
2003 3480 2270 3538 senator
2338 3481 2402 3538 et
2459 3494 2594 3537 am-
2702 3456 2705 3457 ⁷

338 3760 384 3823 ¹)
422 3758 489 3812 In
524 3763 649 3812 tota
683 3758 788 3815 hac
826 3761 1099 3814 orationis
1136 3770 1296 3829 parte
1333 3763 1526 3817 Livius
1575 3766 1765 3819 locum
1818 3778 1885 3815 ex
1922 3761 2153 3816 Catonis
2192 3764 2451 3817 oratione
2489 3781 2591 3833 pro

420 3844 864 3912 Rhodiensibus,
922 3847 1017 3914 qui
1062 3846 1210 3915 apud
1249 3848 1485 3903 Gellium
1530 3850 1610 3903 VI
1649 3846 1825 3918 (VII),
1863 3850 1912 3912 3,
1948 3849 2153 3903 36-38
2201 3854 2450 3903 servatus
2488 3853 2591 3915 est,

425 3936 619 3999 aperte
658 3932 738 3984 ita
773 3932 1019 4000 respicit,
1061 3938 1123 3985 ut
1156 3931 1409 3988 Rhodios
1439 3935 1668 3989 Catonis
1706 3934 2073 4003 disputationi
2112 3939 2475 3989 occurrentes
2513 3934 2595 3988 in·

426 4014 620 4081 ducat;
658 4017 776 4085 ipse
814 4018 1073 4086 proximo
1113 4020 1297 4087 capite
1336 4020 1437 4087 (25,
1476 4021 1532 4088 2)
1571 4020 1799 4075 Catonis
1839 4021 2158 4074 orationem
2186 4023 2321 4088 post
2343 4018 2591 4073 Rhodio·

423 4118 548 4154 rum
585 4103 911 4167 orationem,
951 4119 1121 4170 quum
1157 4105 1454 4159 sententiae
1493 4105 1829 4171 dicerentur,
1855 4106 2109 4159 habitam
2136 4109 2343 4157 narrat.
2400 4104 2589 4174 (Apud

424 4184 667 4241 Gellium
721 4188 780 4240 in
834 4187 1058 4241 Tironis
1117 4190 1301 4243 verbis
1364 4187 1394 4258 ξ
1451 4193 1518 4246 35
1572 4209 1601 4245 e
1654 4192 1909 4260 vestigiis
1972 4191 2231 4244 codicum
2287 4186 2590 4259 [negavit

421 4288 589 4340 pene
646 4272 760 4325 sed
812 4273 1085 4341 ignosci
1141 4275 1321 4345 quia]
1380 4277 1548 4329 scribi
1603 4276 1801 4331 debet:
1859 4277 2146 4347 negavit
2202 4291 2401 4344 poena
2445 4291 2589 4327 esse

421 4357 674 4494 ἒῑειιυε,
715 4359 877 4426 quia
912 4358 981 4412 id
1017 4376 1152 4413 non
1188 4359 1550 4415 fecissent.
1622 4351 2154 4432 Negavit'paene
2204 4378 2427 4416 sensum
2475 4382 2589 4420 non

463 4443 629 4510 abet.)
