3230 5282
1392 616 1512 677 639
2266 629 2387 683 Lib.
2426 628 2594 683 XLII.

311 821 553 882 quam,
603 802 791 885 quid
840 802 916 865 in
964 808 1317 885 praetura
1359 801 1763 865 iuraverit
1807 800 1873 864 P.
1911 801 2308 880 LiciniuS,
2355 802 2598 866 anim·

311 910 885 974 advertendum
934 916 1277 974 censeat.
1372 908 1463 974 Se
1509 918 1766 974 tamen
1825 910 2183 974 futurum
2239 911 2320 975 in
2367 931 2595 975 sena-

309 1026 431 1084 tus
487 1025 930 1102 potestate.
1030 1017 1244 1101 Negat
1288 1026 1466 1082 recte
1511 1019 1613 1082 ius
1662 1018 2006 1083 iurandum
2050 1018 2302 1102 neglegi
2367 1040 2594 1102 posse3

309 1129 566 1192 senatui
612 1134 830 1191 tamen
879 1126 1242 1192 committit.
1311 1126 1551 1191 Fateor
1596 1134 1831 1205 tamen,
1877 1129 2223 1192 rectiorem
2268 1126 2406 1192 fore
2443 1147 2596 1192 con-

306 1236 577 1300 dicionis
624 1236 919 1314 formam,
969 1238 1021 1300 si
1069 1236 1160 1299 sic
1207 1234 1564 1299 scribatur:
1612 1257 1780 1317 quae
1824 1258 1974 1301 non
2017 1272 2100 1281 ——
2145 1243 2364 1300 recte
2404 1235 2596 1300 fieri

304 1366 570 1428 posse,
619 1344 772 1406 nlsl
817 1345 925 1425 (ni
970 1364 1089 1427 pro
1135 1349 1222 1407 nt
1266 1343 1332 1406 in
1381 1343 1742 1426 possent)
1790 1341 2148 1423 senatuS,
2209 1344 2405 1427 quid
2449 1365 2503 1407 v.
2551 1345 2591 1409 i.

306 1474 380 1528 c.,
447 1453 726 1538 potius
797 1460 939 1530 cet.,
999 1454 1083 1515 'ut
1151 1473 1298 1516 cum
1364 1452 1843 1535 improbatione
1913 1454 2280 1536 excipiatur
2345 1452 2595 1534 aliquid

301 1561 549 1643 (nisi);
598 1562 952 1645 depravato
1002 1560 1159 1625 nisi
1217 1560 1513 1624 additum
1568 1560 1912 1644 putabit-ur
1978 1584 2146 1626 non.
2237 1560 2447 1626 Unum
2492 1583 2595 1625 re·

302 1677 457 1749 stat3
527 1691 679 1735 nam
727 1692 841 1753 pro
889 1669 1138 1734 vellet
1182 1670 1249 1732 in
1295 1667 1419 1733 hac
1466 1670 1783 1733 orationis
1840 1669 2052 1734 forma
2118 1670 2301 1751 (nisi
2359 1691 2592 1735 sena-

301 1785 454 1852 tus,
506 1779 701 1862 quid
749 1815 850 1856 —,
897 1776 1699 1842 animadvertendum
1757 1777 2113 1857 censeat)
2162 1786 2227 1842 et
2272 1777 2395 1842 hac
2440 1799 2591 1842 con-

309 1888 657 1950 trariorum
710 1886 1182 1970 compositione
1234 1885 1450 1968 (quid
1498 1885 1753 1950 vellet
1797 1921 1880 1931 —
1927 1886 2116 1969 quid
2163 1887 2590 1967 iuraverit)

298 1996 670 2060 necessario
739 1994 1220 2059 restituendum
1288 2003 1390 2058 est
1446 1994 1736 2074 velit.¹)
1827 1994 1959 2059 Sub
2006 1994 2223 2059 finem·
2248 1996 2480 2078 capitis
2524 1997 2591 2059 in

300 2102 395 2167 his
443 2103 661 2168 verbis
709 2102 769 2185 (ξ
819 2102 912 2182 7);
983 2102 1235 2180 Quum
1280 2101 1596 2165 tribuni
1645 2102 1988 2166 militum
2035 2105 2590 2183 centuriones,

301 2212 436 2276 sed
485 2213 826 2295 primum
874 2230 1277 2291 quemque,
1325 2211 1701 2286 citarent,
1750 2219 1914 2275 tres
1963 2218 2036 2275 et
2080 2212 2374 2294 viginti
2424 2234 2591 2276 cen-

296 2322 697 2397 turioneS,
747 2320 879 2402 qui
925 2319 1226 2402 primos
1272 2318 1491 2401 pilos
1550 2318 1973 2385 duxerant.
2039 2320 2273 2384 citati
2330 2320 2582 2385 tribu·
2619 2330 2767 2398 (528)

296 2450 435 2493 nos
506 2428 775 2512 plebis
845 2427 1403 2511 appellarunt,
1469 2436 1646 2492 recte
1716 2425 2054 2491 Creverius
2113 2428 2589 2505 animadvertit,
2804 2410 2807 2413 Α

295 2536 641 2621 particulae
702 2536 839 2600 sed
899 2536 1110 2600 locum
1172 2557 1298 2599 non
1360 2557 1532 2616 esse;
1589 2535 1713 2599 hoc
1781 2537 1921 2619 ipso
1968 2510 2258 2601 liomines
2306 2536 2592 2601 offende-

289 2645 552 2724 bantur,
600 2645 772 2728 quod
821 2647 1235 2710 centuriones
1280 2646 1530 2730 primus
1567 2648 1843 2727 quisque
1893 2647 2266 2723 citarentur,
2312 2646 2435 2709 hoc
2471 2654 2588 2726 est,

294 2755 606 2818 continua
654 2754 848 2830 serie,
896 2753 1077 2818 nullo
1138 2753 1529 2833 discrimine,
1576 2773 1740 2836 quos
1788 2756 2058 2835 quisque
2095 2761 2288 2818 antea
2333 2753 2594 2818 ordines

292 2862 592 2927 duxisset
638 2862 808 2941 (vict.
858 2883 999 2944 quae
1040 2862 1118 2925 de
1157 2861 1628 2943 significatione
1675 2862 2015 2925 verborum
2054 2863 2338 2944 primus
2387 2863 2588 2943 quis-

295 2992 447 3054 que
501 2972 774 3052 exposui
825 2971 907 3034 ad
958 2969 1089 3033 Cic.
1125 2968 1372 3047 Fin.11‚
1421 2973 1499 3032 32
1546 2991 1605 3052 p.
1649 2970 1815 3048 318).
1887 2967 2101 3034 Codex
2148 2968 2376 3032 habet:
2426 2990 2591 3032 eum

286 3086 377 3142 tr.
425 3077 589 3143 mil.
640 3080 775 3161 qui
824 3079 1347 3142 centuriones
1384 3077 1519 3140 sed
1557 3079 1901 3160 primum
1939 3099 2347 3161 quemque.
2419 3076 2589 3140 Scri-

288 3186 573 3251 bendum
623 3195 753 3249 est:
825 3207 1058 3269 quum
1119 3184 1428 3249 tribuni
1485 3185 1665 3262 mil„
1715 3186 1850 3267 qui
1899 3186 2423 3249 centuriones
2470 3206 2587 3248 es-

293 3303 502 3374 sent,
550 3296 888 3378 primum
936 3314 1331 3376 quemque
1381 3293 1756 3357 citarent.
1848 3292 2107 3357 Erroris
2155 3295 2337 3375 origo
2384 3315 2463 3357 ex
2507 3315 2590 3357 es

292 3403 488 3468 semel
541 3403 784 3486 scripto
830 3402 1180 3466 manifesta
1227 3408 1344 3466 est.
1438 3398 1596 3499 [Cur
1643 3409 1916 3465 essent
1965 3401 2185 3466 Livius
2231 3402 2586 3484 scripserit,

285 3532 415 3575 non
462 3511 852 3588 fuissent,
914 3511 1160 3574 dictum
1208 3518 1309 3575 est
1352 3511 1417 3575 in
1463 3510 1669 3587 libro,
1718 3510 1818 3572 cui
1865 3510 2131 3574 titulum
2175 3509 2297 3574 feci
2355 3509 2591 3575 Kleine

288 3619 600 3702 philolog.
649 3618 996 3697 Schriften,
1043 3640 1103 3700 p.
1154 3622 1274 3682 516
1322 3640 1382 3682 n.
1430 3624 1497 3681 et
1541 3640 1600 3701 p.
1653 3620 1774 3680 522
1822 3615 1994 3702 sqq.]

458 3725 616 3810 Cap.
667 3731 764 3806 33,
818 3732 882 3789 l:
930 3726 1037 3790 Eo
1086 3725 1196 3807 (ad
1235 3725 1549 3790 subsellia
1583 3725 2024 3807 tribunorum)
2059 3727 2144 3791 M.
2181 3726 2588 3811 Popillius

288 3834 760 3900 consularis
808 3834 1284 3912 advocatuS,
1334 3834 1858 3899 centuriones
1907 3841 1987 3899 et
2033 3834 2318 3900 consul
2365 3856 2586 3899 vene-

284 3951 493 4009 runt.
574 3942 1153 4007 Enumerationem
1188 3943 1253 4006 in
1290 3941 1728 4006 membrorum
1776 3944 2236 4008 coniunctione
2282 3945 2588 4008 vitiosam

337 4147 388 4213 ¹)
426 4144 458 4216 ξ
498 4147 529 4200 5
566 4163 679 4200 non
721 4144 966 4199 debebat
1001 4145 1352 4214 Kreyssigius
1408 4146 1664 4200 dubitare
1731 4147 1867 4214 quin
1912 4147 1968 4200 in
2012 4146 2117 4201 hac
2166 4145 2372 4201 codicis
2422 4146 2590 4214 scrip-

421 4236 575 4286 tura:
622 4230 973 4284 Dilectum
1023 4231 1345 4285 consules
1391 4232 1613 4286 multo
1668 4232 2130 4306 intentiorem
2180 4249 2415 4285 curam
2465 4231 2588 4283 ha·

419 4316 685 4372 bebant
728 4334 842 4370 non
880 4320 995 4369 tam
1043 4316 1355 4372 dilectus
1412 4336 1576 4385 quam
1634 4318 2037 4370 intentiore
2092 4334 2260 4370 cura
2296 4318 2632 4370 restituen-·

422 4402 551 4456 dum
590 4406 752 4456 esset.
826 4401 952 4456 Non
992 4420 1179 4456 curam
1216 4402 1453 4456 dilectus
1494 4402 1748 4456 consules
1786 4401 2096 4469 habebant,
2146 4402 2242 4455 sed
2278 4403 2460 4472 ipsum
2509 4402 2589 4454 di-

423 4488 630 4541 lectum
665 4487 975 4543 intentiore
1012 4493 1109 4542 aut
1143 4486 1460 4542 remissiore
1499 4506 1646 4542 cura.
