3230 5282
1734 578 1770 640 6

598 765 862 849 scriptis
918 764 1410 830 adnotationem
1456 763 1811 840 eiusmodi,
1871 762 2087 847 qualis
2144 762 2212 826 in
2262 761 2486 827 codice
2533 767 2903 858 nostrorum

598 873 951 958 archetypo
1009 871 1165 951 fuit,
1234 894 1273 937 a
1328 872 1540 956 primo
1595 871 1708 936 illo
1755 871 2306 937 Nicomachorum
2354 870 2579 936 codice
2627 870 2905 935 alienam

595 982 833 1047 iudico,
953 982 1039 1046 Et
1113 982 1328 1064 ipsam
1408 980 1672 1062 quidem
1749 980 1931 1044 illam
2013 980 2279 1063 originis
2359 980 2905 1056 communionem,

600 1090 811 1155 ductae
891 1111 968 1154 ex
1047 1110 1177 1154 uno
1256 1087 1480 1153 codice
1558 1109 1687 1153 non
1755 1088 1985 1172 paucis
2053 1088 2306 1153 saeculis
2374 1107 2415 1151 a
2479 1087 2644 1152 Livii
2713 1093 2906 1152 aetate

600 1199 915 1277 seiuncto,
976 1199 1028 1263 si
1076 1196 1236 1261 nihil
1284 1197 1463 1262 aliud
1509 1203 1942 1280 quaereretur,
2001 1197 2165 1261 satis
2214 1202 2389 1261 esset
2432 1195 2719 1261 breviter
2761 1195 2909 1261 aliis

597 1307 989 1391 quibusdam
1048 1306 1442 1372 indiciorum
1499 1305 1849 1389 generibus
1911 1305 1995 1369 ad
2052 1304 2555 1388 subscriptionis
2612 1306 2908 1370 testimo-

597 1417 778 1480 nium
845 1415 1171 1480 adiunctis
1241 1414 1646 1479 confirmare.
1771 1414 2059 1478 Primum
2127 1415 2299 1481 enim
2367 1434 2497 1478 uno
2566 1418 2633 1477 et
2701 1412 2907 1477 altero

596 1519 760 1588 loco'
798 1523 999 1587 verba
1055 1524 1308 1605 aliquot
1367 1523 1462 1589 sic
1520 1544 1721 1607 pravo
1778 1523 1925 1588 loco
1984 1523 2336 1601 iterantur,
2398 1528 2473 1586 ut
2528 1542 2686 1586 casu
2731 1520 2799 1586 id
2845 1522 2909 1584 in

598 1630 899 1696 omnibus
946 1630 1282 1696 codicibus
1330 1631 1562 1696 eodem
1609 1632 1805 1696 modo
1852 1630 2100 1695 factum
2147 1652 2291 1695 esse
2337 1636 2642 1714 nequeat.
2745 1629 2906 1694 Eam

596 1761 734 1804 rem
779 1739 845 1804 in
891 1739 1057 1804 libro
1103 1740 1135 1803 I
1181 1761 1322 1823 cap.
1362 1745 1465 1819 48,
1512 1746 1551 1802 4
1590 1748 1655 1805 et
1690 1746 1725 1805 5
1763 1740 2013 1825 primus
2050 1737 2626 1803 Drakenborchius
2660 1738 2910 1805 notavit

598 1848 939 1930 (domum
1009 1870 1087 1912 se
1149 1848 1563 1931 reciperet
1617 1848 2313 1933 pervenissetque
2369 1846 2466 1911 ad
2527 1868 2908 1911 summum

597 1954 970 2039 Cyprium
1018 1957 1327 2037 vicum),
1377 1978 1494 2040 ego
1542 1964 1765 2021 autem
1811 1957 1877 2020 in
1924 1955 2095 2020 libro
2143 1952 2231 2017 VI
2269 1975 2322 2018 c.
2363 1958 2464 2032 42,
2516 1958 2591 2017 12
2639 1953 2912 2035 (causa

596 2064 959 2129 libenter
1003 2064 1444 2144 facturos),
1506 2065 1587 2128 de
1647 2085 1777 2145 quo
1821 2064 1969 2128 loco
2018 2063 2178 2127 mihi
2223 2061 2797 2126 Weissenbornius
2845 2068 2910 2125 et

596 2172 899 2237 Hertzius
948 2173 1198 2237 assensi
1247 2179 1432 2251 sunt3
1513 2171 1871 2254 eodemque
1933 2172 2266 2254 pertinent
2322 2170 2387 2233 in
2432 2169 2602 2234 libro
2647 2168 2754 2248 IV,
2810 2173 2914 2246 43,

495 2286 568 2352 (6)
604 2285 644 2344 4
700 2278 1045 2345 verborum
1103 2301 1143 2346 a
1199 2278 1676 2346 consulibus
1734 2279 1906 2343 intra
1951 2278 2144 2344 breve
2193 2279 2480 2362 spatium
2523 2279 2910 2361 repetitio.¹)

597 2388 848 2453 Deinde
927 2388 1180 2472 aliquot
1255 2387 1416 2452 locis
1497 2386 1696 2452 verba
1773 2388 1839 2451 in
1923 2386 2222 2452 omnibus
2301 2385 2638 2450 codicibus
2718 2387 2909 2451 omit-

600 2503 829 2561 tuntur
874 2502 990 2561 aut
1035 2495 1268 2560 saltem
1315 2496 1380 2560 in
1429 2494 1728 2560 omnibus
1775 2502 2015 2577 praeter
2059 2495 2551 2561 recentissimos
2598 2502 2664 2560 et
2707 2495 2910 2559 inter-

597 2604 856 2689 polatos
928 2604 1030 2684 (ut
1074 2603 1203 2683 III,
1261 2608 1365 2684 47,
1419 2609 1479 2683 4,
1541 2602 1656 2669 ubi
1711 2604 1835 2669 ius
1894 2624 2026 2669 non
2079 2603 2321 2687 legitur
2378 2604 2502 2668 nisi
2561 2604 2627 2668 in
2682 2625 2910 2669 recen·

596 2713 865 2778 tissimis
917 2712 1251 2778 codicibus
1298 2720 1364 2779 et
1408 2715 1476 2788 in
1521 2712 1754 2778 horum
1798 2714 2091 2797 ipsorum
2135 2712 2418 2796 aliquot,
2466 2719 2540 2777 ut
2588 2711 2908 2778 Gaertne-

598 2822 785 2886 riano
843 2827 910 2886 et
965 2819 1331 2903 fragmento
1378 2822 1969 2905 Havercampiano,
2017 2843 2056 2886 a
2104 2821 2392 2886 secunda
2450 2841 2649 2885 manu
2693 2820 2908 2886 alieno

596 2929 740 2994 loco
785 2931 1122 3007 insertum,
1170 2929 1274 3008 IV,
1312 2935 1369 3009 3,
1412 2935 1506 3009 10,
1544 2929 1658 2994 ubi
1693 2929 2165 2994 auctoribus
2199 2936 2459 2994 tantum
2489 2930 2559 2993 in
2586 2929 2910 3012 Lipsiensi

597 3045 666 3103 et
712 3036 928 3102 Lovel.
976 3046 1213 3120 quarto
1269 3039 1627 3120 reperitur,
1684 3039 1749 3101 in
1798 3044 2074 3120 utroque
2122 3059 2162 3101 a
2205 3037 2494 3102 secunda
2537 3058 2761 3117 manu,
2807 3037 2912 3112 lv,

598 3150 667 3225 6,
716 3149 784 3225 2,
842 3145 954 3209 ubi
1024 3145 1266 3210 excidit
1332 3145 1608 3210 alterius
1669 3145 1991 3222 consuliS,
2063 3146 2175 3229 qui
2229 3145 2495 3210 tribuno
2553 3146 2909 3229 respondit,

597 3274 863 3332 nomen,
912 3252 1017 3331 IV,
1066 3257 1177 3330 25,
1226 3258 1293 3331 4,
1340 3253 1453 3331 IX,
1502 3258 1558 3332 3,
1612 3259 1708 3332 10,
1757 3276 1837 3319 ne
1885 3276 1999 3319 eos
2045 3255 2225 3318 locos
2270 3275 2798 3333 commemorem,
2842 3255 2913 3318 in

599 3362 836 3445 quibus
869 3363 1009 3446 ipse
1032 3361 1201 3426 hanc
1226 3362 1665 3444 suspicionem
1689 3364 1875 3442 movi,
1903 3363 1984 3438 ΙΙ,
2013 3366 2112 3441 38,
2138 3367 2195 3440 2,
2220 3362 2325 3438 IV,
2357 3368 2452 3441 10,
2480 3366 2535 3441 3,
2560 3360 2649 3441 X,
2675 3366 2731 3441 2,
2759 3367 2814 3440 6,
2839 3359 2914 3440 X,

974 3537 1065 3544 2-—

664 3605 697 3670 ')
735 3604 991 3659 Priorum
1028 3604 1249 3657 illarum
1286 3604 1667 3671 iterationum,
1705 3605 1763 3659 in
1791 3607 1990 3675 quibus
2019 3606 2240 3675 longius
2279 3606 2525 3674 spatium
2553 3604 2910 3659 interiectum

736 3693 839 3755 est,
875 3706 1043 3743 causa
1076 3688 1242 3743 fuisse
1279 3689 1523 3757 videtur,
1561 3691 1713 3759 quod
1750 3691 2009 3748 librarius
2055 3693 2346 3758 antiquus,
2384 3691 2646 3744 absoluta
2680 3689 2913 3756 codicis,

737 3792 902 3843 quem
947 3776 1315 3844 sequebatur,
1363 3775 1537 3830 altera
1583 3781 1682 3829 aut
1726 3778 1987 3832 columna
2029 3778 2254 3848 paginae
2302 3781 2400 3829 aut
2435 3776 2669 3844 pagina,
2708 3781 2804 3829 aut
2840 3775 2914 3829 ad

737 3859 881 3926 eius,
928 3876 1093 3928 quam
1139 3859 1248 3914 iam
1294 3861 1692 3932 descripserat,
1749 3863 1972 3917 initium
2027 3880 2215 3917 errore
2267 3860 2498 3915 redierit
2541 3865 2638 3913 aut
2681 3879 2797 3915 non
2845 3861 2917 3915 ad

737 3945 1051 4013 proximam
1086 3951 1429 4015 sequentem,
1466 3948 1565 4002 sed
1600 3948 1672 4001 ad
1699 3950 1925 4003 tertiam
1950 3948 2258 4015 transierit,
2287 3944 2488 4001 deinde
2518 3963 2705 4000 errore
2737 3947 2913 4001 anim·

738 4030 972 4083 adverso
1014 4047 1207 4085 verum
1245 4037 1468 4087 secutus
1505 4034 1592 4087 sit.
1665 4034 1732 4088 In
1766 4035 1910 4089 libro
1947 4035 2048 4102 VI,
2084 4037 2152 4089 42
2187 4034 2335 4087 inter
2370 4031 2544 4085 verba
2579 4033 2668 4087 bis
2707 4033 2918 4103 scripta

737 4116 1014 4170 intersunt
1052 4117 1257 4171 litterae
1298 4121 1419 4186 144;
1466 4119 1527 4173 in
1562 4120 1760 4175 codice
1795 4121 2158 4191 palimpsesto
2197 4118 2482 4173 Ciceronis
2531 4119 2799 4173 librorum
2845 4119 2917 4172 de

738 4219 795 4254 re
832 4202 1058 4270 publica
1095 4203 1330 4273 singulae
1369 4206 1646 4258 columnae
1682 4205 1903 4259 litteras
1939 4206 2150 4261 habent
2180 4211 2445 4261 centenas
2479 4205 2912 4274 quinquagenas.

739 4288 801 4341 In
857 4288 1052 4341 codice
1104 4288 1268 4343 huius
1321 4289 1497 4358 ipsius
1553 4289 1778 4344 decadis
1830 4290 2081 4346 Livianae
2135 4291 2438 4346 Pariaiensi
2492 4291 2639 4343 libro
2692 4289 2771 4356 X,
2833 4292 2916 4356 14,

741 4376 912 4427 7-10
963 4373 1164 4428 lacuna
1219 4379 1304 4428 est
1356 4375 1671 4430 litterarum
1722 4374 1836 4429 fere
1888 4379 1992 4431 5¹70
2045 4383 2142 4432 aut
2195 4380 2321 4441 5803
2378 4382 2465 4431 tot
2508 4376 2680 4444 igitur
2721 4373 2919 4442 solium

744 4459 1036 4529 archetypi
1072 4458 1286 4513 habuit.
