3230 5282
1435 616 1557 680 693
2321 624 2444 678 Lib.
2481 622 2676 680 XLIV.

369 806 525 886 quia
570 825 649 868 ex
694 802 775 869 iis
819 803 1149 868 Eumenes
1197 809 1263 867 et
1305 802 1587 867 Perseus
1634 807 1958 882 δυσμενείαν
2004 806 2142 880 πρὸς
2204 803 2460 873 ἀλλήλους
2515 797 2679 872 εἶχον,

363 919 626 996 poterat
669 913 875 994 magis
935 911 1262 977 rhetorice
1329 917 1562 975 auctas
1629 911 1923 993 ipsorum
1993 906 2158 974 odiis
2229 906 2481 986 dicere;
2551 925 2678 969 non

363 1026 628 1104 poterat
674 1040 946 1104 pravam
993 1021 1167 1085 inter
1211 1019 1350 1084 haec
1406 1018 1535 1083 duo
1600 1017 2165 1102 comparationem
2212 1013 2452 1079 inferre
2502 1013 2571 1093 (n
2588 1035 2681 1077 on

364 1136 523 1194 tam
567 1164 653 1173 —
698 1127 981 1212 quam).
1071 1126 1457 1192 Tollendum
1505 1132 1607 1191 est
1653 1127 1855 1210 igitur
1900 1146 2169 1207 quam,
2227 1122 2336 1187 hic
2392 1127 2467 1186 ut
2523 1121 2681 1187 alibi

364 1257 565 1321 prave
611 1237 912 1302 additum
958 1236 1041 1302 ob
1087 1235 1464 1319 praecedens
1510 1242 1702 1314 tam3
1745 1233 1844 1299 illi
1891 1236 2062 1298 enim
2107 1241 2266 1297 no‘n
2313 1237 2469 1295 tam
2505 1230 2669 1296 libe-
2706 1237 2848 1308 (574)

364 1347 538 1411 riore
587 1345 902 1411 orationis
957 1343 1172 1409 forma
1239 1344 1349 1423 (de
1419 1364 1549 1426 qua
1594 1342 1729 1407 dixi
1786 1343 1869 1408 ad
1927 1339 2059 1406 Cic.
2117 1340 2257 1404 Fin.
2304 1338 2353 1418 Ι,
2421 1345 2449 1403 1
2502 1362 2563 1423 p.
2611 1339 2680 1420 4)

367 1454 536 1518 haec:
583 1475 739 1518 non
807 1474 903 1548 ewa
968 1474 1251 1535 regum
1308 1451 1737 1517 aemulatio
1787 1459 1908 1516 cet.
1958 1448 2223 1534 (quibus
2272 1446 2682 1531 significatur

370 1571 661 1637 ζηλοτυπία
706 1572 763 1624 ἐκ
808 1569 904 1624 τοῦ
945 1569 1035 1637 τῆς
1096 1566 1265 1642 ἀρχῆς
1311 1558 1631 1643 ὁμογενοῦς)
1700 1561 1795 1624 ita
1850 1558 2281 1642 respondent,
2341 1564 2416 1621 ut
2461 1556 2681 1620 Livius

369 1692 500 1736 non
545 1677 683 1734 tam
732 1691 811 1735 ex
855 1671 1128 1753 privatis
1172 1669 1396 1734 Persei
1455 1677 1522 1734 et
1564 1669 1877 1733 Eumenis
1939 1666 2301 1732 inimicitiis
2360 1685 2557 1746 quam
2604 1686 2683 1728 ex

366 1778 616 1843 invidia
661 1786 730 1842 et
773 1777 1189 1843 aemulatione
1246 1799 1471 1861 regum
1540 1777 1866 1842 communi
1934 1781 2394 1857 argumentum
2462 1773 2682 1852 ducat,

369 1909 547 1970 quae,
598 1887 859 1952 etiamsi
913 1885 1043 1951 illae
1098 1886 1295 1951 nullae
1339 1885 1644 1963 fuissent,
1709 1884 2064 1949 Eumenem
2124 1904 2165 1948 a
2209 1883 2450 1947 Perseo
2497 1882 2683 1947 adiu-

370 1995 587 2060 vando
652 2001 1044 2060 revocatura
1108 1992 1328 2059 fuerit.
1419 1994 1507 2059 Ut
1568 1993 1743 2059 solet
1780 1993 2034 2072 Livius,
2105 2012 2248 2074 quae
2306 2012 2346 2055 a
2403 1990 2680 2074 Polybio

372 2103 601 2182 vertit,
646 2099 881 2168 leviter
923 2103 1212 2180 variare,
1281 2103 1378 2167 ita
1422 2101 1527 2166 hic
1571 2101 2006 2167 aemulationis
2051 2102 2179 2165 vim
2226 2098 2523 2164 nonnihil
2572 2120 2679 2164 ex·

370 2212 544 2289 tulit,
592 2211 1078 2276 inimicitiarum
1113 2200 1368 2274 minuit.
1441 2208 1777 2292 [Fortasse
1813 2210 2007 2275 scrib.
2045 2210 2275 2273 etiam:
2321 2229 2474 2272 non
2511 2212 2684 2271 tan-

372 2328 543 2384 tum
601 2320 791 2402 quia
845 2317 979 2401 —.]
1080 2318 1308 2384 Potest
1360 2317 1531 2398 fieri,
1591 2325 1668 2383 ut
1722 2325 1871 2401 post
1926 2336 2297 2382 accensae
2368 2315 2687 2382 exciderit

378 2427 524 2493 sed
585 2427 756 2509 (sed
822 2448 975 2492 non
1043 2427 1191 2510 ea);
1257 2448 1408 2491 nam
1462 2425 1576 2502 illo
1625 2427 1864 2491 omisso
1911 2424 2107 2509 paulo
2167 2425 2499 2490 duriorem
2545 2444 2688 2489 esse

377 2537 745 2602 orationem
776 2557 907 2599 non
942 2556 1126 2618 nego.
1196 2533 1538 2600 Postremo
1585 2536 1652 2599 in
1699 2535 2077 2600 coniectura
2110 2533 2432 2616 relinquo,
2478 2532 2683 2612 hisne,

376 2645 622 2729 quibus
709 2651 1080 2727 removetur
1144 2644 1359 2708 inanis
1441 2644 1522 2709 de
1600 2644 1892 2709 Eumene
1980 2643 2290 2726 suspicio,
2361 2663 2470 2722 ea,
2540 2663 2686 2725 quae

374 2774 534 2819 vera
579 2753 803 2818 Livius
848 2759 1067 2836 putat,
1127 2752 1221 2817 sic
1266 2752 1664 2817 adiunxerit:
1711 2753 2046 2815 Oeten-
2108 2750 2507 2815 cernebat
2564 2757 2685 2814 cet.

375 2861 627 2928 Saltem
693 2860 1070 2944 aptissimus
1141 2860 1198 2924 is
1264 2861 1583 2924 transitus
1652 2868 1841 2925 esset.
1932 2858 2181 2924 Eodem
2262 2860 2476 2942 capite
2545 2856 2579 2940 ἓ
2648 2861 2685 2923 9

377 2972 461 3036 de
550 2970 879 3048 mercede,
950 2989 1149 3052 quam
1214 2967 1570 3045 Eumenes»,
1651 2975 1769 3032 aut
1844 2973 1918 3032 ut
1984 2968 2353 3049 quiesceret
2430 2973 2547 3031 aut
2612 2973 2686 3031 ut
2724 3006 2743 3017 -

375 3100 608 3164 pacem
682 3100 828 3143 cum
894 3078 1206 3142 Romanis
1272 3076 1512 3140 Perseo
1580 3082 1896 3160 patraret,
1978 3076 2466 3159 paciscebatur,
2532 3073 2686 3138 Per·

380 3189 607 3272 seique
673 3189 741 3252 in
820 3208 899 3252 ea
975 3208 1046 3251 re
1124 3185 1662 3267 tergiversatione
1745 3186 1839 3250 sic
1919 3183 2261 3249 scribitur:
2351 3181 2501 3247 Ubi
2590 3182 2687 3246 ad

376 3293 746 3380 pecuniae
812 3296 1308 3360 mentionem
1374 3300 1698 3358 ventum
1770 3301 1981 3372 erat,
2044 3292 2162 3357 ibi
2229 3290 2690 3356 haesitabat

381 3404 721 3485 (Perseus)
781 3412 858 3469 et
916 3404 1209 3486 utique
1277 3401 1619 3466 alteram
1677 3402 1901 3485 (quam
1957 3401 2315 3479 Eumenes,
2373 3406 2447 3463 ut
2507 3400 2687 3483 quie-

389 3520 624 3591 sceret,
714 3511 1218 3595 paciscebatur)
1283 3512 1359 3574 in
1427 3512 1647 3574 tanti
1714 3511 2053 3574 nominis
2118 3508 2451 3591 regibus
2516 3514 2688 3572 tur-

378 3642 554 3705 pem
622 3641 710 3685 ac
779 3620 1190 3685 sordidam
1279 3626 1356 3683 et
1436 3619 1666 3683 danti
1745 3627 1820 3682 et
1901 3618 2156 3701 magis
2235 3616 2687 3701 accipienti

379 3729 847 3793 mercedem
894 3749 1096 3792 esse.
1186 3726 1553 3792 Malebat
1612 3728 1693 3790 in
1739 3748 1963 3810 spem
2007 3727 2378 3791 Romanae
2444 3725 2687 3808 pacis

380 3859 539 3902 non
585 3858 989 3902 recusare
1035 3837 1523 3920 impensam,
1592 3834 1730 3899 sed
1790 3854 1961 3898 eam
2019 3832 2457 3916 pecuniam
2502 3853 2686 3917 per·

382 3947 610 4011 fecta
652 3967 735 4010 re
783 3945 1192 4024 daturum3
1259 3945 1580 4008 interea
1626 3941 2175 4033 Samothracae
2242 3943 2321 4006 in
2381 3940 2687 4024 templo

384 4055 971 4138 depositurum,
1063 4052 1137 4116 In
1205 4052 1307 4118 his
1375 4051 1505 4116 duo
1576 4057 1731 4116 sunt
1797 4050 2064 4129 menda,
2121 4051 2307 4133 prius
2368 4049 2576 4114 levius
2622 4054 2689 4113 et

381 4163 648 4228 sublatu
691 4162 971 4227 facilius.
1062 4160 1234 4226 Nam
1277 4167 1352 4225 ut
1396 4160 1608 4225 feram
1652 4160 2021 4224 mercedem
2087 4159 2167 4221 in
2226 4157 2489 4240 regibus
2548 4163 2687 4221 tur-

382 4292 533 4354 pem
580 4271 727 4348 dici,
775 4271 1008 4335 saltem
1053 4289 1185 4333 non
1251 4267 1525 4332 ferenda
1591 4288 1897 4333 merces
1962 4268 2040 4331 in
2109 4265 2445 4348 regibus
2514 4285 2686 4329 sor-

386 4378 582 4444 dida
650 4387 727 4444 et
794 4372 1024 4443 d'anti
1091 4384 1168 4442 et
1234 4377 1729 4459 accipienti;
1778 4376 2038 4440 dativus
2086 4395 2257 4438 unus
2304 4375 2522 4439 locum
2570 4372 2687 4436 ha-

382 4486 526 4566 bet3
571 4488 976 4571 praepositio,
1024 4491 1101 4550 ut
1147 4506 1341 4568 saepe,
1390 4492 1535 4550 orta
1579 4506 1658 4549 ex
1703 4484 1929 4549 littera
1971 4503 2030 4545 ι
2075 4482 2487 4565 praecedenti.
2558 4480 2688 4546 Sed

386 4596 649 4678 gravius
697 4594 976 4659 alterum
1022 4600 1124 4659 est
1169 4594 1486 4658 orationis
1554 4599 1622 4657 et
1667 4592 2004 4657 sententiae
2060 4591 2309 4656 vitium.
2401 4590 2691 4653 Primum
