3230 5282
1434 540 1557 602 679
2278 553 2402 609 Lib.
2439 555 2634 611 XLIV.

343 723 736 808 Weissenbz]
765 726 1074 791 Extremo
1100 746 1357 808 quoque
1382 727 1599 810 capite
1625 724 1685 808 (ἓ
1708 728 1784 789 12
1809 733 1876 791 et
1896 725 1999 807 13)
2017 726 2265 811 aliquid
2283 736 2383 794 est
2396 729 2633 795 mendi.

346 833 455 900 Sic
480 835 652 899 enim
686 854 860 899 nunc
895 833 1233 899 scribitur:
1271 825 1605 916 (Romani)
1646 833 2006 917 degressi
2040 835 2118 900 in
2165 856 2489 921 campos
2525 838 2636 902 in-

343 942 971 1008 ter-Heracleum
1008 941 1597 1008 etLibethrum
1630 950 2076 1025 posuerunt
2112 951 2387 1010 castra
2420 944 2636 1028 pedi·

342 1057 536 1129 tum,
584 1071 916 1135 quorum
945 1071 1150 1144 ¹pars
1184 1051 1434 1116 maior
1466 1050 1826 1117 tumulos
1860 1051 2223 1132 tenebat;
2268 1052 2387 1118 ibi
2421 1053 2636 1119 vallo

342 1157 518 1240 (cod.
566 1158 810 1239 valle)
856 1161 1113 1243 campi
1157 1180 1470 1244 quoque
1514 1164 1848 1242 partem,
1895 1159 2027 1225 ubi
2073 1181 2314 1244 eques
2361 1161 2637 1226 tende-

344 1274 501 1347 ret,
583 1267 1311 1351 amplectebantur.
1422 1266 1552 1334 Sed
1627 1287 1837 1352 neque
1902 1268 2264 1352 peditum
2330 1277 2639 1353 separata

343 1382 566 1440 castra
630 1396 938 1460 umquam
1004 1375 1419 1460 ponebantur
1464 1374 1668 1458 (quod
1727 1377 1781 1441 si
1837 1375 2052 1457 fieret,
2124 1377 2376 1461 pedites
2420 1384 2637 1443 castra

343 1485 645 1567 posuisse
703 1485 1096 1564 dicerentur,
1165 1505 1295 1549 non
1361 1483 1703 1568 peditum),
1772 1491 1837 1550 et
1892 1493 2263 1569 repugnant
2327 1487 2637 1570 proxima,

343 1612 492 1674 quae
538 1592 766 1657 eadem
813 1600 1031 1658 castra
1077 1594 1291 1677 campi
1343 1599 1597 1677 partem
1655 1592 1997 1677 complexa
2063 1615 2205 1659 esse
2252 1594 2636 1676 ostendunt;

341 1708 490 1766 tum
523 1702 1087 1784 perversissimum
1125 1707 1230 1766 est
1272 1700 1406 1780 ibi,
1454 1701 1650 1786 quod,
1698 1721 1830 1784 quo
1863 1700 2206 1782 referatur,
2252 1723 2384 1768 non
2419 1702 2637 1784 habet,

343 1810 473 1874 nisi
516 1808 695 1875 dicas
737 1811 805 1874 in
850 1809 1116 1875 tumulis
1159 1815 1414 1893 partem
1450 1810 1662 1894 campi
1698 1808 1866 1875 vallo
1904 1809 2440 1895 comprehensam
2474 1832 2635 1877 esse.

345 1914 625 2000 Opinor,
672 1917 1035 2000 peditum
1077 1938 1313 1983 nomen
1357 1924 1629 2002 propter
1672 1917 2035 1985 subiectam
2078 1920 2319 2003 equitis
2363 1919 2638 1986 mentio·

342 2046 495 2090 nem
539 2024 839 2092 additum
884 2046 1022 2091 esse
1067 2025 1150 2091 ab
1196 2025 1436 2108 alique,
1485 2028 1589 2091 cui
1635 2046 1765 2092 non
1809 2028 1971 2093 satis
2017 2035 2206 2107 esset,
2254 2049 2333 2093 ex
2375 2028 2522 2112 ipsa
2564 2049 2637 2094 re

341 2131 663 2216 intellegi,
728 2134 1044 2200 maiorem
1088 2134 1269 2200 illam
1311 2140 1676 2200 castrorum
1719 2142 1977 2220 partem
2020 2135 2275 2220 pedites
2317 2137 2626 2217 tenuisse,
2663 2138 2809 2207 (562)

341 2261 556 2324 eoque
601 2243 839 2309 omisso
886 2241 1300 2308 scribendum
1345 2263 1519 2308 esse:
1587 2250 2045 2327 posuerunt
2101 2252 2409 2324 castra,
2457 2266 2637 2330 quo·

343 2371 512 2416 rum
566 2372 752 2434 pars
806 2351 1063 2416 maior
1118 2350 1481 2417 tumulos
1536 2352 1899 2432 tenebat;
1967 2352 2160 2415 alm
2208 2352 2320 2436 (ab
2367 2351 2498 2418 alio
2543 2352 2639 2418 la·

339 2458 515 2540 tere)
561 2459 774 2525 vallo
821 2458 1082 2542 campi
1127 2479 1440 2542 quoque
1486 2467 1828 2543 partem,
1883 2462 2021 2526 ubi
2067 2482 2309 2545 eques
2354 2460 2638 2527 tende·

343 2574 502 2648 ret,
551 2567 1277 2652 amplectebantur.
1359 2566 1647 2652 [Potiusz
1703 2569 1857 2634 ima
1902 2569 2101 2635 valli
2148 2571 2406 2655 campi
2454 2590 2636 2655 quo·

342 2699 494 2764 que
542 2684 852 2762 partem
895 2712 980 2724 —-
1025 2676 1770 2760 amplectebantur,
1819 2684 1965 2744 aut:
2033 2680 2185 2745 imo
2244 2678 2463 2745 vallo
2511 2686 2633 2745 cet.

346 2790 529 2852 1864.
616 2786 917 2866 Lacunae,
962 2806 1162 2871 quam
1206 2785 1564 2851 Vahlenius
1611 2787 1874 2865 statuit,
1922 2807 2052 2852 non
2097 2787 2259 2852 satis
2307 2793 2490 2853 certa
2536 2788 2634 2851 in-

343 2895 517 2961 dicia
560 2895 864 2961 videntur
908 2893 1102 2976 esse]
2515 2956 2520 2962 Δ

515 3002 673 3087 Cap.
722 3007 780 3081 6,
826 3007 884 3067 2.
975 3002 1098 3067 Hic
1141 3001 1353 3079 locus,
1421 3021 1614 3084 quem
1671 3001 1984 3086 Grynaeus
2040 3000 2229 3068 valde
2287 3002 2637 3068 infeliciter

338 3111 792 3196 interpolavit,
849 3109 1188 3176 Bekkerus
1246 3116 1313 3175 et
1367 3108 1935 3176 Weissenbornius
2001 3109 2229 3190 talem,
2298 3110 2513 3194 qualis
2569 3111 2637 3175 in

340 3220 566 3286 codice
613 3226 918 3304 corrupte
965 3219 1253 3302 scriptus
1300 3224 1420 3296 est,
1479 3217 1904 3302 reliquerunt,
1952 3218 2199 3284 additis
2240 3225 2496 3285 tantum
2540 3219 2636 3284 la·

343 3349 527 3394 cunae
570 3329 763 3409 notiS,
810 3328 936 3392 etsi
981 3348 1113 3393 non
1157 3347 1429 3410 prorsus
1473 3325 1909 3410 redintegrari
1953 3333 2206 3411 potest,
2253 3326 2429 3410 quod
2473 3347 2635 3392 non·

341 3437 526 3503 nulla
568 3435 968 3514 exciderunt,
1013 3441 1236 3500 tamen
1279 3435 1604 3516 insignem
1640 3434 1876 3518 recipit
1920 3434 2442 3505 emendationem
2487 3455 2636 3500 cum

341 3546 616 3612 alterius
660 3544 787 3610 loci
834 3544 1238 3609 correctione
1282 3564 1415 3610 non
1460 3543 1674 3607 minus
1720 3542 1964 3625 insigni
2007 3543 2439 3610 coniunctam.
2511 3539 2635 3609 Co-

342 3654 507 3720 dicis
553 3654 724 3718 enim
771 3653 1103 3736 scriptura
1146 3649 1522 3717 huiusmodi
1569 3657 1697 3716 est:
1746 3650 2073 3732 (Perseus,
2120 3653 2352 3718 nuntio
2401 3652 2481 3717 de
2527 3673 2635 3718 ex·

342 3764 555 3830 ercitu
600 3761 893 3826 Romano
940 3780 1058 3842 per
1100 3766 1354 3825 montes
1410 3760 1476 3823 in
1518 3757 1972 3825 Macedoniam
2018 3759 2328 3826 traducto
2375 3768 2633 3844 pertur-

339 3870 564 3952 batus)
633 3867 966 3935 subinde
1035 3888 1171 3952 per
1216 3867 1558 3950 aliaquae
1617 3866 1793 3950 (edd.
1849 3888 1991 3951 per
2046 3869 2211 3943 alia
2275 3868 2634 3950 aliaque;

342 3979 540 4045 scrib.
587 3978 843 4062 potius:
913 3997 1052 4059 per
1097 3974 1260 4040 alia
1305 3982 1548 4060 atque
1595 3974 1862 4056 alia)¹)
1924 3975 2221 4059 pavida
2282 3975 2634 4042 consilia

389 4251 436 4318 ι)
472 4248 666 4303 Alius
720 4248 1059 4319 aliusque,
1117 4248 1329 4303 aliter
1382 4247 1728 4317 aliterque
1785 4247 1935 4316 apud
1986 4245 2205 4301 Celsum
2258 4251 2315 4301 et
2360 4243 2629 4301 Senecam

476 4335 603 4405 (Ep.
639 4337 723 4401 88,
761 4337 846 4402 34,
902 4334 961 4403 Q.
999 4331 1062 4387 N.
1108 4333 1178 4401 11,
1214 4336 1297 4399 32,
1341 4336 1393 4397 7,
1441 4332 1519 4387 IV
1568 4331 1726 4403 praef.
1764 4333 1853 4399 22)
1908 4336 1964 4386 et
2014 4330 2255 4386 fortasse
2301 4332 2450 4402 apud
2495 4330 2630 4385 alios
2675 4404 2678 4408 Δ

475 4422 785 4490 reperitur-3
841 4422 976 4476 boni
1046 4421 1349 4489 scriptores
1407 4419 1581 4474 alius
1639 4423 1839 4488 atque
1893 4417 2104 4483 alius,
2159 4416 2369 4472 aliter
2432 4423 2636 4485 atque
