3230 5282
562 616 686 670 Lib.
724 616 975 670 XXVIII.
1657 609 1782 667 406

561 809 697 851 rem
765 794 882 852 aut
950 790 1344 854 sententiam
1410 791 1478 854 in
1534 790 1662 854 hoc
1715 790 1863 857 loco
1921 792 2253 874 pertinere
2311 792 2527 885 nego.)
2639 792 2870 873 Itaque

563 895 1107 961 considerandum
1176 904 1365 980 put0,
1445 898 1828 980 potueritne
1898 899 2143 964 duces
2209 899 2582 982 geminandi
2649 921 2873 965 errore

561 1005 743 1068 nasci
811 1025 891 1068 ex
958 1003 1185 1084 duos,
1264 1013 1339 1069 ut
1418 1008 1606 1070 initio
1688 1013 1947 1070 tantum
2028 1009 2345 1091 scriptum
2422 1007 2652 1071 fuerit:
2733 1008 2871 1072 ad-

560 1132 839 1175 versus
899 1112 1101 1176 duos
1145 1113 1716 1195 imperatores.
1820 1101 2168 1195 [Kochius:
2238 1115 2626 1180 adversus
2673 1115 2870 1180 duas

561 1221 804 1297 acies,
851 1219 1053 1285 duos
1099 1219 1693 1302 imperatores]

733 1326 892 1409 Cap.
948 1332 1042 1405 12,
1094 1332 1202 1391 13:
1271 1327 1394 1391 Ibi
1441 1334 1603 1392 tum
1648 1328 2124 1393 Hasdrubal
2174 1329 2577 1412 Gisgonis,
2633 1331 2872 1395 maxi·

559 1456 726 1498 mus
801 1436 1481 1518 clarissimusque
1555 1458 1642 1500 eo
1701 1436 1919 1500 bello
1980 1437 2421 1501 secundum
2474 1437 2870 1502 Barcinos

559 1542 743 1622 dux,
802 1563 1227 1625 regressus
1287 1544 1383 1607 ab
1434 1543 1828 1622 Gadibus,
1885 1543 2352 1608 rebellandi
2396 1549 2612 1628 spem
2658 1544 2871 1609 adiu-

556 1656 796 1714 vante
854 1650 1188 1733 Magone
1233 1650 1729 1715 Hamilcaris
1776 1651 2000 1730 filio,
2070 1652 2520 1716 dilectibus
2565 1673 2705 1735 per
2751 1652 2870 1716 ul-

556 1757 951 1822 teriorem
1009 1758 1488 1841 Hispaniam
1556 1757 1872 1823 habitis
1934 1760 2030 1823 ad
2077 1759 2128 1822 L
2175 1759 2441 1824 millia
2485 1760 2869 1843 peditum,

556 1864 862 1929 MMMM
930 1872 1011 1929 et
1077 1868 1578 1950 quingentos
1650 1867 1973 1947 equites
2041 1869 2404 1932 armavit.
2516 1867 2666 1931 Non
2732 1875 2871 1931 tam

556 1972 920 2037 rebellandi
978 1990 1156 2056 spem
1219 1973 1510 2058 adiutam
1558 1996 1598 2038 a
1643 1974 1921 2056 Magone
1980 1981 2141 2058 puto
2199 1997 2398 2057 quam
2455 1975 2610 2039 belli
2667 1996 2870 2059 appa-

553 2088 807 2160 ratum3
874 2082 1102 2164 itaque
1172 2081 1592 2145 scribendum
1641 2103 1787 2145 cum
1832 2082 1912 2145 P:
1980 2102 2423 2162 regressus
2473 2083 2569 2147 ab
2618 2083 2693 2147 G.
2742 2105 2868 2148 re-

555 2188 929 2253 bellandi
979 2210 1136 2272 spe,
1183 2188 1632 2252 adiuvante
1671 2189 2007 2269 Magone
2056 2197 2178 2254 cet.
2246 2191 2482 2255 Nescio
2529 2211 2613 2254 an
2661 2191 2869 2255 edito-

554 2319 659 2360 res
698 2295 1090 2361 offenderint
1127 2295 1194 2358 hi
1231 2295 1502 2359 ablativi
1538 2295 1830 2360 absoluti
1868 2298 1960 2360 sic
1995 2299 2270 2381 propius
2297 2320 2445 2363 cum
2467 2298 2692 2362 alteris
2718 2320 2870 2363 con-

553 2404 761 2468 iuncti
808 2404 972 2484 (fere
1018 2404 1210 2487 quasi
1257 2402 1465 2466 dicas:
1526 2402 1991 2469 dilectibus
2045 2405 2488 2470 adiuvante
2531 2406 2868 2489 Magone

553 2509 932 2590 habitis);
1003 2510 1118 2575 sed
1177 2531 1320 2574 eam
1379 2511 1692 2574 duritiam
1737 2510 1960 2576 Livius
2017 2535 2149 2577 non
2206 2515 2434 2578 vitavit
2488 2513 2575 2594 (Ι,
2635 2518 2746 2593 46,
2813 2518 2866 2592 1,

383 2630 524 2700 (332)
562 2618 859 2699 XXXIII,
920 2622 1018 2699 20,
1076 2618 1163 2700 4),
1217 2640 1298 2683 ne
1349 2619 1554 2683 multo
1602 2618 1866 2701 quidem
1910 2622 2312 2704 asperiorem
2359 2621 2621 2704 (XXIX,
2679 2625 2735 2701 6,
2785 2621 2867 2703 1).

555 2727 860 2792 Ceterum
916 2728 1126 2810 magis
1186 2726 1480 2810 placeret
1536 2747 1928 2807 egressus
1977 2728 2070 2792 ab
2122 2728 2228 2808 G.,
2287 2729 2460 2811 quod
2520 2730 2714 2793 simul
2770 2729 2869 2793 di-

551 2835 893 2918 grediendi
952 2835 1211 2917 longius
1268 2836 1453 2899 notio
1511 2835 1826 2900 adiuncta
1872 2843 1990 2900 est.
2094 2836 2390 2901 Gadibus
2448 2837 2736 2901 inclusus
2798 2859 2867 2900 se

552 2942 933 3007 Hasdrubal
978 2949 1306 3007 tenuerat.

726 3050 882 3135 Cap.
950 3058 1056 3130 14,
1128 3058 1167 3113 4
1235 3050 1347 3130 (de
1415 3052 1558 3114 acie
1628 3057 1782 3114 ante
1841 3044 2164 3133 proelium
2224 3052 2307 3115 ad
2366 3051 2694 3115 Baeculam
2748 3074 2869 3135 per

554 3160 812 3243 aliquot
872 3160 1013 3224 dies
1071 3158 1463 3239 instructa):
1534 3159 1890 3223 Mediam
1957 3160 2212 3223 aciem
2270 3160 2457 3223 hinc
2510 3159 2866 3238 Romani,

552 3268 796 3331 illinc
855 3265 1612 3348 Carthaginienses
1684 3268 1918 3330 mixti
1974 3267 2225 3345 Afris,
2295 3286 2602 3330 cornua
2658 3266 2865 3330 socii

551 3373 984 3452 tenebant3
1078 3381 1314 3437 erant
1414 3378 1681 3437 autem
1783 3374 2164 3457 utrisque
2266 3374 2621 3456 Hispani
2724 3396 2863 3457 pro

556 3480 983 3560 cornibus3
1053 3486 1241 3543 ante
1301 3478 1684 3544 Punicam
1753 3482 2008 3544 aciem
2077 3482 2502 3564 elephanti
2561 3481 2864 3545 castel-

552 3589 815 3652 lorum
860 3586 1153 3670 procul
1201 3589 1560 3669 speciem
1606 3588 2099 3670 praebebant.
2206 3589 2470 3653 Omissa
2515 3610 2865 3671 pravorum

551 3695 1060 3779 reprehensione
1121 3697 1488 3758 orationem
1544 3701 1725 3759 recte
1786 3696 2164 3759 distinctam
2225 3718 2494 3778 ponam:
2566 3717 2865 3760 cornua

554 3800 763 3867 'socii
809 3801 1203 3866 tenebant
1239 3803 1503 3881 (erant
1548 3781 1814 3866 autem
1860 3805 2233 3887 utrisque
2272 3803 2675 3887 Hispani);
2723 3825 2863 3887 pro

552 3910 946 3974 cornibus
1006 3908 1430 3991 elephanti
1491 3917 1612 3974 cet.
1724 3910 1801 3974 In
1859 3916 2143 3992 utroque
2199 3913 2490 3976 exercitu
2537 3914 2864 3995 sociorum

550 4038 815 4081 manum
850 4038 928 4080 ex
961 4016 1274 4099 Hispanis
1310 4017 1681 4080 constitisse
1721 4018 1848 4097 ait3
1894 4040 2048 4083 nam
2082 4019 2348 4085 Italicos
2389 4022 2604 4086 socios
2628 4021 2861 4097 Liviu8‚

551 4132 625 4189 ut
678 4124 817 4188 fere
877 4124 1036 4188 alibi
1094 4126 1161 4188 in
1223 4123 1347 4188 hac
1402 4122 1562 4188 belli
1620 4124 2073 4208 Hispaniensis
2144 4130 2556 4208 narratione,
2626 4130 2865 4193 Roma-

551 4254 783 4296 norum
848 4233 1110 4296 nomine
1180 4231 1706 4315 comprehendit,
1774 4231 2116 4315 Polybium
2184 4256 2494 4317 sequens,
2564 4239 2675 4319 qui
2723 4235 2861 4317 (XI,

553 4344 654 4418 22,
716 4340 780 4418 3)
828 4340 895 4403 in
941 4339 1066 4403 hac
1112 4340 1257 4423 ipsa
1301 4341 1438 4403 acie
1486 4338 1925 4403 describenda
1972 4340 2343 4425 Scipionem
2390 4342 2551 4405 dicit
2597 4343 2864 4406 solitum

553 4469 690 4512 esse
745 4455 865 4517 τοὺς
908 4454 1205 4528 Ῥωμαίους
1258 4455 1456 4526 μέσους
1503 4451 1823 4508 ἀντιτάττειν
1866 4458 1975 4517 τοῖς
2021 4456 2246 4528 Λίβυσι,
2302 4458 2455 4521 τοὺς
2499 4456 2547 4511 δ’
2593 4456 2863 4531 Ἴβηρας
