3230 5282
575 546 696 599 Lib.
738 543 1036 599 XXXVIII.
1667 536 1789 594 554

575 737 740 802 Tum
808 745 1037 803 contra
1103 739 1395 822 regulam
1467 739 1621 817 (vid.
1671 739 1912 823 Opusc.
1969 742 2083 804 Ac.
2143 741 2205 804 Π
2263 764 2325 824 p.
2385 746 2501 804 211
2577 743 2746 825 sqq.)
2815 745 2879 806 in

575 849 873 910 oratione
934 846 1200 926 obliqua
1257 847 1667 911 coniunctivo
1735 848 1930 912 modo
1988 847 2258 912 effertur
2316 850 2744 930 interrogatio
2804 872 2879 914 ex

577 954 932 1018 indicativo
992 954 1205 1018 tertiae
1275 974 1568 1036 personae
1638 975 1968 1018 conversa.
2059 955 2159 1019 Ab
2221 977 2301 1020 ea
2344 957 2574 1039 regula
2629 978 2758 1021 uno
2816 966 2878 1021 et

576 1060 785 1126 altero
833 1060 976 1125 loc'o
1026 1060 1310 1138 deflecti,
1359 1060 1470 1124 ubi
1517 1064 1904 1144 pronomine
1965 1069 2080 1126 aut
2137 1065 2461 1145 particula
2518 1085 2598 1127 ex
2642 1085 2876 1146 prono·

575 1169 742 1232 mine
790 1176 936 1232 orta
981 1178 1047 1232 et
1091 1190 1228 1233 rem
1267 1170 1611 1251 quaesitam
1650 1168 2143 1234 demonstrante
2191 1172 2419 1253 (quis,
2466 1192 2558 1234 cu
2577 1170 2634 1252 r)
2682 1173 2877 1235 inter-

400 1274 545 1342 (450)
583 1283 865 1356 rogetur,
913 1277 1172 1341 ostendi
1215 1276 1309 1340 ibi
1345 1276 1434 1359 (p.
1474 1276 1647 1357 216),
1697 1279 1966 1360 eiusque
2002 1279 2099 1341 rei
2136 1278 2475 1342 Livianum
2514 1280 2877 1361 exemplum

573 1382 674 1461 (V,
723 1387 892 1464 218)
943 1404 1145 1466 supra
1211 1385 1434 1448 notavi
1506 1387 1592 1466 (p.
1648 1388 1796 1465 1123
1869 1386 1985 1449 cfr.
2034 1384 2331 1463 XXXIX,
2394 1391 2450 1465 4,
2510 1387 2608 1467 2);
2677 1389 2741 1451 in
2798 1389 2875 1451 iis

573 1492 946 1575 particulis,
997 1512 1142 1574 quae
1187 1492 1348 1555 nihil
1395 1492 1521 1556 nisi
1566 1492 1780 1574 ipsam
1827 1494 2141 1557 orationis
2188 1491 2466 1556 formam
2513 1495 2877 1575 significant

572 1599 726 1680 (ne,
795 1622 1002 1678 num,
1071 1599 1214 1680 an),
1282 1600 1530 1663 nullum
1589 1606 1691 1663 est
1748 1602 2150 1664 contrarium
2210 1600 2607 1683 exemplum;
2654 1602 2719 1664 in
2766 1624 2875 1679 an,

573 1728 715 1789 quse
763 1708 1034 1772 alterius
1080 1708 1618 1788 interrogationis
1675 1708 1950 1771 membri
2006 1708 2201 1772 index
2259 1714 2381 1786 est,
2450 1710 2708 1772 omnino
2767 1731 2871 1772 ex-

573 1815 860 1879 cluditur
915 1815 1028 1879 illa
1086 1815 1295 1891 verbi,
1366 1836 1405 1879 a
1472 1836 1600 1897 quo
1659 1815 2085 1897 interrogatio
2153 1824 2489 1893 nectatur,
2541 1817 2872 1897 cogitati0‚

571 1944 714 2006 quae
762 1921 980 1999 efficit,
1031 1929 1103 1986 ut
1149 1922 1596 1986 coniunctivus
1645 1922 1971 1985 interdum
2034 1929 2269 1987 contra
2322 1923 2618 2004 regulam
2677 1946 2874 2006 pona-

569 2039 696 2096 tur.
789 2032 881 2095 Ac
926 2031 1106 2113 prius
1156 2030 1420 2111 quidem
1479 2030 1708 2094 vitium
1756 2029 2013 2094 codices
2061 2029 2333 2106 tollunt,
2398 2032 2507 2112 qui
2557 2030 2875 2109 (Draken-

571 2138 909 2203 borchiani
960 2137 1251 2220 quidem,
1320 2158 1470 2200 nam
1528 2138 1606 2200 de
1655 2137 1720 2200 M
1766 2136 2051 2218 tacetur)
2122 2158 2443 2201 consensu
2489 2138 2737 2202 habent
2778 2159 2876 2202 an

572 2253 898 2329 pru-ter,
960 2246 1202 2309 omisso
1263 2266 1429 2309 non.
1521 2244 1959 2308 Restituenda
2026 2251 2129 2308 est
2185 2245 2387 2326 igitur
2433 2265 2511 2308 ea
2559 2248 2873 2309 orationis

569 2353 808 2430 forma,
856 2374 987 2436 qua
1035 2352 1254 2415 Livius
1300 2353 1365 2414 in
1413 2351 1534 2416 hoc
1593 2352 1738 2433 ipso
1785 2351 1952 2416 libro
2000 2372 2052 2414 c.
2102 2356 2203 2430 45,
2253 2356 2291 2415 8
2339 2351 2433 2432 (in
2488 2358 2673 2415 recta
2732 2374 2873 2417 ora-

570 2459 772 2539 tione)
812 2466 896 2537 et,
943 2465 1017 2523 ut
1062 2459 1445 2538 videbimus,
1484 2458 1708 2537 XLIV,
1759 2463 1857 2536 39,
1911 2463 1938 2521 1
1992 2481 2149 2522 usus
2197 2467 2317 2536 est,
2366 2466 2437 2523 ut
2470 2461 2752 2541 primum
2798 2462 2872 2537 is,

570 2568 679 2650 qui
741 2567 946 2646 dicat,
1015 2566 1138 2630 sibi
1210 2568 1605 2631 contrariam
1679 2567 2072 2630 sententiam
2133 2566 2402 2630 obiiciat
2462 2586 2579 2648 per
2638 2574 2721 2628 at
2767 2565 2877 2647 (at

568 2676 969 2755 hercule),
1040 2675 1304 2751 deinde,
1367 2677 1552 2758 quasi
1622 2675 2207 2755 interrogationem
2267 2674 2725 2739 disiunctivam
2781 2676 2875 2738 in-

568 2784 876 2859 stituerit,
927 2805 1043 2867 per
1091 2805 1184 2847 an
1231 2781 1508 2865 (potius)
1558 2782 2025 2863 interrogando
2072 2782 2159 2855 id,
2209 2782 2386 2864 quod
2425 2782 2564 2863 ipse
2612 2784 2873 2859 sentiat,

569 2891 902 2971 adfirmet3
949 2893 1040 2956 sic
1088 2892 1262 2955 enim
1309 2913 1360 2954 c.
1410 2894 1490 2953 45
1539 2889 1885 2954 scribitur:
1934 2889 2028 2953 At
2075 2910 2164 2953 eo
2211 2891 2393 2972 ipso
2441 2896 2873 2953 contentus

567 3000 834 3075 fuisti3
883 3006 1113 3063 recto
1162 3000 1465 3062 itinere
1503 2998 1959 3061 exercitum
1995 2995 2309 3059 duxisti
2345 2996 2440 3058 ad
2483 3016 2632 3085 eoS,
2680 3017 2872 3078 quos

564 3106 716 3172 tibi
765 3107 1042 3171 hostes
1102 3106 1706 3187 desumpseras3
1770 3126 1860 3168 an
1919 3124 2059 3186 per
2116 3123 2390 3167 omnes
2447 3104 2868 3167 anfractus

563 3215 869 3278 viarum
917 3249 999 3258 —
1045 3213 1411 3297 Phrygiae
1459 3232 1848 3275 recessus
1896 3231 2171 3275 omnes
2216 3246 2301 3254 —
2347 3212 2868 3292 peragrasti?

564 3321 691 3385 sod
718 3321 907 3385 simul
935 3320 1296 3384 tollendum
1325 3319 1502 3401 [cum
1528 3317 1858 3399 Creverio]
1898 3319 2021 3395 sit,
2059 3338 2133 3381 eo
2160 3317 2423 3399 quidem
2447 3320 2672 3397 magis,
2697 3317 2869 3401 quod

564 3429 673 3493 sit
708 3426 955 3491 latum
993 3448 1121 3491 nou
1152 3436 1372 3510 potest
1399 3448 1526 3490 uon
1554 3427 1861 3507 coniungi
1888 3447 2031 3489 cum
2058 3432 2469 3507 quantum,
2498 3448 2628 3508 quo
2667 3426 2758 3503 fit,
2796 3432 2869 3488 ut

562 3535 870 3618 primaria
917 3535 1242 3598 sententia
1291 3544 1413 3611 (au
1461 3542 1770 3598 tantum
1818 3534 2024 3611 auri)
2074 3554 2342 3614 prorsus
2380 3532 2579 3596 verbo
2628 3542 2866 3597 careat.

563 3640 991 3705 Scriboniium
1040 3650 1136 3704 cst
1187 3642 1410 3725 igitur:
1461 3662 1556 3704 an
1605 3650 1902 3723 praeter
1946 3640 2291 3703 omnium
2352 3638 2626 3704 oculos
2686 3649 2866 3704 tan—

562 3756 723 3812 tum
771 3748 974 3817 auri,
1022 3758 1414 3830 quantum
1461 3769 1608 3811 nou
1671 3748 1939 3809 decem
1987 3746 2186 3809 aliis
2247 3747 2716 3828 triumphiS,
2764 3783 2863 3821 —,

560 3854 856 3919 latum?
946 3854 1220 3935 [Eodem
1290 3855 1482 3919 modo
1539 3856 1809 3938 ponitur
1886 3874 1979 3915 au
2041 3859 2192 3934 post
2249 3853 2577 3918 scilicet
2643 3856 2751 3931 IV,
2811 3863 2865 3931 5,

562 3966 597 4023 3
645 3972 706 4025 et
757 3961 933 4045 apud
984 3961 1367 4026 Sallustium
1416 3964 1479 4026 in
1528 3972 1691 4024 orat.
1748 3960 1975 4042 Lepidi
2024 3958 2055 4040 ἓ
2103 3958 2235 4039 21.]
