3230 5282
534 619 657 674 Lib.
695 617 896 672 XXVI.
1629 604 1751 666 390

534 791 797 875 pondo
859 797 1163 873 paterae
1210 810 1500 869 aureae,
1558 788 1688 853 nisi
1734 786 1912 869 quod
1956 783 2062 847 hic
2106 776 2447 865 praecedit,
2505 772 2681 855 quod
2726 791 2843 853 ap-

536 899 819 983 ponitur,
869 905 936 964 et
978 898 1247 982 pondo
1292 903 1575 982 utroque
1621 896 1765 961 loco
1810 916 1931 978 pro
1977 892 2208 956 librae
2254 882 2521 971 pondo
2570 882 2842 959 dicitur3

534 1007 901 1090 eodemque
946 1005 1142 1071 modo
1189 1005 1366 1089 apud
1411 1005 1587 1070 Fest.
1636 1026 1692 1068 v.
1743 1004 2126 1069 trientem
2174 995 2515 1062 scribitur:
2573 992 2844 1056 Trien-

535 1120 689 1179 tem
723 1113 1079 1178 tertium
1140 1111 1405 1198 pondo
1464 1133 1843 1178 coronam
1891 1127 2215 1176 auream
2262 1102 2607 1169 dedisse.
2708 1098 2842 1166 Ita-

538 1243 664 1305 que
720 1223 983 1286 minime
1037 1221 1488 1305 imprudenter
1547 1241 1662 1285 eos
1706 1218 1941 1284 fecisse
1986 1215 2206 1281 iudico
2225 1265 2240 1293 ,
2307 1211 2422 1294 qui
2477 1216 2630 1274 ante
2680 1207 2843 1272 Gro-

536 1331 819 1409 novium,
856 1350 987 1395 una
1009 1330 1236 1394 littera
1260 1335 1538 1408 mutata,
1564 1328 1990 1411 scripserant:
2028 1324 2261 1389 librae
2294 1320 2540 1385 ferme
2577 1338 2842 1384 omnes

533 1436 815 1522 pond0.
884 1437 1201 1503 Varronis
1245 1436 1463 1502 locum
1507 1443 1685 1501 recte
1724 1434 2110 1519 Spengelius
2148 1429 2534 1508 emendavit,
2583 1428 2841 1494 sublato

535 1551 798 1624 erant,
867 1551 945 1609 ut
1012 1566 1238 1611 asses
1306 1545 1575 1610 libras
1644 1542 1912 1627 pondo
1969 1540 2255 1626 pendeat
2311 1563 2351 1606 a
2407 1539 2841 1620 ponebant.

533 1635 727 1737 Apud
786 1653 1065 1718 Paulum
1123 1652 1396 1718 Ursinus
1462 1659 1639 1717 recte
1713 1650 2228 1735 transpositione
2260 1667 2263 1670 ’
2296 1670 2457 1713 usus
2514 1653 2646 1726 est,
2714 1647 2843 1711 nisi

535 1760 712 1844 quod
757 1761 1064 1844 singuli
1109 1761 1377 1827 libras
1424 1760 1689 1845 pondo
1725 1758 2137 1825 retinendum
2173 1766 2335 1836 erat,
2382 1758 2844 1825 non‘libram

533 1870 928 1954 ponendum,
977 1891 1099 1936 nec
1143 1869 1520 1935 addendum
1564 1876 1850 1934 autem.

709 1977 865 2062 Cap.
916 1984 1018 2057 51,
1072 1982 1136 2042 1:
1186 1977 1466 2062 Scipio
1509 1977 1842 2042 Laelium
1886 2011 1973 2022 -
2016 1976 2206 2041 data
2253 1977 2841 2061 quinquereme

535 2088 1067 2170 captivisque
1125 2086 1457 2169 Magone
1526 2093 1606 2150 et
1676 2085 2142 2168 quindecim
2206 2083 2373 2150 fere
2433 2090 2842 2154 senatori-

533 2195 713 2274 bus,
773 2196 907 2279 qui
967 2194 1206 2260 simul
1262 2215 1432 2260 cum
1490 2214 1579 2259 eo
1639 2194 1867 2277 capti
1924 2202 2193 2273 erant,
2252 2195 2333 2258 in
2379 2215 2657 2263 navem
2701 2201 2842 2264 im-

534 2304 861 2387 positiS,
906 2303 1282 2368 nuntium
1328 2304 1694 2367 victoriae
1740 2303 2056 2366 Romam
2102 2303 2378 2367 mittit.
2467 2304 2633 2371 Mire
2680 2307 2839 2373 dici:

535 2411 890 2494 captivis
939 2446 1020 2456 —-
1066 2413 1202 2495 qui
1259 2411 1482 2494 capti
1539 2417 1804 2488 erant,
1865 2409 2437 2477 Weissenbornius
2483 2416 2693 2482 sensit
2759 2417 2843 2498 (si

534 2519 858 2602 captivo
902 2518 1238 2601 Magone
1284 2520 1506 2584 Livius
1550 2497 1952 2601 scripsisset,
2013 2539 2564 2601 supervacaneum
2620 2532 2840 2593 tamen

535 2627 928 2693 vocabulum
971 2628 1180 2712 primo
1223 2627 1388 2709 loco,
1446 2627 1641 2711 quasi
1686 2628 1751 2692 in
1798 2649 1876 2693 eo
1921 2627 2181 2710 pondus
2226 2636 2415 2709 esset,
2462 2637 2841 2721 posuisset).

534 2735 835 2817 Accedit,
909 2737 1084 2821 quod
1142 2736 1480 2821 Appianas
1553 2736 1753 2817 (Iber.
1817 2736 1925 2817 23)
1985 2736 2224 2820 praedoe
2278 2747 2536 2821 partem
2590 2754 2682 2808 ἐπὶ
2737 2758 2844 2812 τῶν

534 2849 862 2925 εἰλημμένων
928 2855 1063 2908 νεῶν
1119 2846 1398 2910 Romam
1462 2846 1735 2910 missam
1802 2845 2048 2910 scribit.
2160 2846 2249 2912 Et
2314 2870 2514 2914 unam
2579 2856 2844 2937 quidem
2893 2871 2908 2882 ’

535 2955 1074 3038 quinqueremem
1118 2954 1281 3018 satis
1327 2952 1639 3037 Polybius
1684 2958 1910 3017 tuetur
1955 2952 2074 3034 (X,
2107 2996 2110 3001 ·
2139 2960 2245 3034 19,
2303 2956 2392 3038 8),
2452 2962 2579 3025 etsi
2622 2962 2843 3031 Livius

533 3060 703 3126 libro
770 3064 1070 3146 proximo
1139 3083 1192 3126 c.
1242 3067 1277 3125 7
1339 3084 1379 3128 a
1434 3082 1504 3126 se
1561 3061 1954 3127 dissentiens
2012 3063 2285 3129 Laelium
2344 3085 2493 3130 cum
2547 3069 2845 3152 pluribus

535 3170 812 3235 navibus
881 3170 1157 3236 Romam
1211 3171 1467 3235 venisse
1527 3169 1788 3250 scribit3
1848 3171 1962 3235 sed
2018 3172 2201 3237 illam
2258 3195 2292 3238 e
2350 3176 2563 3258 captis
2619 3178 2845 3260 fuisse,

535 3279 744 3361 ipsam
798 3280 1093 3344 victoriae
1146 3277 1455 3357 indicem,
1510 3276 1813 3360 Appiano
1861 3279 2213 3357 credimus,
2272 3279 2581 3366 idemque
2627 3286 2845 3352 Livius

536 3385 738 3463 dicet,
818 3393 1071 3451 remoto
1153 3384 1347 3450 simul
1412 3387 1732 3451 orationis
1803 3388 1988 3467 vitio,
2071 3389 2126 3451 si
2197 3390 2292 3453 sic
2358 3391 2842 3474 scripserimus:
2957 3397 2967 3407 ’

536 3494 730 3558 data
787 3495 1374 3578 quinquereme
1431 3512 1464 3556 c
1511 3496 1871 3578 captivis
1928 3505 2153 3573 atque
2196 3496 2535 3580 Magone
2595 3508 2672 3565 et
2717 3501 2843 3565 XV

427 3646 434 3651 -
534 3600 704 3666 fere
753 3601 1304 3681 senatoribus,
1363 3603 1499 3685 qui
1542 3638 1631 3648 —
1678 3605 1899 3687 capti
1945 3611 2194 3682 erant,
2253 3606 2335 3670 in
2378 3627 2656 3672 navem
2701 3610 2845 3674 im-

535 3710 840 3792 positis
899 3717 1020 3774 cet.
1134 3709 1349 3787 Quum
1405 3729 1438 3772 e
1498 3712 1876 3795 praepositio
1933 3712 2176 3778 hausta
2232 3720 2406 3777 esset
2464 3714 2547 3779 ob
2607 3702 2847 3798 praece-

537 3817 801 3882 dentem
843 3818 1155 3895 litteram,
1204 3817 1524 3900 scriptum
1568 3826 1674 3884 est
1718 3842 1864 3901 que
1910 3842 2030 3903 pro
2076 3828 2346 3905 atque.
2419 3819 2847 3905 Captivam

535 3927 962 4009 pecuniam
1003 3926 1224 3990 Livius
1264 3924 1428 3989 dixit
1463 3926 1510 4004 1,
1552 3930 1652 4005 53,
1694 3931 1749 4006 3,
1788 3930 2195 4011 captivum
2231 3950 2505 4012 agrum
2539 3930 2621 4007 11,
2659 3936 2761 4011 48,
2788 3935 2846 4011 2,

536 4053 752 4097 arma
786 4033 927 4113 VH,
979 4038 1076 4113 14,
1127 4038 1185 4113 7,
1232 4032 1343 4112 ΙΧ,
1389 4039 1491 4113 40,
1542 4038 1638 4114 15,
1687 4036 1917 4119 signa
1955 4035 2094 4110 VII,
2133 4040 2232 4114 37,
2278 4040 2373 4115 13,
2409 4040 2734 4120 navigia
2768 4039 2846 4119 X,

536 4145 595 4219 2,
648 4145 743 4220 12,
787 4164 1037 4208 naves
1083 4142 1315 4219 XXVI,
1362 4146 1466 4219 47,
1516 4147 1572 4205 3.
