3230 5282
1470 629 1590 689 503
2266 642 2390 697 Lib.
2428 643 2677 699 XXXIV.

372 809 637 892 pliciter
691 810 1082 875 adiectivum
1147 811 1374 893 augeri
1431 811 1690 877 adiecta
1748 832 1868 895 per
1913 833 2143 896 quam
2190 817 2677 898 comparatione

373 923 596 1001 potest
632 919 1000 1001 (tyranno
1048 924 1209 983 tam
1258 940 1494 994 saeVO,
1543 939 1777 1000 quam
1824 921 1959 1003 qui
2006 942 2368 1004 umquam
2415 924 2677 987 saevis-

376 1025 620 1090 simus
676 1025 861 1105 fuit,
929 1024 1086 1103 vid„
1145 1047 1226 1089 ne
1283 1027 1349 1088 in
1395 1048 1466 1090 re
1511 1033 1672 1091 nota
1715 1033 1922 1092 testes
1970 1049 2004 1092 e
2050 1029 2412 1112 longinquo
2461 1049 2677 1095 arces·

376 1153 545 1210 sam,
618 1133 905 1197 Gramm.
955 1139 1158 1197 nostr.
1207 1132 1351 1197 Lat.
1401 1131 1434 1215 ἓ
1496 1137 1619 1197 310
1677 1156 1737 1197 n.
1785 1133 1887 1214 4);
1954 1131 2170 1217 posito
2241 1143 2465 1202 autem
2533 1139 2676 1221 ipso

369 1240 770 1322 superlativo
849 1241 1033 1305 nulla
1111 1261 1258 1305 cum
1338 1240 1546 1304 altero
1625 1244 2029 1323 comparatio
2107 1242 2380 1324 adiungi
2457 1252 2679 1326 potest

371 1346 838 1427 (saevissimo
885 1369 1112 1429 quam
1158 1348 1289 1429 qui
1339 1346 1524 1426 cet.),
1589 1355 1999 1431 repugnante
2049 1352 2370 1414 sermonis
2415 1358 2675 1424 natura,

370 1455 668 1536 miroque
715 1476 938 1520 errore
984 1455 1475 1522 demonstratur
1509 1461 1847 1538 tamquam
1894 1457 2123 1535 simile,
2172 1456 2348 1538 quod
2384 1457 2458 1534 V,
2498 1462 2599 1534 25,
2638 1463 2674 1522 9

371 1563 693 1645 scriptum
742 1570 870 1628 est:
942 1569 1333 1644 grataque
1393 1583 1485 1626 ea
1539 1583 1706 1641 reS,
1774 1569 1856 1626 ut
1917 1583 2089 1645 quae
2136 1565 2467 1629 maxime
2513 1587 2674 1630 um-

371 1689 617 1749 quam,
665 1670 850 1748 fuit,
898 1671 991 1734 sic
1036 1671 1207 1734 enim
1250 1669 1843 1752 interpungendum
1888 1691 2030 1734 esse
2075 1670 2177 1750 (ut
2222 1671 2419 1754 plena
2463 1675 2677 1737 oratio

370 1775 487 1839 sit:
557 1783 962 1861 grataque
1022 1797 1110 1840 ea
1155 1797 1288 1840 res
1334 1776 1524 1852 fuit,
1593 1784 1679 1840 ut
1726 1797 1890 1857 quae
1935 1799 2017 1841 m.
2065 1798 2127 1841 u.
2174 1785 2409 1859 grata
2454 1780 2671 1860 fuit),

367 1890 648 1965 apparet
695 1905 772 1948 ex
818 1884 1041 1949 multis
1087 1884 1234 1948 aliis
1279 1882 1463 1960 lociS‚
1508 1883 1687 1947 velut
1733 1882 2158 1950 Ciceroniano
2205 1885 2317 1951 illo
2364 1886 2448 1950 ad
2495 1885 2673 1951 Fam.
2724 1915 2725 1918 ¹

369 1988 559 2066 XIII,
622 1994 734 2053 62:
803 1998 881 2055 te
953 1993 1070 2055 sic
1128 1991 1381 2056 colam
1442 1998 1517 2054 et
1574 1991 1866 2055 tuebor
1923 1997 2006 2056 ut
2050 2011 2271 2072 quem
2316 1993 2672 2074 diligen-

365 2097 716 2175 tissime,
784 2105 901 2163 aut
944 2098 1213 2162 Liviano
1259 2097 1509 2174 XXIII,
1569 2101 1682 2174 49,
1746 2102 1850 2162 12:
1922 2120 2011 2162 ex
2068 2100 2520 2182 provincia,
2591 2107 2673 2163 ut

368 2224 534 2284 quae
579 2207 912 2270 maxime
960 2208 1334 2280 omnium,
1404 2205 1607 2269 belli
1654 2206 1917 2270 avida.
2032 2187 2482 2288 superlativus
2528 2212 2671 2270 tan·

365 2319 504 2374 tum
550 2316 881 2377 sententia
925 2313 1203 2378 relativa
1249 2313 1331 2376 ad
1376 2313 1595 2395 ipsum
1640 2312 1902 2377 adiecta
1947 2314 2173 2396 augeri
2219 2317 2461 2395 potest,
2513 2316 2671 2377 scri-

366 2417 780 2501 bendumque
846 2421 1225 2485 necessario
1294 2426 1424 2484 est:
1506 2427 1582 2483 et
1660 2427 2036 2503 tyrannO,
2106 2421 2239 2502 qui
2305 2440 2670 2503 umquam

364 2523 550 2604 fuit,
621 2528 1108 2606 saevissim03
1175 2526 1446 2591 verbum
1504 2527 1769 2610 quidem
1825 2528 1893 2591 in
1949 2527 2075 2592 hac
2133 2528 2461 2592 sententia
2502 2527 2670 2591 rela-

365 2633 499 2697 tiva
555 2636 770 2701 omitti
825 2657 954 2700 non
1012 2641 1249 2718 potest.
1364 2635 1655 2715 (Modius
1722 2635 1789 2700 in
1844 2634 1911 2699 M
1969 2634 2199 2700 scribit
2253 2655 2483 2717 quam
2540 2657 2670 2700 non

364 2761 524 2805 esse.
639 2742 766 2808 Sed
826 2765 974 2807 eum
1020 2742 1245 2807 codice
1286 2744 1507 2826 ipsum
1550 2765 1743 2807 usum
1789 2763 1962 2821 esse,
2030 2750 2208 2807 recte
2255 2741 2670 2807 Drakenbor-

364 2848 569 2925 chius,
616 2850 739 2915 vol.
778 2850 896 2914 VII
941 2874 1003 2933 p.
1039 2849 1233 2927 XLV,
1281 2870 1524 2931 negare
1566 2850 1845 2913 videtur.
1936 2847 2341 2913 Cat-bachius
2384 2856 2668 2913 tantum:

364 2958 502 3038 qui
548 2978 914 3038 umquam
961 2958 1118 3020 fuit
1164 2979 1319 3041 pro:
1367 2958 1500 3040 qui
1545 2976 1910 3039 umquam
1957 2955 2418 3035 adnotavit.)¹)

535 3062 690 3146 Cap.
732 3068 830 3143 35,
876 3070 914 3127 4
964 3065 1058 3146 (in
1107 3064 1605 3130 condicionibus
1654 3064 1836 3146 pacis
1882 3062 2127 3125 Nabidi
2173 3082 2213 3125 a
2248 3060 2668 3138 T.-Quinctio

363 3171 689 3252 scriptis):
760 3193 1171 3255 vacuaque
1231 3181 1305 3236 et
1363 3171 1632 3235 libera
1679 3169 1862 3252 (Argi
1922 3169 2332 3252 oppidaque,
2402 3188 2545 3250 quae
2605 3171 2667 3233 in

363 3278 751 3359 Argivorum
819 3300 976 3361 agro
1045 3278 1294 3358 essent)
1369 3278 1903 3342 traderentur
1958 3277 2375 3355 Romanis,
2443 3286 2520 3340 et
2576 3298 2667 3340 ne

361 3385 576 3466 quod
633 3387 815 3450 inde
862 3386 1354 3467 mancipium
1395 3386 1714 3465 regium
1762 3383 2279 3466 publicumve
2326 3390 2471 3450 aut
2516 3384 2669 3466 pri·

361 3499 624 3556 vatum
690 3493 1218 3569 educeretur;
1279 3493 1343 3555 si
1389 3513 1548 3574 qua
1594 3500 1783 3555 ante
1831 3492 2122 3555 educta
2166 3490 2473 3568 forent,
2533 3490 2666 3555 do-

362 3600 599 3664 minis
654 3610 880 3664 recte
936 3601 1605 3663 restituerentur.
1707 3598 2012 3663 Pleniora
2065 3597 2205 3662 haec
2252 3597 2453 3663 habet
2498 3598 2584 3675 M,
2634 3620 2667 3662 e

361 3726 492 3787 quo
564 3728 682 3789 pro
756 3707 1257 3770 educeretur
1324 3707 1570 3789 iisque,
1643 3726 1789 3789 quae
1849 3714 2242 3789 sequuntur,
2310 3705 2448 3770 haec
2505 3726 2658 3769 eno·
2697 3727 2838 3795 (404)

360 3820 614 3877 tantur:
685 3812 1177 3878 educeretur
1233 3814 1403 3877 sine
1467 3813 1652 3877 dolo
1710 3812 1953 3891 malo;
2023 3814 2089 3877 si
2135 3834 2289 3895 qua
2333 3811 2667 3896 publice

362 3930 504 3984 aut
569 3921 947 4004 privatim
1015 3928 1199 3984 ante
1269 3920 1567 3985 educta
1634 3919 1947 3995 forent,
2019 3918 2374 3985 dominis
2440 3926 2667 3983 recte

357 4023 1036 4092 restituerentur.
1139 4028 1566 4110 Perspicuum
1626 4036 1725 4093 est
1779 4027 1944 4092 illud
2003 4029 2179 4092 sine
2227 4025 2411 4091 dolo
2457 4026 2666 4090 malo

418 4295 465 4360 ι)
503 4293 655 4362 [Cap.
695 4296 779 4360 34,
817 4299 849 4348 7
885 4298 945 4351 in
981 4297 1068 4350 his
1106 4298 1316 4350 verbis:
1374 4296 1453 4350 ad
1502 4296 1946 4365 respicienda
1984 4297 2240 4363 cuique
2277 4295 2667 4348 domestica

495 4379 667 4432 mala
721 4379 942 4434 dativus
998 4383 1091 4434 vix
1141 4382 1274 4435 ferri
1324 4387 1537 4450 potest,
1590 4381 1703 4434 nisi
1766 4398 1893 4455 cum
1947 4379 2211 4448 Ussingio
2277 4380 2490 4433 scribas
2546 4395 2668 4431 sua

496 4464 757 4531 cuique.
837 4464 1005 4533 1863]

90 4706 1719 5169 (⁴52—
