3230 5282
1448 576 1569 640 663
2304 589 2432 646 Lib.
2468 590 2667 648 XLIII.

359 760 845 848 quamperfecti
888 763 1204 848 temporis
1237 761 1518 827 verbum
1549 762 2137 850 scribendumque:
2193 798 2279 810 -·
2334 785 2498 831 eam
2545 786 2669 851 op·

359 892 735 957 pugnare
778 869 1281 956 aggreditur.
1371 868 1624 936 Primi
1669 871 2016 937 o‘mnium
2059 871 2541 939 Macedones
2585 908 2672 920 —-

361 986 581 1045 metu
628 986 1161 1045 excesserunt
1220 977 1389 1060 (cod.
1438 984 1505 1045 et
1548 979 1697 1045 edd.
1746 980 2339 1071 excesserant);
2409 1001 2450 1047 a
2493 981 2670 1065 qui-

363 1087 510 1153 bus
590 1087 876 1153 relicti
955 1085 1346 1171 oppidani
1422 1087 1502 1152 in
1580 1086 2087 1155 deditionem
2166 1123 2253 1136 —
2312 1090 2669 1156 veniunt.

357 1195 431 1280 [§
477 1201 572 1278 12,
617 1196 732 1262 ubi
777 1196 1025 1261 editur:
1072 1194 1180 1259 Ad
1230 1193 1507 1261 horum
1549 1216 1838 1281 preces
1885 1197 2075 1281 qui-a
2116 1195 2489 1264 hibernis
2534 1218 2670 1284 ap-

360 1307 530 1371 tior
572 1305 786 1388 regis
833 1311 977 1386 cet„
1023 1305 1090 1368 in
1136 1302 1277 1369 cod.
1326 1309 1455 1369 est:
1503 1309 1580 1369 et
1622 1303 1903 1371 horum
1957 1324 2259 1388 praeces
2306 1306 2499 1390 quia
2545 1312 2668 1372 cet.

365 1413 663 1497 Apparet
707 1411 1039 1497 duplicem
1080 1432 1348 1498 causam
1396 1410 1769 1495 significari,
1806 1432 1949 1496 quae
1981 1411 2303 1478 Licinium
2337 1413 2671 1480 consulem

361 1522 434 1586 in
477 1520 800 1587 Boeotiam
845 1521 1256 1600 converterit,
1312 1539 1544 1603 preces
1589 1519 1969 1587 Boeotorum
2015 1527 2098 1602 et,
2145 1541 2290 1606 quae
2333 1543 2480 1588 cum
2523 1543 2672 1607 pre-

363 1629 556 1695 cibus
601 1629 732 1695 illis
778 1629 1133 1695 coniuncta
1175 1648 1307 1693 non
1354 1634 1471 1709 est,
1519 1630 1805 1713 regionis
1854 1629 1939 1694 ad
1972 1628 2453 1697 hibernandum
2497 1652 2669 1698 com-

364 1737 769 1810 moditatem.
860 1736 1094 1820 Itaque
1144 1735 1564 1801 scribendum
1611 1741 1747 1802 estt'
1800 1743 1878 1804 et
1923 1737 2017 1803 ob
2062 1737 2344 1805 horum
2386 1761 2669 1825 preces

359 1853 447 1911 et
492 1847 687 1930 quia
733 1851 891 1926 cet.;
935 1843 1315 1938 praepositio
1364 1844 1460 1910 ad
1507 1844 1725 1911 aliena
1769 1851 1887 1911 est.
1962 1843 2173 1928 1864]

1247 2039 1432 2120 Lib.
1497 2036 1786 2119 XLIII.

539 2167 695 2255 Cap.
750 2177 804 2250 1,
857 2176 910 2236 1.
999 2172 1075 2237 In
1134 2172 1257 2238 hoc
1300 2171 1472 2237 libro
1531 2169 1910 2253 incipienda
1963 2168 2125 2235 mihi
2171 2170 2382 2236 oratio
2430 2191 2472 2235 a
2517 2191 2668 2236 con-

361 2278 653 2344 fessione
721 2278 931 2363 culpae
986 2287 1052 2345 et
1097 2282 1337 2347 erroris
1396 2286 1513 2345 est.
1604 2278 1773 2343 Nam
1830 2298 2033 2360 quum
2092 2276 2384 2343 codicem
2428 2277 2669 2344 Vindo-

361 2385 720 2452 bonensem
766 2407 823 2451 a.
877 2392 1037 2454 1846
1093 2388 1484 2455 festinanter
1540 2386 1899 2469 inspiciens
1956 2391 2023 2452 et
2077 2407 2290 2471 pauca
2349 2385 2501 2451 inde
2558 2407 2666 2452 ex-

364 2515 639 2580 cerpens
685 2497 753 2560 in
800 2517 944 2561 eam
991 2497 1366 2582 opinionem
1410 2496 1759 2574 venissem,
1807 2495 2025 2578 ipsum
2069 2495 2331 2561 initium
2374 2494 2530 2560 libri
2576 2495 2670 2561 sic

359 2603 463 2670 ibi
531 2604 758 2671 scribi:
826 2604 1120 2672 Eadem
1188 2613 1471 2673 aestate
1538 2606 1622 2671 in
1690 2602 2121 2670 Thessalia
2188 2603 2525 2688 legatus
2591 2605 2672 2670 in

365 2712 790 2797 illyricum
836 2713 1175 2794 (scribitur
1209 2720 1430 2781 autem
1472 2734 1623 2779 vere
1669 2713 1791 2778 sic:
1839 2712 2137 2779 Eadem
2182 2718 2464 2779 aestate
2511 2734 2664 2798 qua
2701 2720 2841 2792 (550)

364 2822 446 2886 in
492 2821 918 2887 Thessalia
982 2821 1305 2907 legatus
1361 2824 1439 2887 in
1494 2819 1965 2905 Illyricum),
2014 2827 2079 2887 et
2139 2840 2339 2904 quum
2382 2822 2673 2887 nondum

359 2931 530 2995 satis
596 2931 1106 3015 perspexissem,
1178 2951 1373 3013 quam
1438 2929 1819 3013 frequenter
1885 2930 1953 2993 in
2008 2928 2134 2995 hoc
2191 2928 2417 2994 codice
2472 2928 2674 2994 verba

365 3038 620 3120 aliquot
687 3039 1177 3117 omitterentur,
1247 3039 1316 3103 in
1375 3036 1598 3102 libello
1659 3035 2061 3115 academico,
2131 3057 2327 3123 quem
2382 3056 2441 3102 a.
2508 3040 2669 3102 1852

360 3145 543 3211 edidi
590 3146 698 3228 (de
742 3145 909 3211 Livii
952 3145 1100 3211 libr.
1148 3144 1361 3210 XLIII
1407 3146 1590 3211 initio
1639 3166 1674 3210 e
1719 3144 1862 3209 cod.
1909 3143 2406 3211 Vindobonensi
2452 3165 2670 3211 emen-

365 3252 646 3336 dando),
690 3255 1135 3320 coniecturam
1181 3254 1261 3320 de
1306 3251 1429 3319 hoc
1471 3252 1621 3319 loco
1668 3248 2123 3334 restituendo}
2137 3251 2403 3335 prodidi
2449 3258 2516 3318 et
2561 3274 2669 3319 ex-

363 3363 613 3443 ornavi,
663 3382 863 3444 quam
907 3362 1218 3428 oblivioni
1262 3382 1531 3447 prorsus
1578 3340 2012 3444 tradi‘cupio.
2106 3358 2556 3445 Cetera,'”quae
2601 3363 2671 3427 in

365 3466 401 3553 ἐ
453 3476 481 3534 1
534 3476 602 3536 et
648 3474 685 3535 3
742 3477 923 3537 recte
989 3470 1082 3536 ibi
1150 3470 1506 3549 emendavi,
1576 3475 1813 3554 postea
1856 3468 1990 3533 vidi
2056 3469 2189 3533 iam
2245 3490 2287 3535 a
2341 3470 2669 3537 Weissen-

359 3578 596 3646 bornio
643 3580 710 3644 in
754 3580 1114 3646 lectionum
1160 3579 1577 3644 Livianarum
1631 3583 1821 3661 parte
1866 3577 2090 3661 priore
2136 3584 2458 3662 occupata
2503 3598 2666 3660 esse,

357 3688 489 3753 nisi
535 3688 713 3771 quod
758 3709 838 3753 ex
883 3688 1125 3753 litteris
1173 3688 1551 3753 eremiam
1596 3693 1713 3750 aut
1757 3686 2194 3751 ceremiam
2230 3686 2656 3771 (oppugna-

360 3775 959 3877 iv‘iceremiam),
1027 3797 1095 3861 in
1150 3795 1387 3878 quibus
1446 3815 1564 3879 ego
1624 3794 1899 3860 alterius
1959 3815 2038 3859 ex
2084 3793 2342 3861 duobus
2388 3796 2664 3880 oppidis,

363 3925 510 3987 quae
577 3903 800 3969 Livius
868 3910 1364 3984 commemorat,
1431 3924 1669 3969 nomen
1712 3902 1924 3968 latere
1980 3904 2221 3986 putavi,
2280 3904 2337 3969 is
2397 3924 2664 3970 eorum

360 4032 599 4078 unum
654 4011 883 4092 efficit,
938 4034 1174 4097 parum
1229 4018 1304 4077 ut
1347 4012 1638 4092 videtur,
1707 4009 2161 4096 probabiliter.
2250 4011 2353 4076 Ad
2407 4011 2665 4094 reliqua

359 4141 590 4204 pergo,
658 4120 896 4205 quibus
963 4120 1137 4186 illius
1207 4122 1448 4187 erroris
1515 4120 1775 4204 culpam
1829 4118 2239 4203 redemptum
2302 4119 2383 4183 iri
2450 4140 2662 4204 spero.

357 4226 778 4313 Quamquam
842 4231 1124 4314 primum
1192 4229 1459 4314 quidem
1523 4227 1847 4293 minutula
1922 4248 2028 4292 res
2094 4226 2479 4309 attingenda
2543 4232 2662 4309 est,

353 4358 491 4403 non
538 4358 733 4421 posse
791 4339 859 4403 in
905 4337 939 4421 ξ
991 4343 1068 4402 10
1114 4344 1180 4403 et
1229 4342 1303 4402 11
1351 4337 1511 4403 ferri
1554 4334 2011 4420 imperfectum
2065 4340 2325 4418 tempus
2380 4336 2447 4401 in
2492 4336 2659 4401 hanc

354 4446 746 4511 continuam
791 4446 1215 4530 praesentium
1261 4447 1495 4512 seriem
1541 4444 1734 4529 quasi
1777 4443 2064 4510 ludendo
2109 4443 2463 4510 inclusum:
2509 4443 2659 4510 De-

959 4748 962 4749 *
1013 4770 1146 4883 β
1467 4808 1691 4883 ⁸—-
1820 4822 1823 4825 Α

713 4972 978 5167 κ’
1972 5065 2415 5168 Λ...-
