3230 5282
1445 585 1570 647 475
2279 597 2403 652 Lib.
2439 597 2667 652 XXXII.

352 766 674 851 quidem
717 790 859 852 per
902 769 1066 835 haec
1113 770 1602 835 societatem
1646 767 2056 834 firmabat.
2147 767 2667 834 Macedonum

354 875 671 942 animos
739 898 907 942 cum
966 876 1468 942 Heracliden
1536 875 1875 941 amicum
1940 876 2283 940 maxime
2342 875 2668 941 invidiae

354 981 518 1047 sibi
565 1004 744 1049 esse
792 990 1198 1064 cerneret,
1257 983 1542 1049 multis
1591 982 2073 1048 criminibus
2123 990 2545 1047 oneratum
2590 984 2667 1048 in

351 1090 622 1156 vincla
689 1092 1077 1171 coniecit,
1158 1092 1468 1175 ingenti
1532 1089 2051 1175 popularium
2120 1091 2432 1174 gaudio,
2563 1088 2668 1157 Sic

351 1199 493 1263 sine
538 1198 677 1265 ulla
719 1199 923 1264 litura
967 1200 1260 1283 spatiove
1309 1219 1512 1263 vacuo
1559 1198 1624 1261 in
1673 1198 1727 1261 B
1774 1198 2107 1277 scribitur,
2155 1219 2235 1262 ex
2280 1220 2413 1281 qua
2459 1200 2666 1284 scrip-

351 1294 506 1370 tura
582 1328 780 1391 quam
857 1308 1033 1372 facili
1111 1314 1177 1371 et
1244 1314 1427 1372 certa
1504 1305 1960 1371 emendatione
2040 1327 2263 1371 verum
2347 1313 2665 1387 oreretur,

346 1415 538 1478 cuius
597 1416 873 1499 vestigia
915 1417 982 1480 in
1030 1416 1268 1480 ceteris
1315 1413 1654 1478 codicibus
1701 1414 1865 1477 mira
1911 1413 2352 1496 interpolandi
2396 1414 2666 1481 licentia

351 1521 705 1587 obscurata
773 1529 997 1602 erant,
1078 1523 1210 1587 dixi
1277 1524 1409 1586 iam
1467 1541 1524 1585 a.
1577 1524 1742 1585 1829
1820 1518 1974 1601 (vid.
2037 1520 2277 1603 Opusc.
2341 1521 2538 1587 Acad.
2601 1523 2664 1586 II

352 1653 413 1713 p.
466 1634 586 1694 363
635 1630 826 1714 sqq.).
926 1629 1097 1695 Nam
1142 1631 1491 1714 geminatis
1541 1629 1797 1693 duabus
1844 1630 2151 1692 extremis
2197 1629 2436 1694 litteris
2482 1631 2664 1696 verbi

349 1736 768 1815 firmabat,
837 1738 940 1803 fit:
1011 1738 1111 1801 At
1166 1737 1321 1820 (hoc
1380 1743 1509 1803 est:
1582 1737 1704 1817 ad)
1762 1736 2287 1801 Macedonum
2350 1738 2662 1803 animos

352 1867 589 1930 quum
669 1847 1160 1912 Heracliden
1256 1846 1593 1909 amicum
1685 1846 2020 1909 maxime
2098 1845 2422 1910 invidiae
2504 1847 2660 1910 sibi

353 1976 526 2019 esse
574 1961 964 2033 cerneret,
1022 1976 1104 2018 m.
1154 1954 1366 2017 crim.
1416 1972 1628 2016 oner.
1676 1953 1752 2015 in
1812 1951 2081 2016 vincla
2126 1954 2492 2018 coniecit
2536 1962 2657 2019 cet.

352 2063 711 2146 Aptissime
768 2063 987 2126 Livius
1046 2062 1139 2125 sic
1197 2061 1281 2125 ab
1328 2059 1582 2124 Achaeis
1642 2060 1724 2124 ad
1774 2059 2165 2124 Macedones
2222 2063 2494 2140 transit,
2563 2070 2658 2139 ut,

351 2170 509 2254 quid
568 2170 715 2235 illos
771 2170 1052 2234 maxime
1112 2170 1178 2232 in
1223 2166 1524 2251 Philippo
1583 2165 1959 2246 offenderit,
2030 2167 2241 2247 dicat,
2312 2168 2546 2234 deinde
2592 2170 2660 2234 id

351 2278 727 2362 Philippum
788 2277 1132 2343 sustulisse
1189 2283 1432 2340 narret.
1545 2275 1632 2339 Et
1699 2275 2030 2340 invidiae
2088 2274 2353 2360 quidem
2409 2277 2658 2343 alicui

353 2409 498 2453 esse
567 2394 684 2451 aut
749 2387 1102 2450 invisum
1168 2405 1342 2448 esse
1414 2383 1536 2461 ad,
1614 2382 1743 2448 hoc
1810 2390 1938 2461 est,
2020 2384 2236 2467 apud
2305 2384 2657 2469 aliquem

352 2517 554 2579 quam
599 2495 841 2559 usitate
890 2493 1166 2571 dicatur,
1224 2491 1561 2556 declarant
1606 2492 1814 2574 ipsius
1861 2490 2025 2554 Livii
2072 2492 2371 2576 exempla
2418 2493 2571 2557 olim
2620 2517 2659 2558 a

350 2624 454 2668 me
501 2603 733 2688 posita,
791 2601 906 2681 111,
957 2604 1057 2678 31,
1104 2606 1143 2664 4
1192 2599 1538 2680 (invidiae
1583 2606 1848 2665 tamen
1892 2620 2019 2665 res
2065 2599 2159 2665 ad
2207 2603 2657 2667 exercitum
2748 2643 2754 2649 -

350 2711 533 2793 fuit)
580 2719 645 2776 et
681 2710 911 2789 XXIV,
961 2712 1058 2788 32,
1106 2713 1142 2772 2
1180 2708 1301 2788 (ad
1350 2709 1714 2773 militare
1762 2730 2009 2791 genus
2055 2729 2276 2773 omne
2321 2717 2663 2793 partem-

351 2840 501 2902 que
549 2839 903 2901 magnam
950 2816 1215 2900 plebis
1261 2818 1624 2881 invisum
1657 2837 1834 2881 esse
1871 2836 2144 2880 nomen
2180 2817 2660 2898 Romanum),

351 2933 417 2991 et
466 2925 796 2990 Ciceronis
845 2924 958 3007 (ad
993 2923 1189 2988 Attio.
1230 2923 1399 3002 VIII,
1450 2928 1506 3002 3,
1554 2928 1621 2987 6:
1668 2924 2163 2987 invidiosum
2210 2923 2306 2986 ad
2353 2923 2660 3005 bonos),

355 3042 431 3098 ut
483 3033 648 3096 nihil
705 3054 869 3115 opus
932 3032 1019 3096 sit
1073 3032 1559 3115 praepositionis
1622 3032 1716 3095 ad
1777 3030 2005 3095 eodem
2063 3029 2434 3111 significatu
2481 3032 2661 3115 apud

351 3140 592 3206 similia
659 3140 857 3203 verba
924 3140 1373 3204 locutionesve
1439 3139 1672 3220 positae
1730 3138 2029 3221 exempla
2083 3138 2356 3201 Liviana
2416 3138 2658 3203 addere

354 3247 560 3329 (velut
606 3248 689 3326 V,
751 3252 822 3326 6,
882 3246 952 3311 6:
1022 3247 1311 3311 famam
1358 3245 1451 3308 ad
1499 3254 1831 3309 ceteros
1878 3246 2219 3328 populos
2269 3266 2658 3327 quaerere,

348 3355 595 3435 XXIX,
661 3360 766 3429 11,
829 3360 898 3417 4:
972 3360 1238 3433 terrae,
1297 3354 1392 3416 ad
1450 3374 1651 3435 quas
1697 3353 2222 3418 concilianda
2265 3355 2658 3419 maiestas

349 3465 653 3528 nomini
701 3464 1058 3528 Romano
1107 3470 1345 3539 esset,
1403 3462 1535 3525 ibd.
1587 3466 1689 3538 22,
1748 3466 1806 3540 8,
1866 3458 2161 3540 XXXVI,
2223 3466 2280 3541 8,
2330 3469 2398 3525 4;
2460 3483 2657 3544 quae-

352 3573 561 3636 renti
636 3571 792 3636 sibi
863 3569 1649 3634 commendationem
1719 3569 1812 3633 ad
1870 3569 2402 3635 Macedonum
2472 3592 2657 3654 gen-

350 3687 505 3744 tem
551 3685 629 3744 et
672 3677 1059 3743 invidiam
1104 3678 1306 3759 regi,
1365 3685 1432 3741 et
1478 3684 1544 3742 5:
1605 3678 1913 3742 null'am
1961 3679 2315 3761 gratiam
2362 3678 2458 3743 ad
2506 3678 2656 3743 Ma-

350 3787 718 3863 cedoneS,
769 3784 1039 3849 odium
1086 3786 1372 3868 ingens
1418 3786 1514 3850 ad
1561 3785 2031 3869 Philippum
2074 3787 2369 3868 movit).
2464 3786 2655 3863 Quod

347 3901 565 3958 autem
598 3891 1167 3957 Weissenbornius
1210 3892 1379 3957 hanc
1424 3893 1950 3957 emendationem
1997 3893 2405 3976 probandam
2449 3896 2656 3961 videri

348 4001 639 4083 potuisse
685 4000 965 4080 iudicat,
1024 4001 1079 4065 si
1126 4006 1303 4066 esset
1349 4002 1444 4067 ad
1489 4001 2004 4080 Macedones,
2063 4022 2142 4065 ea
2186 4023 2336 4066 vero
2385 4002 2655 4067 distinc-

345 4109 440 4172 tio
500 4107 682 4172 nulla
728 4112 856 4186 est,
924 4108 1231 4190 quoniam
1289 4130 1417 4172 non
1477 4108 1688 4173 minus
1746 4109 2000 4174 animos
2058 4109 2394 4175 hominum
2454 4108 2655 4174 offen·

345 4215 560 4280 dimus
617 4233 814 4297 quam
869 4216 1052 4299 ipsos
1111 4216 1408 4281 homines
1466 4238 1585 4281 nec
1643 4217 1858 4280 minus
1917 4216 2093 4301 apud
2152 4217 2404 4281 animos
2461 4217 2653 4281 invisi

343 4344 571 4403 sumus
630 4343 828 4405 quam
885 4324 1062 4404 apud
1119 4322 1445 4404 homines;
1515 4323 1749 4389 maluit
1810 4330 2031 4389 autem
2089 4325 2185 4387 sic
2229 4322 2449 4387 Livius
2496 4322 2651 4386 scri·

387 4436 519 4516 affe,
547 4428 1509 4896 &sententia
1553 4432 1842 4498 nondum
1889 4432 2106 4513 posito
2152 4432 2265 4497 illo
2313 4431 2648 4497 invidias
2685 4441 2826 4508 (380)
