3230 5282
1353 606 1477 669 285
2236 621 2361 677 Lib.
2397 621 2571 677 XXII.

296 790 711 877 obtorpuit)
782 813 996 877 neque
1067 790 1445 875 singularis,
1520 789 1637 855 ubi
1703 792 1929 875 plures
1998 790 2282 859 effodere
2342 795 2570 860 iuben-

295 904 404 963 tur.
516 900 677 966 Edd.
736 906 894 965 vett.
953 899 1566 983 obtorpuerint;
1632 898 2051 965 scribendum
2119 902 2571 986 obtorpue-

294 1015 473 1072 runt.
557 1006 875 1090 (1862.)¹)

441 1105 627 1201 *Cap
686 1123 755 1196 4,
823 1122 895 1179 4:
962 1114 1421 1179 Flaminius
1489 1150 1577 1159 —
1634 1113 1717 1178 id
1794 1119 2104 1180 tantum
2183 1116 2569 1199 hostium,

292 1223 476 1302 quod
518 1245 606 1289 ex
652 1224 997 1289 adverso
1044 1228 1239 1301 erat,
1287 1223 1743 1306 conspexit3
1790 1221 1886 1287 ab
1933 1228 2167 1306 tergo
2204 1244 2292 1289 ac
2328 1246 2571 1309 super

293 1338 505 1414 caput
558 1332 920 1417 deceptae
980 1330 1316 1395 insidiae.
1430 1328 1537 1395 Sic
1582 1331 1649 1395 in
1699 1329 2036 1396 codicibus
2084 1332 2417 1413 scribitur,
2462 1354 2572 1398 ex-

290 1445 460 1521 cepta
498 1441 691 1506 unius
736 1445 806 1505 et
851 1437 1124 1503 alterius
1167 1437 1609 1503 recentissimi
1654 1435 1781 1502 levi
1828 1436 2276 1519 aberratione3
2325 1461 2404 1505 ex
2442 1462 2571 1525 quo

289 1545 441 1627 quod
462 1547 719 1632 Lipsius
763 1547 922 1612 fecit
967 1545 1385 1629 decepere,
1433 1565 1647 1627 neque
1694 1546 1935 1610 erroris
1979 1545 2344 1630 probabilis
2389 1549 2571 1631 origo

289 1652 699 1722 demonstrari
756 1660 980 1739 potest
1032 1674 1245 1736 neque
1303 1652 1688 1736 decipere
1734 1674 2025 1736 unquam
2070 1654 2137 1717 in
2183 1676 2383 1738 prosa
2427 1676 2572 1721 ora·

288 1762 443 1827 tione
472 1771 581 1829 est
624 1762 936 1842 fallere,
991 1762 1271 1840 latere,
1319 1767 1627 1823 λανθάνειν.
1727 1750 2070 1838 Quodnam
2114 1762 2327 1827 lateat
2369 1765 2572 1847 parti-

290 1869 531 1952 cipium,
600 1873 671 1935 in
726 1892 857 1955 quo
919 1867 1314 1951 significatio
1373 1889 1529 1933 non
1588 1868 2342 1934 an-imadversarum
2396 1871 2572 1952 insit,

288 1975 528 2045 difficile
574 1985 678 2044 est
723 1979 924 2043 dictu.
1022 1977 1191 2041 Nam
1233 1976 1553 2065 relictae
1597 1975 1859 2060 longius
1907 1976 2064 2041 abit.
2160 1975 2413 2062 [Nuper
2456 1978 2573 2042 alii

287 2082 476 2151 baud
520 2086 937 2170 dispectae.
1004 2082 1167 2149 Mihi
1211 2090 1446 2168 postea
1489 2083 1783 2166 suspicio
1830 2084 2069 2149 oborta
2113 2088 2233 2163 est,
2278 2085 2571 2167 potuisse

295 2189 560 2274 Livium,
627 2194 742 2278 qui
786 2192 973 2271 XXI,
1042 2195 1143 2270 33,
1213 2195 1250 2255 6
1298 2189 1659 2275 (praeeunte
1707 2191 1996 2275 quodam
2040 2191 2237 2258 modo
2280 2191 2573 2274 Vergilio

291 2297 417 2364 AEn.
461 2301 646 2380 VIII,
705 2302 817 2383 23)
864 2298 1123 2364 valles
1167 2319 1698 2382 repercussas
1745 2299 1939 2380 dixit,
2000 2321 2144 2385 quae
2192 2321 2422 2365 sonum
2468 2323 2571 2366 re-

291 2414 714 2489 percuterent,
772 2410 971 2473 etiam
1032 2407 1419 2489 deceptus
1477 2407 1901 2491 participium
1956 2407 2301 2473 brevitatis
2347 2410 2569 2477 studio

287 2534 427 2579 nove
482 2517 700 2581 dicere
759 2516 840 2580 de
885 2536 987 2594 re,
1056 2535 1200 2598 quse
1266 2513 1556 2597 decipiat
1598 2534 1724 2580 nec
1770 2514 2336 2581 animadvertatur
2382 2524 2448 2582 et
2496 2519 2563 2582 in

290 2640 403 2702 qua
454 2624 691 2707 aliquis
758 2624 1159 2708 decipiatur,
1225 2643 1350 2687 usu
1417 2643 1604 2705 paene
1661 2622 1953 2707 poetico,
2021 2624 2572 2708 quemadmodum

291 2727 537 2797 Ovidius
593 2732 793 2798 Trist.
839 2731 957 2810 IV,
1033 2735 1088 2809 1,
1161 2734 1240 2795 14
1286 2728 1480 2794 dixit:
1538 2727 1865 2795 fallitur
1910 2731 2225 2796 ancillae
2272 2731 2572 2817 decipi-

288 2843 558 2923 turque
614 2839 850 2905 labor
894 2839 1229 2922 (idemque
1273 2843 1340 2903 et
1395 2837 1691 2903 fallere
1737 2837 2157 2920 laborem),
2213 2839 2573 2924 eodemque

289 2944 677 3012 referendum
722 2968 868 3013 esse
913 2948 980 3011 in
1025 2945 1209 3025 VIII,
1268 2950 1336 3026 7,
1401 2950 1506 3027 18,
1569 2966 1764 3029 quem
1794 2945 2034 3010 ¹locum
2079 2953 2277 3012 antea
2321 2948 2573 3012 coniec-

289 3056 422 3118 tura
471 3061 910 3134 tentaveram,
977 3054 1393 3137 specimen
1460 3054 1807 3118 virtutis
1874 3053 2301 3138 deceptum
2367 3075 2575 3120 vana

289 3157 611 3244 imagine
659 3162 1013 3242 decoris,
1071 3161 1198 3226 hoc
1243 3167 1373 3241 est,
1428 3161 1498 3224 in
1543 3180 1673 3243 quo
1720 3162 1867 3244 quis
1914 3161 2229 3245 deceptus
2274 3163 2362 3226 sit
2406 3183 2575 3228 vana

293 3265 582 3350 imagine,
652 3281 791 3353 quo'
827 3269 1023 3334 modo
1083 3269 1259 3333 idem
1306 3266 1578 3332 Ovidius
1626 3290 1707 3333 ex
1750 3268 1941 3334 Pont.
1988 3268 2097 3349 IV,
2157 3273 2213 3349 6,
2278 3274 2353 3333 15
2403 3271 2571 3335 cul-

290 3393 439 3455 pam
483 3377 912 3461 deceptam
956 3376 1141 3455 dixit,
1186 3377 1254 3442 in
1301 3397 1498 3459 quam
1543 3378 1688 3459 quis
1734 3377 2044 3460 deceptus
2089 3376 2516 3461 inciderit.]2)

336 3610 380 3676 ¹)
411 3612 539 3683 Gap.
578 3617 628 3680 3,
664 3616 701 3667 9
735 3631 852 3668 non
888 3614 1145 3682 expletur
1179 3614 1383 3669 lacuna
1418 3631 1534 3668 uno
1571 3613 1743 3668 verbo
1782 3612 2115 3668 dedisset.
2190 3613 2383 3683 Neque
2421 3617 2570 3670 enim

404 3698 592 3752 Livius
627 3699 972 3753 Flaminium
1005 3700 1339 3766 induxisset,
1375 3703 1681 3768 postquam
1715 3715 1775 3752 se
1810 3716 1879 3752 ex
1914 3699 2147 3753 consilio
2185 3700 2572 3768 proripuisset,

408 3784 549 3851 apud
584 3795 682 3838 eos
717 3784 1000 3852 homines,
1048 3784 1143 3853 qui
1188 3783 1426 3839 consilio
1472 3801 1588 3838 non
1634 3782 2010 3837 interfuerant
2046 3782 2133 3850 (—
2169 3785 2264 3853 qui
2300 3790 2575 3854 praeterea

405 3885 474 3923 ne
507 3872 681 3924 verbo
720 3869 949 3938 quidem
986 3868 1377 3939 significantur
1411 3868 1524 3935 —-),
1581 3867 1897 3922 orationem
1943 3869 2013 3921 ab
2049 3869 2138 3922 his
2174 3869 2384 3923 verbis:
2440 3871 2572 3924 imo

410 3953 750 4007 sedeamus
788 3953 1118 4020 ordientem,
1156 3955 1216 4008 in
1252 3954 1455 4022 quibus
1491 3953 1644 4021 im0,
1681 3970 1791 4021 quo
1828 3953 2113 4021 referatur,
2151 3972 2267 4007 non
2303 3955 2490 4009 habet.

334 4034 380 4100 ’)
413 4034 475 4091 In
505 4042 832 4093 transcursu
868 4038 1070 4106 dicam,
1107 4039 1262 4109 apud
1293 4038 1594 4108 Polybium
1630 4037 1737 4105 III,
1781 4041 1875 4106 83,
1921 4040 1956 4092 4
1990 4039 2049 4092 in
2084 4039 2287 4093 harum
2322 4040 2574 4110 ipsarum

409 4120 730 4178 insidiarum
766 4123 1167 4193 descriptione,
1204 4140 1308 4192 pro
1346 4125 1471 4177 κατὰ
1509 4127 1684 4189 ταύτην
1720 4124 1802 4189 τὴν
1841 4131 2018 4178 εἴσοδον
2055 4141 2085 4177 e
2112 4124 2371 4179 codicum
2401 4124 2570 4192 (DEF

409 4209 550 4277 apud
595 4209 939 4274 Bekkerum)
982 4210 1242 4279 vestigiis
1286 4208 1389 4276 (καὶ
1433 4208 1629 4276 ταύτην)
1675 4209 2033 4263 scribendum
2078 4226 2222 4264 esse:
2276 4215 2379 4265 κατ’
2425 4213 2571 4277 αὐτὴν

409 4296 485 4358 τὴν
521 4304 712 4350 ἀποδω.
793 4294 963 4364 Apud
997 4294 1220 4348 Livium
1266 4312 1313 4349 c.
1350 4297 1414 4363 ¹7,
1458 4296 1517 4360 4,
1562 4294 1662 4347 ubi
1706 4311 1856 4348 nunc
1900 4294 1961 4348 in
1996 4293 2085 4347 ΡΟ
2118 4299 2409 4365 repertum
2460 4300 2570 4350 est:

409 4378 578 4433 nihil
616 4385 885 4434 austum
921 4379 1057 4446 (non
1090 4379 1434 4446 haustum)
1470 4395 1548 4433 ex
1583 4396 1754 4433 vano
1790 4380 2016 4448 velim,
2051 4396 2184 4433 vera
2219 4378 2571 4434 estWalchii

408 4465 729 4519 coniectura
775 4470 1046 4520 auctum
1092 4464 1405 4520 scribentis.
1484 4465 1746 4519 Habebat
1790 4471 1847 4519 et
1882 4466 2060 4518 altera
2094 4464 2271 4530 fama,
2319 4480 2430 4532 qua
2462 4480 2565 4515 nu-
