3230 5282
1772 595 1851 656 10

649 784 984 855 terram,
1052 784 1128 844 ut
1192 777 1386 862 vulgo
1458 777 1708 858 editur,
1777 780 1967 862 quasi
2040 786 2281 864 agatur
2337 781 2417 847 de
2478 782 2704 848 cloaca
2760 805 2952 867 supra

647 894 895 952 terram
951 885 1095 952 fieri
1151 892 1389 971 coepta
1445 886 1567 951 sub
1624 894 1870 953 terram
1926 888 2148 971 aliquo
2200 871 2356 955 'loco
2406 890 2838 972 demittenda3
2887 893 2950 957 in

648 995 699 1060 P
767 1002 870 1061 est
934 989 1216 1077 terra),
1284 995 1416 1060 ibd.
1464 1001 1505 1059 4
1573 994 1681 1078 (in
1744 998 2084 1081 regiam,
2152 998 2331 1081 quod
2396 999 2730 1080 Hertzius,
2800 1000 2951 1066 mihi

649 1104 1037 1183 obsecutuS,
1109 1103 1455 1186 correxit),
1524 1105 1590 1168 in
1645 1125 1821 1170 nono
1884 1112 2106 1171 autem
2163 1106 2335 1172 libro
2392 1107 2500 1190 (ne
2548 1130 2628 1174 ex
2673 1130 2803 1174 uno
2850 1130 2951 1174 ex-

647 1211 868 1297 empla
912 1215 1281 1295 sumantur)
1328 1212 1462 1278 his:
1511 1233 1568 1278 c.
1593 1217 1653 1292 2,
1701 1216 1739 1276 9
1788 1212 2331 1295 (obiacentem
2375 1216 2675 1297 molem,
2722 1217 2951 1283 mendo

650 1328 796 1388 orto
844 1322 1043 1387 etiam
1090 1342 1170 1386 ex
1214 1323 1656 1404 geminatione
1700 1323 1928 1406 primae
1972 1322 2212 1388 litterae
2255 1325 2434 1390 vocis
2480 1325 2737 1408 mole),
2796 1347 2849 1392 c.
2894 1331 2949 1399 8,
3049 1402 3052 1403 ⁷

648 1436 686 1494 7
755 1430 954 1512 (cum
1021 1431 1283 1495 omnia
1347 1430 1571 1494 iusta
1635 1430 1715 1493 in
1784 1429 2288 1497 deditionem
2346 1439 2714 1498 nostram
2775 1455 2953 1516 per-

646 1539 870 1604 fecta
914 1543 1188 1616 erunt,
1246 1544 1325 1602 ut
1367 1537 1561 1621 vulgo
1608 1537 1863 1618 editur,
1917 1559 2048 1604 uno
2096 1546 2163 1605 et
2208 1540 2418 1606 altero
2467 1541 2691 1607 codice
2735 1562 2952 1607 recen-

646 1648 902 1713 tissimo
960 1668 1108 1712 vere
1168 1646 1549 1711 emendato:
1619 1647 1699 1711 in
1759 1646 2195 1714 deditione
2255 1650 2607 1731 nostra),
2669 1671 2723 1714 c.
2772 1654 2869 1728 26,
2917 1656 2951 1713 3

648 1755 1168 1840 (progressus
1247 1756 1324 1819 in
1391 1755 1837 1838 contione),
1917 1778 1973 1822 c.
2043 1760 2155 1836 27,
2238 1762 2275 1822 5
2344 1757 2449 1840 (in
2516 1764 2952 1842 conspectu

648 1865 894 1947 data),
942 1886 997 1929 c.
1035 1868 1135 1941 39,
1173 1868 1209 1926 9
1249 1862 1564 1945 (secuta
1609 1862 1903 1929 deinde
1946 1866 2253 1950 impetu
2300 1865 2676 1949 eorum).¹)
2744 1866 2952 1949 Atque

646 1974 786 2039 haec
829 1974 979 2053 tria,
1028 1993 1173 2055 quae
1221 1978 1510 2037 extremo
1558 1972 1702 2037 loco
1749 1974 1961 2055 posui,
2011 1995 2181 2039 unus
2226 1975 2443 2039 tenuit
2474 1973 2953 2052 Alschefskius;

647 2082 764 2146 sed
809 2083 877 2145 in
922 2080 1093 2145 libro
1140 2080 1228 2158 X,
1281 2084 1385 2158 18,
1439 2084 1513 2142 12
1560 2101 1772 2162 nuper
1816 2085 1884 2144 et
1920 2080 2491 2147 Weissenbornius
2537 2089 2605 2149 et
2649 2083 2953 2148 Hertzius

647 2189 1026 2254 ediderunt:
1094 2208 1242 2252 nec
1299 2208 1487 2253 usus
1541 2189 1666 2253 sui
1729 2189 1840 2252 sit
1884 2188 1963 2253 in
2007 2188 2448 2270 Etruriam,
2507 2196 2575 2255 et
2620 2210 2765 2255 cum
2811 2190 2954 2267 hoc,

649 2298 823 2380 quod
892 2296 1119 2361 consul
1187 2297 1327 2380 ipse
1395 2298 1463 2360 in
1528 2296 1801 2362 Etruria
1867 2318 2137 2362 versans
2207 2297 2395 2378 dicit,
2474 2306 2956 2382 compararunt,

646 2406 821 2489 quod
880 2405 1123 2470 dicitur
1177 2402 1745 2489 proconsulem
1801 2405 1879 2468 in
1935 2404 2414 2490 Hispaniam
2472 2427 2777 2486 creare,
2832 2406 2956 2472 hoc

648 2522 782 2593 est,
851 2515 961 2596 qui
1030 2514 1096 2578 in
1156 2512 1544 2596 Hispaniam
1617 2519 1743 2578 eat.
1854 2511 2170 2579 Eiusdem
2226 2521 2449 2580 autem
2507 2515 2776 2598 originis
2834 2522 2955 2594 est,

648 2623 826 2707 quod
871 2644 1044 2688 nuuc
1092 2618 1589 2703 (Alschefskius,
1645 2621 2235 2704 WeissenborniuS,
2292 2622 2627 2706 Hertzius)
2673 2624 2743 2688 in
2785 2622 2955 2689 libro

651 2732 743 2814 X,
805 2736 916 2812 36,
987 2736 1012 2793 1
1079 2730 1310 2795 edunt:
1379 2731 1455 2793 in
1524 2730 1787 2795 medio
1847 2732 2219 2799 sarcinas
2281 2733 2769 2813 coniiciunt,
2837 2734 2962 2816 ipsi

648 2842 1077 2918 adnotantes,
1140 2837 1300 2902 alibi
1357 2859 1613 2921 semper
1672 2838 1802 2903 dici
1856 2840 1941 2904 in
2001 2840 2344 2905 medium
2401 2841 2813 2906 coniicere
2860 2839 2965 2924 (ut

721 3112 754 3177 ¹)
795 3109 1355 3180 [„Weissenbornius,
1392 3127 1564 3179 quum
1602 3128 1649 3163 a.
1693 3113 1824 3167 1853
1860 3114 1920 3166 in
1955 3113 1997 3179 1,
2034 3115 2118 3178 33,
2155 3114 2189 3167 6
2223 3118 2380 3168 recte
2416 3114 2710 3168 edidisset:
2750 3119 2966 3183 ponte

785 3224 853 3234 —
896 3196 965 3251 in
1008 3195 1247 3250 Tiberi
1291 3194 1509 3259 sact0,
1566 3215 1612 3248 a.
1658 3198 1789 3251 1860
1833 3204 2031 3252 eontra
2075 3205 2327 3268 apertam
2370 3200 2649 3254 rationem
2686 3217 2966 3268 usumque

788 3282 1303 3337 constantissimum
1342 3280 1561 3347 (contra
1588 3282 1841 3352 Petiam)
1879 3286 2112 3354 scripsit
2146 3285 2214 3339 in
2250 3285 2577 3352 Tiberim,
2617 3289 2676 3340 et
2711 3284 2754 3351 Ι,
2792 3287 2877 3352 39,
2922 3288 2967 3352 1,

787 3385 960 3437 quum
998 3372 1129 3422 ante
1164 3371 1321 3421 recte
1358 3367 1703 3436 scripsisset:
1758 3369 2154 3440 prodigium
2201 3370 2349 3425 visu
2397 3375 2791 3438 eventuque
2826 3388 2965 3424 me·

786 3453 1123 3507 morabile
1162 3451 1312 3516 fuit,
1348 3468 1499 3507 nunc
1525 3453 1720 3522 posuit
1747 3454 2178 3511 incredibiliter:
2215 3456 2310 3510 Εο
2339 3461 2653 3524 tempore
2684 3456 2750 3509 in
2769 3456 2970 3526 regia

789 3537 1188 3609 prodigium
1233 3538 1481 3605 visum,
1538 3545 1928 3609 eventuque
1981 3542 2438 3597 memorabile
2485 3541 2625 3594 fuit
2669 3541 2850 3609 (quasi
2900 3557 2971 3595 eo

785 3629 1046 3693 tempore
1084 3628 1286 3678 eventu
1324 3624 1688 3679 memorabile
1724 3624 1895 3680 fuerit
1928 3627 2247 3696 prodigium
2285 3634 2341 3682 et
2379 3627 2540 3697 quasi
2577 3626 2656 3680 sic
2693 3626 2972 3694 coniungi

788 3710 1011 3779 possint
1061 3709 1279 3763 visum
1326 3727 1429 3778 pro
1485 3710 1702 3764 visum
1750 3717 1852 3765 est
1901 3717 1959 3765 et
2005 3712 2180 3779 fuit);
2237 3714 2378 3767 adeo
2426 3729 2538 3766 nou
2588 3715 2687 3765 aut
2735 3709 2806 3763 ad
2851 3710 2974 3779 illa,

790 3813 915 3864 quae
952 3794 1271 3850 Emendatt.
1308 3794 1429 3849 Liv.
1458 3814 1510 3865 p.
1544 3798 1577 3849 9
1613 3796 1887 3864 indicavi,
1936 3798 2191 3867 exempla
2227 3797 2548 3853 attenderat
2583 3803 2682 3851 aut
2716 3796 2788 3851 ad
2825 3796 2974 3866 hoec,

791 3898 918 3949 quae
966 3885 1242 3950 praeterea
1288 3881 1347 3936 in
1383 3881 1604 3935 duobus
1641 3867 1838 3950 primis
1875 3882 2035 3937 libris
2071 3883 2320 3937 viderat:
2357 3883 2401 3948 1,
2447 3885 2530 3948 34,
2584 3885 2615 3936 5
2655 3885 2978 3939 exsulem

789 3966 1055 4020 advena
1090 3965 1171 4033 (M
1205 3966 1295 4031 P),
1351 3969 1439 4034 39,
1497 3969 1530 4021 6
1564 3966 2062 4023 familiaritate
2108 3976 2311 4023 aucta
2347 3969 2425 4036 (M
2459 3967 2541 4034 H,
2594 3967 2972 4024 familiari·

790 4056 1002 4106 tatem
1047 4056 1204 4104 acta
1238 4052 1322 4119 P),
1364 4051 1437 4120 11,
1491 4055 1569 4122 10,
1614 4053 1648 4104 7
1687 4059 1744 4107 et
1784 4056 1847 4107 10
1892 4053 2200 4123 exiguam
2249 4060 2448 4123 parte
2498 4059 2557 4110 et
2599 4061 2808 4124 ponte
2847 4055 2975 4109 ob-

794 4137 1066 4191 tineret
1110 4135 1174 4205 (P
1209 4155 1282 4191 m.
1326 4136 1391 4205 1),
1443 4141 1522 4205 11,
1568 4139 1601 4190 7
1639 4136 1973 4192 Gabinam
2022 4139 2197 4192 viam
2233 4139 2348 4206 (M),
2385 4142 2469 4207 20,
2511 4143 2534 4192 1
2576 4140 2640 4194 in
2687 4139 2981 4210 primam

791 4222 1094 4275 exsulum
1140 4223 1360 4277 aciem
1405 4223 1534 4290 (M),
1583 4225 1676 4291 32,
1723 4225 1757 4277 ὖ
1807 4223 2107 4278 residem
2153 4224 2225 4277 in
2272 4225 2507 4280 urbem
2554 4225 2633 4293 (M
2670 4242 2740 4277 m.
2784 4228 2838 4291 1,
2888 4225 2982 4293 Ρ),

791 4309 876 4374 34,
924 4309 957 4361 6
1006 4307 1124 4362 ubi
1160 4326 1305 4363 eam
1339 4308 1737 4363 remisisset
1782 4308 1863 4375 (M
1898 4308 1989 4376 Ρ),
2036 4309 2148 4363 ibd.
2193 4311 2256 4363 12
2292 4308 2528 4377 (facile
2565 4310 2825 4365 dictum
2868 4317 2984 4365 est

795 4392 875 4461 (Μ
918 4392 1032 4459 Ρ).“
1124 4394 1229 4460 (Ex
1265 4393 1481 4462 praefat.
1519 4393 1667 4447 Livii
1713 4394 1820 4447 vol.
1859 4394 1886 4447 1
1921 4394 2055 4449 fasc.
2106 4394 2172 4462 1.)
2261 4395 2466 4450 Postea
2511 4395 2746 4450 Tiberi
2801 4412 2980 4450 revo-

796 4484 1001 4545 catum,
1037 4479 1252 4533 visum
1292 4484 1574 4533 servatum
1612 4481 1726 4532 est!
1764 4478 1875 4533 cfr.
1912 4478 2052 4534 Adv.
2092 4479 2223 4534 Crit.
2262 4481 2287 4534 1
2324 4499 2376 4550 p.
2414 4477 2520 4546 69.]
