3230 5282
1469 653 1586 713 '741
2347 665 2471 719 Lib.
2508 663 2676 719 XLV.

553 839 706 924 Cap.
757 843 854 918 37,
904 842 942 903 2
989 838 1084 922 (in
1126 837 1214 903 M.
1263 835 1522 903 Servilii
1580 839 1884 903 oratione
1945 843 2177 902 contra
2224 833 2358 900 Ser.
2405 834 2685 902 Galbam

377 970 500 1035 pro
566 947 901 1036 triumpho
978 947 1049 1011 L.
1132 945 1436 1028 AEmilii):
1504 944 1800 1010 Eadem
1867 945 2266 1010 severitas
2335 945 2684 1028 imperii,

380 1076 617 1139 quam
659 1076 866 1120 nunc
914 1055 1278 1134 oderunt,
1324 1061 1513 1119 tunc
1561 1053 1729 1133 (cod,
1771 1062 1876 1132 ut,
1923 1074 2047 1118 scr.
2093 1052 2283 1134 tum)
2330 1073 2465 1118 eos
2512 1073 2686 1117 con-

379 1165 652 1230 tinuit.
742 1162 1034 1247 Itaque
1083 1164 1429 1247 antiqua
1485 1161 1941 1245 disciplina
1995 1160 2270 1226 habiti
2329 1159 2499 1242 (cod.
2560 1159 2689 1246 ha-

379 1272 586 1355 bita)
644 1292 900 1355 neque
947 1270 1341 1336 fecerunt.
1431 1270 1775 1336 Postrema
1818 1272 1958 1336 haec
2003 1290 2204 1352 quum
2252 1288 2513 1333 sensum
2556 1288 2690 1333 non

382 1381 628 1446 habere
672 1379 1097 1445 manifestum
1142 1388 1343 1459 esset,
1386 1380 1787 1445 recentiores
1832 1379 2083 1444 lacunae
2128 1379 2314 1461 signa
2360 1383 2511 1441 ante
2556 1397 2689 1441 ne-

382 1511 533 1573 que
576 1496 965 1574 posuerunt.
1045 1487 1474 1553 Scribendum
1521 1494 1694 1553 erat:
1741 1488 2028 1570 Itaque
2075 1486 2413 1569 antiqua
2449 1484 2689 1549 disci-

383 1598 609 1682 plina
652 1597 920 1662 habiti
964 1587 1450 1674 quieveruut,
1495 1597 1805 1661 restituto
1864 1617 1939 1660 eo
1996 1594 2227 1674 verbe,
2284 1592 2462 1677 quod
2508 1592 2594 1658 ad
2635 1614 2687 1658 c.

389 1710 490 1785 23,
517 1711 553 1771 6
593 1705 726 1770 dixi
770 1704 962 1769 huius
986 1704 1245 1769 librarii
1279 1704 1613 1770 erroribus
1651 1691 2002 1770 obnoxium
2023 1701 2242 1767 fuisse.
2287 1701 2459 1766 Nam
2494 1701 2689 1784 (prae-

380 1820 486 1881 ter
509 1815 644 1896 qui
688 1813 929 1880 hodie
977 1834 1159 1879 esse
1196 1834 1314 1896 pro
1349 1812 1586 1879 hodie
1624 1814 1950 1897 quiesse
1975 1810 2198 1889 XLIV,
2228 1814 2326 1888 36,
2359 1809 2463 1892 13)
2496 1809 2688 1876 huius

380 1922 536 1988 libri
571 1943 623 1987 c.
651 1924 813 2002 22‚4
849 1943 967 2006 pro
1006 1921 1501 2005 quieverunt
1539 1921 1804 2004 scripsit
1840 1921 1979 2004 qui
2014 1919 2348 1985 fuerunt
2393 1924 2461 1983 et
2498 1940 2550 1983 c.
2588 1921 2689 1999 42,

389 2035 425 2095 9
460 2052 581 2115 pro
616 2030 747 2095 his:
782 2051 873 2095 ne
921 2030 1247 2112 quietus
1294 2029 1618 2112 quidem
1662 2030 1799 2094 haec
1838 2028 2099 2113 scripsit
2134 2036 2447 2108 monstra,
2494 2047 2692 2109 quum

388 2160 456 2205 se
502 2160 542 2204 a
586 2140 798 2223 primo
845 2160 1067 2204 errore
1114 2159 1428 2204 revocans
1483 2138 1550 2201 in
1605 2159 1845 2203 novum
1898 2135 2227 2201 indueret:
2295 2156 2552 2217 neque
2612 2135 2692 2200 ui

388 2268 646 2332 neque
693 2246 1055 2312 eiusdem
1101 2246 1443 2330 quidem.
1516 2232 1949 2329 Nam'primae
1993 2244 2231 2310 litterae
2279 2243 2475 2328 (qui)
2521 2243 2692 2309 alius

388 2357 569 2422 vocis
628 2356 912 2440 speciem
980 2353 1398 2420 obiiciebant.
1489 2354 1724 2437 Itaque
1784 2355 1978 2420 etiam
2030 2351 2289 2430 XXXV,
2334 2357 2436 2430 40,
2489 2356 2523 2415 3
2569 2374 2692 2437 pro

386 2463 569 2530 Boii
615 2465 1107 2548 quieverunt
1141 2464 1209 2529 in
1234 2462 1459 2529 codice
1494 2461 1966 2546 Bambergensi
2002 2461 2315 2545 scriptum
2351 2467 2477 2526 est:
2524 2459 2695 2526 Boi-

390 2593 542 2657 que
590 2571 689 2635 VI
725 2572 1087 2651 fuerunt,
1134 2572 1202 2636 in
1247 2571 1711 2638 deterioribus:
1758 2570 2092 2656 Boiiqui
2126 2569 2480 2635 fuerunt.
2529 2568 2697 2654 [Iam

391 2681 731 2747 Rubenius
775 2689 954 2746 tunc
1011 2682 1522 2766 quieverunt.
1611 2681 1688 2745 In
1746 2680 1894 2745 aliis
1939 2679 2105 2744 Livii
2164 2677 2351 2743 codd.
2400 2677 2697 2761 exempla

385 2789 578 2855 huius
613 2789 794 2854 verbi
830 2790 1121 2873 corrupti
1158 2790 1576 2855 inveniuntur
1613 2788 1727 2869 III,
1770 2792 1865 2867 16,
1901 2793 1959 2866 4,
2006 2787 2120 2852 ubi
2158 2786 2416 2869 egregie
2453 2784 2696 2851 Forch-

388 2898 683 2963 hammer
741 2919 819 2963 ex
863 2905 1193 2982 tumque
1242 2918 1428 2963 esse
1477 2896 1694 2962 effecit
1738 2903 1902 2961 tum
1962 2895 2327 2979 quiesse,
2377 2899 2441 2957 et
2489 2897 2588 2972 51,
2638 2897 2694 2972 7,

387 3005 503 3072 ubi
558 3005 707 3071 Ver.
768 3007 899 3090 qui
966 3005 1125 3070 fuit
1191 3025 1310 3089 pro
1379 3007 1730 3089 quievit,
1799 3002 2003 3082 XXII,
2077 3007 2172 3079 14,
2231 3004 2299 3064 2:
2372 3000 2698 3085 quidam

389 3115 723 3180 fuerunt
767 3136 886 3198 pro
935 3115 1446 3197 quieverant.
1518 3111 1647 3178 cfr.
1687 3111 2074 3177 Adv.crit.1
2112 3133 2174 3194 p.
2204 3107 2333 3191 30.]
2403 3108 2696 3192 Sequun-

390 3220 619 3307 tur§3
646 3224 933 3289 et4alia
970 3221 1235 3287 menda:
1277 3221 1433 3287 Ser.
1473 3221 1799 3305 quidem
1838 3220 2093 3285 Galba
2129 3218 2198 3284 si
2231 3218 2309 3282 in
2344 3217 2414 3282 L.
2452 3217 2699 3283 Paulo

392 3332 857 3398 accusando
903 3331 1386 3396 tirocinium
1447 3350 1747 3412 ponere
1805 3335 1883 3393 et
1939 3328 2502 3394 documentum
2546 3326 2701 3391 elo-

393 3441 761 3524 quentiae
809 3439 1002 3505 dare
1048 3440 1345 3515 voluit,
1384 3458 1541 3502 non
1586 3433 2527 3522 triumphumoimpedire
2580 3433 2701 3498 de-

392 3547 601 3626 buit,
649 3568 905 3630 quem,
954 3549 1021 3612 si
1065 3547 1276 3611 nihil
1321 3545 1582 3624 aliud,
1633 3552 1964 3610 senatus
2010 3546 2313 3608 iustum
2358 3563 2534 3607 esse
2579 3542 2703 3605 iu-

395 3655 854 3734 dicaverat,
938 3657 1073 3722 sed
1152 3663 1485 3740 postero
1568 3653 1728 3732 die,
1812 3672 2042 3734 quam
2107 3651 2704 3736 triumphatum

395 3770 552 3845 est,
614 3766 1022 3848 privatum
1068 3785 1243 3828 eum
1298 3765 1626 3828 visurus
1688 3767 1935 3839 esset,
1997 3781 2279 3825 nomen
2337 3758 2704 3825 deferret

394 3879 473 3936 et
529 3871 858 3956 legibus
920 3873 1517 3955 interrogaret,
1588 3877 1732 3934 aut
1787 3870 2051 3934 serius
2111 3868 2389 3952 paulo,
2459 3888 2703 3950 quum

394 3981 742 4064 primum
788 3981 1338 4064 magistratus
1383 3981 1562 4064 ipse
1620 3979 2008 4062 cepisset,
2069 3978 2281 4042 diem
2340 3975 2702 4053 diceret,

396 4088 806 4153 inimicum
854 4088 950 4153 ad
996 4088 1395 4172 populum
1439 4094 1901 4152 accusaret.
1991 4086 2279 4150 Primum
2337 4103 2467 4147 non
2524 4089 2701 4148 recte

395 4197 466 4260 in
520 4195 646 4262 hac
701 4218 771 4261 re
818 4196 1117 4262 absolute
1166 4196 1406 4261 dicitur
1449 4196 1930 4260 tirocinium
1975 4211 2301 4278 ponere;
2363 4198 2436 4255 ut
2494 4191 2691 4274 signi·
2730 4177 2875 4247 (618)

544 4453 842 4506 cessarium
885 4469 1052 4519 quam
1089 4449 1289 4519 XLIV,
1328 4453 1408 4514 38,
1452 4454 1515 4505 10
1565 4453 2138 4520 praeparaverant
2171 4466 2278 4518 pro
2334 4465 2702 4518 reparave-

536 4544 706 4605 rant,
748 4555 779 4590 a
813 4536 1152 4607 Nipperdeio
1191 4538 1658 4592 commendatum.
