3230 5282
517 616 641 670 Lib.
681 616 929 669 XXXIX.
1618 606 1739 665 558

525 787 671 868 sis):
718 787 1090 869 fassique
1138 787 1230 851 de
1277 808 1356 851 se
1401 764 1706 851 nullam
1751 808 2046 852 moram
2082 787 2394 852 iudicio
2437 787 2826 852 fecerunt.

523 896 789 959 Rectius
836 895 1095 960 codices
1133 894 1362 974 (etiam
1395 895 1489 976 M)
1536 894 1869 974 indicio,
1916 895 2038 959 hoc
2074 902 2190 972 est,
2240 917 2371 978 quo
2409 898 2618 960 minus
2659 902 2827 961 cete·

523 1023 634 1066 ros
683 1024 942 1085 quoque
989 1003 1372 1067 indicarent.
1465 1002 1563 1067 De
1610 1002 1854 1067 iudicio
1901 1004 2187 1068 nondum
2236 1004 2558 1084 agebatur
2603 1025 2723 1067 nec
2768 1004 2828 1067 ei

527 1130 776 1173 moram
822 1109 1042 1175 facere
1089 1117 1329 1193 potest,
1379 1111 1488 1192 qui
1536 1111 1601 1173 in
1650 1111 1924 1174 vinculis
1971 1112 2160 1191 est.¹)
2696 1116 2701 1120 ’

353 1215 497 1282 (454)
709 1216 861 1309 Cap.
910 1223 1010 1295 25,
1062 1222 1096 1281 3
1145 1226 1211 1281 et
1255 1223 1293 1281 4
1342 1218 1483 1298 (ubi
1547 1219 1767 1300 agitur
1814 1217 1893 1281 de
1950 1219 2162 1283 tribus
2229 1219 2464 1300 legatis
2524 1219 2837 1282 Romanis

751 1389 968 1396 *uz-..-

587 1470 631 1536 ¹)
670 1471 837 1523 Plura
874 1479 1005 1525 sunt
1042 1472 1099 1527 in
1137 1474 1241 1527 hac
1279 1473 1587 1536 vicinitate,
1642 1475 1699 1527 in
1738 1471 1938 1540 quibus
1993 1472 2181 1527 mendi
2237 1472 2449 1526 indicia
2477 1472 2631 1540 ,satis
2679 1475 2847 1524 certa.

667 1557 796 1622 sint,
839 1559 1155 1611 emendatio
1196 1559 1430 1624 incerta,
1470 1575 1592 1624 quse
1632 1556 1830 1626 perfici
1868 1557 2109 1611 fortasse
2144 1563 2363 1625 posset,
2403 1559 2447 1610 si
2484 1559 2637 1626 ipsos
2676 1556 2822 1610 codi-

668 1642 746 1694 cis
783 1642 842 1693 M
879 1643 1067 1710 apices
1121 1643 1310 1695 rimari
1365 1644 1573 1695 liceret.
1649 1643 1776 1708 Cap.
1823 1646 1902 1707 13,
1950 1647 1983 1695 4
2037 1660 2150 1696 non
2205 1647 2396 1710 potest
2449 1659 2643 1695 verum
2698 1658 2833 1705 esse,

667 1725 819 1793 quod
856 1727 986 1780 inde
1024 1745 1057 1780 a
1093 1727 1327 1782 Gelenio
1367 1746 1436 1781 ex
1472 1730 1531 1782 M
1569 1727 1663 1794 (et,
1703 1729 1923 1796 opinor,
1963 1726 2231 1796 Spirensi)
2272 1729 2480 1781 editur:
2519 1729 2835 1781 incusata

668 1812 976 1878 perfidia
1006 1812 1300 1879 AEbutii,
1339 1814 1452 1881 qui
1490 1813 1738 1881 optimi
1777 1813 1846 1886 in
1885 1829 1958 1865 eo
1994 1813 2145 1880 ipso
2183 1814 2416 1865 meriti
2456 1813 2660 1866 talem
2700 1828 2841 1880 gra—

669 1896 833 1948 tiam
872 1898 1254 1951 retulisset.
1329 1898 1472 1951 Nam
1510 1903 1573 1950 ut
1609 1897 1941 1962 concedam,
1979 1898 2183 1951 Latine
2222 1897 2335 1951 dici
2374 1897 2673 1966 gratiam
2707 1914 2829 1949 me-

670 1979 793 2031 riti
848 1981 1144 2048 referre,
1183 1999 1345 2036 nemo
1394 1984 1641 2036 bonum
1691 1989 1787 2035 aut
1836 1983 2163 2051 optimum
2201 1984 2459 2035 meritum
2495 2000 2598 2050 pro
2634 1996 2835 2048 magno

669 2066 1059 2133 praeclaroque
1097 2068 1255 2120 dixit.
1328 2067 1519 2135 Neque
1557 2073 1743 2121 tamen
1785 2067 2119 2135 simpliciter
2168 2067 2580 2122 restituendum
2617 2065 2837 2119 videtur

672 2167 702 2202 e
738 2151 1091 2218 vulgaribus:
1151 2153 1411 2220 optime
1465 2154 1535 2206 in
1583 2170 1656 2206 eo
1711 2154 1863 2222 ipso
1903 2152 2195 2218 meritae3
2234 2171 2361 2205 nam
2411 2169 2487 2204 eo
2524 2153 2693 2220 ipsc,
2732 2167 2838 2218 quo

672 2233 962 2301 referatur,
999 2253 1115 2289 non
1154 2237 1339 2291 habet.
1413 2237 1678 2291 Proxime
1717 2238 1784 2290 ad
1824 2238 2234 2291 correctionem
2283 2238 2338 2290 in
2377 2239 2461 2290 ed.
2502 2238 2840 2290 Ascensiana

674 2317 986 2371 adhibitam
1033 2322 1390 2374 scribendum
1437 2321 1661 2374 videtur
1727 2324 1981 2390 optime
2038 2322 2116 2374 de
2178 2324 2331 2390 ipso
2385 2323 2656 2375 meritae.
2732 2320 2838 2373 Sed

673 2403 862 2455 mendi
919 2406 1079 2472 origo
1146 2406 1384 2458 obscura
1443 2411 1543 2459 est,
1621 2405 1751 2475 Cap.
1798 2409 1875 2472 14,
1914 2411 1947 2460 4
2009 2407 2271 2473 (Patres
2325 2423 2541 2474 pavor
2594 2407 2839 2472 ingens

675 2488 875 2555 cepit,
914 2507 1108 2556 quum
1165 2491 1444 2558 publico
1502 2478 1789 2546 nomine
1856 2521 1937 2557 —,
1992 2497 2123 2566 tum
2181 2493 2506 2560 privatim
2578 2507 2841 2544 suorum

679 2573 975 2640 quisque
1013 2575 1249 2641 vicem)
1301 2582 1454 2629 recte
1492 2575 1805 2630 Gronovius
1854 2581 1911 2629 et
1946 2577 2232 2631 Creverius
2283 2583 2494 2646 negant
2529 2576 2749 2629 Livium
2786 2575 2843 2627 in

677 2658 776 2710 tali
812 2661 1110 2713 verborum
1150 2663 1444 2730 complexu
1491 2663 1749 2715 aberrare
1796 2664 2075 2731 potuisse,
2131 2670 2193 2716 ut
2240 2665 2443 2731 quisq
2460 2679 2535 2716 ue
2573 2662 2843 2716 scriberet

677 2761 779 2811 pro
830 2762 1178 2813 quemque.
1255 2745 1366 2799 Sed
1422 2765 1756 2815 quemque
1814 2749 1906 2800 vix
1942 2750 1998 2801 in
2036 2750 2325 2817 quisque
2364 2748 2602 2800 transire
2640 2746 2840 2813 potuit.

679 2827 910 2881 Fuitne:
966 2848 1232 2884 suorum
1284 2833 1620 2898 cuiusque
1659 2834 1873 2885 vicem
1913 2833 2125 2898 (eorum
2163 2833 2371 2897 vicem,
2410 2832 2505 2899 qui
2545 2831 2629 2883 sui
2666 2829 2842 2882 cuius-

678 2931 785 2980 que
833 2915 1054 2980 erant)⁴?
1113 2915 1225 2983 [Sic
1271 2915 1647 2983 Doeringius.]
1686 2916 1815 2985 Cap.
1860 2920 1939 2984 19,
1976 2921 2024 2983 4,
2063 2918 2156 2970 ubi
2197 2917 2265 2970 de
2302 2916 2553 2986 praemiis
2592 2914 2664 2969 ob
2700 2914 2835 2966 Bac-

679 2998 936 3052 chanalia
971 3000 1220 3053 indicata
1257 3002 1494 3055 decretis
1533 3002 1748 3069 agitur,
1798 3019 1904 3069 pro
1944 3019 2033 3067 ec,
2072 3002 2223 3069 quod
2261 3021 2290 3055 e
2328 3000 2651 3069 vulgaribus
2688 2997 2838 3051 codi-

681 3083 839 3136 cibus
893 3085 1099 3139 editur:
1157 3104 1326 3140 neve
1364 3085 1651 3152 (AEbutio)
1718 3104 1965 3139 censor
2031 3104 2269 3153 equum
2317 3087 2684 3155 publicum
2739 3081 2840 3134 ad·

684 3167 1025 3237 signaret,
1076 3172 1131 3224 in
1169 3172 1227 3224 M
1264 3178 1369 3225 est:
1427 3190 1598 3225 neve
1654 3189 1899 3225 censor
1951 3172 2270 3225 Licinius
2318 3188 2565 3238 equum
2618 3167 2847 3237 publi-

682 3270 824 3305 cum
864 3256 1282 3322 assignaret.
1341 3259 1453 3311 Sub
1491 3259 1719 3311 nomine
1768 3274 1997 3325 prorsus
2036 3256 2306 3321 absurdO,
2358 3255 2508 3323 quod
2548 3256 2605 3306 in
2644 3253 2835 3319 vulga·

679 3337 833 3390 ribus
871 3340 1032 3392 codd.
1062 3343 1325 3395 omissum
1364 3348 1465 3407 est,
1505 3361 1675 3409 quum
1712 3360 1828 3395 non
1866 3342 2303 3409 intellegeretur,
2343 3341 2486 3393 latet
2515 3346 2705 3391 tamen
2742 3336 2839 3388 ali·

682 3422 844 3488 quid3
883 3430 939 3476 et
970 3425 1272 3480 desiderari
1305 3420 1552 3481 dativum
1591 3428 1750 3480 multi
1791 3431 2111 3491 senserunt;
2150 3427 2206 3479 in
2242 3427 2448 3479 litteris
2486 3425 2531 3477 li
2578 3426 2725 3476 inest
2761 3420 2845 3484 ei,

684 3506 782 3557 sed
801 3508 932 3574 quid
957 3512 1154 3563 ceteris
1187 3512 1397 3576 (ciniu
1414 3512 1463 3578 s)
1483 3512 1598 3574 fiat,
1631 3511 1857 3565 difficile
1895 3513 2127 3564 inventu
2155 3517 2251 3563 est.
2296 3510 2626 3578 [Sententiae
2656 3511 2843 3575 aptum

689 3598 861 3645 esset:
918 3612 1093 3647 neve
1148 3612 1388 3649 censor
1441 3598 1498 3648 ei
1536 3597 1758 3649 invito
1799 3614 2041 3664 equum
2099 3596 2453 3664 publicum
2511 3594 2842 3661 adsigna·

683 3683 807 3731 ret.
881 3678 1023 3732 Nam
1076 3680 1134 3732 in
1189 3682 1294 3734 hoc
1359 3698 1581 3749 quoque
1644 3682 1894 3735 membro
1961 3680 2353 3748 excipiendum
2422 3684 2567 3743 erat,
2634 3677 2845 3731 volenti

685 3763 917 3817 AEbutio
951 3782 1151 3832 equum
1191 3765 1478 3833 adsignari
1514 3783 1696 3833 posse,
1735 3783 1805 3819 ne
1841 3783 1954 3818 non
1991 3771 2107 3819 tam
2144 3766 2367 3819 vacatio
2397 3766 2530 3817 data
2558 3780 2723 3831 quam
2759 3779 2846 3814 ex·

687 3849 876 3902 clusus
914 3850 1035 3917 ipse
1072 3850 1370 3903 videretur.
1445 3849 1554 3902 Sed
1592 3850 1803 3904 litterae
1843 3851 2008 3917 longe
2046 3852 2261 3903 absunt.
2322 3847 2494 3916 1876]
2565 3847 2707 3915 [Ibd.
2746 3845 2776 3914 ἓ
2813 3848 2845 3899 6

686 3934 805 3985 iure
844 3933 1137 4001 Ussingius
1177 3936 1433 4003 quique
1471 3953 1571 4003 pro
1611 3936 1815 4002 quive
1853 3935 2024 3988 scribi
2060 3935 2254 3987 voluit.
2312 3935 2454 3987 Nam
2491 3938 2548 3985 et
2584 3933 2679 4000 qui
2715 3937 2847 3984 tunc

687 4026 878 4072 essent
916 4024 972 4073 et
1008 4020 1105 4087 qui
1139 4024 1340 4088 postea
1374 4019 1546 4072 futuri
1583 4024 1801 4084 essent,
1848 4024 2071 4071 senatus
2120 4037 2240 4072 eam
2287 4036 2405 4072 rem
2443 4034 2636 4072 curare
2672 4017 2848 4070 iussit.

686 4101 815 4171 Cap.
856 4106 938 4169 20,
976 4106 1007 4156 2
1043 4105 1357 4157 necessario
1406 4120 1505 4171 pro
1552 4104 1943 4157 habuerunt
1988 4104 2394 4157 restituendum
2434 4104 2849 4166 habuerant,

689 4191 751 4238 ut
788 4204 832 4239 c.
871 4190 953 4251 31,
1013 4190 1075 4242 18
1120 4193 1498 4242 tenuerant
1543 4205 1645 4256 pro
1698 4193 2087 4261 tenuerunt.
2161 4188 2347 4241 Etiam
2395 4206 2440 4243 c.
2480 4190 2563 4253 23,
2600 4190 2632 4241 9
2680 4202 2852 4255 prave

688 4277 942 4339 tempora
987 4273 1428 4340 coniunguntur;
1479 4272 1598 4326 sine
1650 4272 1817 4325 dubio
1866 4278 1971 4325 est
2014 4277 2146 4341 post
2192 4274 2504 4327 deditum
2540 4271 2849 4326 tollendum

690 4362 788 4410 est.
862 4358 1156 4411 Transitus
1213 4375 1244 4409 a
1297 4358 1526 4410 iussus
1583 4362 1728 4411 erat
1792 4358 1862 4410 ad
1913 4358 2216 4410 deditum
2271 4365 2373 4411 est
2420 4357 2557 4411 ferri
2606 4362 2851 4425 poterat,

688 4442 794 4494 nisi
833 4448 1152 4508 sequeretur
1187 4442 1458 4494 tulerat.
1544 4440 1718 4509 1865]
