3230 5282
1454 592 1574 654 143
2438 605 2563 661 Lib.
2602 606 2666 659 V.

351 786 531 845 recte
578 779 753 844 inter
799 778 1212 861 superiorum
1258 776 1653 842 clausulam:
1700 777 2275 862 proeliumque
2311 829 2325 843 .
2366 829 2379 842 .
2417 829 2430 842 .
2469 799 2668 843 com·

350 889 673 952 missum
743 892 870 952 est
946 892 1014 951 et
1090 890 1365 951 eventus
1442 887 1882 951 notationem:
1971 885 2203 951 Haud
2268 887 2670 953 incertius

349 996 802 1080 interponitur
848 1001 944 1074 et,
1002 993 1331 1077 copulatis
1376 995 1743 1077 praesertim
1788 994 2043 1059 duabus
2088 995 2450 1076 sententiis,
2509 1015 2668 1077 qua·

346 1126 496 1169 rum
540 1110 829 1187 utraque
875 1102 1275 1186 proelium
1321 1102 1690 1167 subiectum
1734 1101 1997 1168 habeat.
2091 1101 2303 1184 1873.)

522 1210 680 1295 Cap.
751 1213 865 1290 31,
934 1215 1005 1274 4:
1096 1209 1314 1295 quod
1381 1211 2056 1294 perseverantior
2124 1210 2526 1276 caedendis
2585 1211 2665 1275 in

345 1318 536 1404 fuga
590 1319 622 1383 f
630 1320 771 1385 uit.
873 1319 1219 1384 Ablativus
1266 1318 1405 1383 sine
1451 1319 1946 1402 praepositione,
2012 1318 2253 1383 omisso
2299 1319 2665 1402 praesertim

344 1428 793 1507 substantivo,
861 1426 1125 1491 defendi
1183 1447 1377 1510 posse
1433 1448 1566 1492 non
1606 1426 1869 1490 videtur
1912 1430 2222 1509 recteque
2266 1424 2667 1491 Forchham-

343 1558 488 1601 mer
531 1535 904 1601 caedendi
950 1534 1313 1618 scripsisse.
1405 1532 1650 1616 (1861.)

520 1644 679 1727 Cap.
728 1647 827 1724 32,
885 1648 943 1708 3.
1044 1644 1171 1708 Vix
1216 1640 1480 1722 credas,
1548 1662 1775 1708 omnes
1821 1641 2109 1707 editores
2155 1642 2448 1708 tenuisse
2493 1641 2666 1706 hanc

343 1753 667 1817 orationis
722 1750 1002 1817 formam
1059 1772 1139 1816 ac
1197 1751 1339 1816 sine
1385 1749 1814 1816 adnotatione
1860 1750 2385 1833 praetermisisse:
2454 1749 2666 1815 Fusa

344 1880 757 1925 concursu
801 1861 1057 1942 primo
1106 1860 1327 1924 acies
1374 1859 1452 1923 in
1497 1858 1803 1941 fugam;
1869 1857 2139 1922 millia
2184 1863 2364 1923 octo
2411 1878 2663 1922 arma·

340 1974 607 2032 torum
676 1967 771 2031 ab
842 1966 1260 2050 equitibus
1319 1967 1815 2046 interclusa,
1882 1966 2183 2050 positis
2241 1966 2516 2047 armis,
2584 1967 2662 2030 in

342 2074 850 2139 deditionem
917 2079 1343 2155 venerunt3
1423 2074 1613 2158 quasi
1678 2074 1912 2138 Latine
1982 2074 2244 2140 dicatur
2309 2073 2662 2139 fundere

339 2183 422 2246 in
494 2183 784 2264 fugam.
896 2181 1138 2247 Latina
1204 2188 1271 2247 et
1334 2188 1498 2265 apta
1560 2183 1657 2248 rei
1726 2181 1867 2247 haec
1933 2182 2057 2247 erit
2125 2183 2368 2248 oratio:
2452 2182 2665 2247 Fusa

341 2312 763 2356 concursu
840 2291 1100 2374 primo
1178 2291 1430 2370 acies3
1518 2291 1596 2354 in
1687 2289 1876 2373 fuga
1952 2290 2220 2355 millia
2286 2296 2468 2356 octo
2541 2297 2659 2355 cet.

338 2397 590 2463 Noouit
625 2398 853 2463 littera
890 2419 947 2460 n
971 2399 1324 2481 geminata.
1396 2395 1556 2480 [Sed
1594 2396 1677 2461 V:
1726 2447 2068 2462 .......
2117 2397 2384 2481 fugam
2427 2419 2667 2463 versa

337 2506 572 2572 milia
619 2504 771 2588 cet.]

520 2613 677 2699 Cap.
728 2619 842 2696 34,
914 2620 950 2680 5
1009 2614 1151 2698 (ubi
1207 2614 1288 2681 de
1346 2614 1687 2681 Gallorum
1742 2615 2028 2681 transitu
2083 2615 2152 2680 in
2206 2614 2469 2680 Italiam
2524 2616 2661 2699 agi-

341 2723 515 2804 tur):
563 2723 1121 2806 Is(Bellovesus),
1167 2724 1376 2808 quod
1423 2724 1598 2789 eius
1647 2745 1735 2788 ex
1778 2721 2112 2808 populis
2158 2722 2657 2803 abundabat,

340 2831 800 2915 Bituriges,
859 2833 1296 2911 Arvernos,
1354 2830 1753 2909 Senones,
1812 2830 2134 2910 AEduoS,
2191 2829 2659 2910 AmbarrOS,

339 2938 769 3020 CarnuteS,
815 2939 1222 3006 Aulercos
1279 2938 1600 3003 excivit.
1693 2938 1980 3003 Primum
2028 2938 2182 3004 hinc
2226 2939 2659 3004 removendos

337 3067 485 3112 esse
553 3047 878 3126 Senones,
946 3047 1140 3112 multi
1206 3046 1541 3125 viderunt,
1610 3047 1924 3130 quoniam
1991 3068 2104 3112 eos
2170 3046 2392 3112 Livius
2458 3047 2656 3130 paulo

337 3163 498 3238 post
555 3155 639 3235 (c.
688 3159 800 3234 35,
862 3154 927 3237 3)
996 3155 1620 3220 recentissimos
1689 3154 2172 3220 advenarum
2241 3154 2448 3219 multo
2506 3161 2656 3238 post

337 3264 661 3328 transisse
729 3262 1075 3346 significat.
1195 3262 1366 3327 Nam
1446 3263 1622 3346 quod
1689 3262 2260 3328 Weissenbornius
2336 3261 2657 3344 aliquot

336 3369 701 3453 Bituriges,
772 3369 1094 3450 SenoneS,
1163 3377 1416 3436 ceteros
1459 3370 1754 3454 intellegi
1798 3371 1968 3453 vult,
2040 3369 2263 3434 Livius
2307 3369 2407 3451 id,
2476 3369 2655 3454 quod

337 3478 738 3558 abundaret,
793 3479 1114 3561 migrasse
1160 3478 1343 3558 dicit,
1404 3484 1481 3543 ut
1523 3478 1689 3543 nihil
1734 3485 1966 3563 postea
2010 3485 2389 3561 superesset
2432 3479 2655 3544 multi-

334 3585 620 3666 tudiniS‚
679 3607 801 3651 nec
857 3592 974 3651 aut
1032 3585 1240 3651 ullum
1298 3586 1500 3651 alium
1556 3587 1875 3671 populum
1929 3586 2030 3651 bis
2075 3585 2275 3669 Alpes
2331 3588 2651 3653 transisse

333 3692 669 3776 significat
746 3701 867 3759 aut
940 3695 1010 3759 in
1087 3693 1457 3759 Senonibus
1537 3695 1893 3777 quicquam
1971 3714 2013 3758 a
2092 3695 2330 3759 ceteris
2407 3693 2651 3760 diversi

329 3801 563 3865 fuisse.
675 3802 950 3867 Videtur
1016 3802 1256 3885 aliquis
1323 3802 1409 3867 ab
1476 3801 1604 3866 hac
1673 3802 2168 3867 enumeratione
2235 3801 2467 3867 abesse
2534 3823 2648 3867 no-

327 3909 539 3973 luisse
595 3910 915 3994 populum
961 3911 1251 3976 omnium
1297 3909 1642 3976 Gallorum
1689 3911 1902 3975 Roma
1948 3916 2144 3994 capta
2190 3909 2647 3975 clarissimum.

473 4117 700 4173 Indici
735 4118 921 4172 nullus
957 4118 1051 4172 hic
1085 4118 1244 4173 locus
1281 4123 1386 4187 est,
1436 4119 1536 4173 sed
1579 4118 1934 4189 captivum
1981 4118 2286 4173 indidem
2323 4136 2402 4173 ex
2440 4121 2645 4189 agris,

471 4202 581 4257 hoc
631 4207 745 4270 est,
800 4220 869 4258 ex
921 4204 1034 4257 illis
1083 4204 1219 4273 ipsis
1264 4205 1419 4274 agris
1470 4204 1561 4271 (ex
1603 4204 1756 4258 illius
1802 4205 1957 4260 urbis
2006 4203 2202 4273 agris),
2259 4205 2492 4259 ducem
2540 4204 2639 4258 Ca·

467 4289 658 4344 millne
703 4293 982 4344 secutus
1030 4295 1129 4342 est.
1208 4289 1408 4344 Fidem
1451 4288 1766 4344 manifestae
1803 4291 2141 4345 correctioni
2175 4288 2385 4345 facient
2420 4288 2533 4344 loci
2570 4290 2643 4343 ab

465 4374 692 4430 Handio
740 4373 898 4428 Ture.
948 4374 1033 4428 111
1075 4394 1128 4445 p.
1168 4378 1266 4430 3¹71
1314 4376 1574 4430 indicati:
1629 4375 1840 4444 xxm,
1886 4378 1979 4444 46,
2031 4378 2121 4443 12,
2166 4374 2403 4443 XXVII,
2452 4377 2546 4443 12,
2592 4377 2644 4442 5,

463 4459 720 4527 XXVIII,
763 4465 809 4528 1,
844 4463 896 4529 6,
931 4460 1182 4528 XXXIX,
1223 4463 1288 4514 12
1321 4462 1464 4527 init„
1502 4462 1669 4516 Corn.
1707 4460 1848 4532 Nep.
1885 4461 2083 4531 Epam.
2119 4464 2168 4515 5.
