3230 5282
1414 614 1534 674 715
2296 622 2420 676 Lib.
2457 620 2623 676 XLV.

323 798 639 863 Persea.
751 798 972 863 Livius
1052 799 1433 883 scripserat:
1517 803 1952 881 postquam
2029 818 2069 861 a
2131 815 2318 878 rege
2385 793 2624 859 Perse

324 907 651 972 consuli
694 905 946 973 Paulo
993 906 1340 971 salutem
1384 905 1682 988 legit.¹)

501 1013 660 1098 Cap.
710 1020 765 1094 5,
831 1019 873 1077 4
941 1013 1079 1097 (ubi
1150 1014 1220 1079 L.
1280 1013 1520 1079 Atilius
1591 1012 2049 1078 Samothraces
2113 1012 2181 1075 in
2245 1009 2626 1074 Euandrum

321 1128 808 1187 sacrosanctam
849 1123 1133 1187 'insulam
1170 1121 1567 1205 polluentem
1607 1121 1950 1202 concitat):
2003 1120 2246 1198 Quum
2292 1117 2623 1182 creditae

324 1231 753 1295 sanctitati
801 1231 1419 1296 adsentirentur
1466 1251 1757 1308 omnes,
1807 1226 1961 1293 Cur
2002 1229 2282 1311 igitur,
2329 1226 2622 1309 inquit,

333 1338 563 1421 polui
611 1359 779 1403 eam
826 1337 952 1420 (sic
996 1339 1164 1417 cod.)
1200 1317 1606 1403 homicida
1653 1337 2046 1420 sanguine
2078 1335 2297 1418 regis
2341 1332 2622 1398 Eume-

322 1446 451 1510 nis
487 1446 875 1512 violavit?
911 1453 1007 1527 et,
1041 1467 1272 1528 quum
1309 1446 1561 1511 omnis
1596 1443 1970 1529 praefatio
2010 1464 2420 1510 sacrorum
2454 1440 2621 1523 (cod.

325 1554 902 1639 praefatiorum)
950 1575 1099 1634 eos,
1144 1553 1441 1639 quibus
1486 1576 1639 1619 non
1685 1553 1849 1618 sint
1890 1573 2107 1637 purae
2152 1572 2462 1630 manuS‚
2510 1571 2623 1614 sa-

332 1663 492 1727 cris
571 1668 880 1741 arceat,
965 1685 1100 1729 vos
1180 1662 1647 1748 penetralia
1722 1668 1999 1726 vestra
2084 1658 2623 1725 contaminari

337 1770 508 1850 (cod.
555 1772 1167 1853 contraminari)
1226 1776 1564 1836 cruento
1624 1769 1971 1834 latronis
2017 1788 2359 1851 corpore
2406 1767 2621 1831 sine·

323 1879 478 1943 tis?
563 1879 689 1944 Pro
757 1879 985 1962 polui
1051 1899 1217 1943 eam
1278 1878 1591 1962 Grynaeus
1659 1883 1972 1961 posuerat
2028 1875 2455 1961 pollutam,
2520 1875 2620 1939 in-

319 1985 631 2068 feliciter3
677 2006 889 2070 neque
934 1987 1104 2051 enim
1147 1986 1468 2072 pollutam
1503 1986 1635 2050 iam
1670 1985 1948 2050 insulam
1980 1983 2288 2049 Euander
2322 1983 2615 2049 violabat
2650 1984 2793 2055 (595)

321 2115 538 2178 neque
592 2096 736 2179 ipso
791 2095 1104 2178 sanguine
1148 2094 1457 2160 Eumenis
1505 2093 1618 2174 (ad
1662 2092 1951 2175 Delphos
2013 2090 2439 2173 effuso),eam
2483 2092 2622 2176 pol-

319 2201 569 2267 luebat.
653 2202 1079 2286 Kreyssigius‚
1125 2223 1325 2286 quum
1370 2202 1638 2286 pollui
1686 2221 1851 2265 eam
1897 2201 2095 2266 scribi
2143 2207 2208 2265 et
2253 2220 2400 2265 cum
2446 2220 2621 2265 con-

329 2311 727 2375 taminari
773 2312 1073 2393 coniungi
1140 2310 1364 2390 vellet,
1433 2311 1499 2374 in
1567 2309 1734 2374 alias
1778 2308 2013 2374 incidit
2078 2307 2503 2375 difficultates
2557 2315 2622 2375 et

373 2595 419 2664 ¹)
454 2594 525 2651 In
568 2597 731 2653 huius
776 2601 976 2670 capitis
1030 2600 1188 2655 initio
1246 2616 1419 2669 quum
1478 2596 1791 2653 Gronovius
1846 2598 2328 2655 animadvertisset
2369 2599 2623 2657 inaudita

461 2686 881 2740 constructione
933 2685 1074 2755 legi:
1137 2686 1215 2739 ad
1268 2702 1593 2739 summam
1649 2685 2049 2739 sestertium
2103 2686 2411 2752 deciens,
2467 2686 2621 2755 quasi

461 2767 639 2824 dicas:
677 2771 758 2824 ad
812 2789 1132 2825 summam
1179 2771 1307 2824 duo
1341 2770 1593 2837 millia,
1656 2770 2124 2840 scribendumque
2162 2789 2280 2825 esse
2317 2770 2621 2827 iudicasset

463 2856 805 2925 sestertii,
844 2857 1090 2911 mirabili
1126 2856 1408 2911 oblivione
1445 2860 1504 2909 et
1539 2853 1866 2910 confusione
1903 2856 2272 2927 Kreyssigius‚
2314 2857 2404 2910 cui
2440 2856 2616 2910 Weis-

347 2934 350 2939 ’
461 2941 791 2996 senbornius
846 2959 906 2997 se
963 2941 1233 3010 adiunxit,
1290 2942 1531 3011 primum
1569 2940 1825 2994 Tacitum
1878 2945 1937 2994 et
1982 2942 2119 2995 alios
2157 2942 2455 3011 scriptores
2492 2947 2623 3012 post

464 3025 744 3081 Ciceronis
800 3031 1024 3083 aetatem
1079 3028 1176 3094 sic,
1231 3031 1293 3080 ut
1346 3026 1662 3080 Gronovius
1725 3026 1894 3080 scribi
1946 3027 2155 3095 voluit,
2212 3027 2433 3081 locutos
2498 3043 2621 3082 esse

458 3112 624 3180 dixit,
662 3131 834 3182 quum
869 3115 916 3167 is
953 3130 1087 3167 usus
1125 3113 1211 3179 (ut
1247 3112 1659 3165 sestertium
1704 3127 1832 3164 cum
1868 3109 2132 3165 adverbio
2167 3112 2399 3167 decies
2438 3118 2495 3167 et
2533 3130 2618 3168 ce·

464 3199 597 3253 teris
633 3215 741 3267 pro
778 3200 1004 3254 nomine
1042 3198 1308 3268 singulari
1346 3195 1676 3261 declinetur)
1715 3203 1772 3251 et
1807 3196 2091 3252 Ciceronis
2140 3202 2198 3251 et
2250 3199 2499 3252 omnium
2544 3199 2621 3253 sit

459 3301 564 3338 nec
618 3284 796 3353 possit
848 3283 1013 3338 aliter
1068 3283 1192 3338 dici.
1281 3281 1422 3337 Nam
1478 3288 1535 3337 et
1581 3283 1993 3353 sestertium
2051 3283 2469 3353 quadragies
2524 3301 2619 3338 re-

458 3368 830 3439 linquitur,
886 3370 1230 3423 nominativo
1286 3385 1435 3433 casu,
1474 3372 1531 3421 et
1575 3367 1678 3421 HS
1733 3367 2145 3438 quadragies
2183 3369 2419 3439 accepi
2457 3374 2515 3423 et
2549 3370 2618 3424 in

460 3456 784 3509 sestertio
849 3456 1070 3510 vicies
1135 3471 1332 3525 egere
1405 3459 1462 3508 et
1531 3452 1926 3523 syngrapha
1998 3456 2314 3508 sestertii
2385 3455 2616 3511 decies

460 3539 829 3594 Ciceroniana
863 3547 1008 3596 sunt.
1082 3539 1298 3594 Deinde
1344 3539 1482 3593 nihil
1527 3544 1772 3593 mutasse
1809 3537 2150 3593 Gronovium
2195 3540 2354 3595 addit
2387 3541 2532 3596 infra
2568 3561 2615 3598 c.

455 3627 542 3693 40,
588 3628 631 3694 1,
667 3626 765 3697 ubi
801 3631 956 3681 recte
990 3625 1102 3680 dici
1154 3629 1368 3696 potest:
1424 3642 1676 3679 summa
1729 3629 1835 3679 est
1889 3627 2299 3680 sestertium
2351 3627 2616 3682 millies

460 3710 851 3781 ducenties,
892 3716 1142 3766 ceterum
1179 3711 1279 3765 HS
1315 3711 1373 3764 in
1411 3709 1603 3765 codice
1648 3725 1763 3763 non
1799 3715 1887 3764 est
1921 3711 2005 3777 (et
2039 3713 2223 3768 omitti
2268 3714 2616 3768 nominativo

459 3802 517 3851 et
551 3798 868 3852 accusativo
905 3813 1040 3850 casu
1085 3796 1189 3850 HS
1241 3795 1469 3864 potest),
1527 3800 1625 3849 aut
1671 3813 1716 3850 c.
1753 3799 1836 3862 43,
1873 3799 1926 3865 8,
1967 3798 2063 3852 ubi
2099 3816 2331 3868 prorsus
2367 3816 2617 3854 necessa·

457 3882 579 3936 rius
633 3889 718 3936 est
754 3883 1126 3937 accusativus:
1183 3882 1579 3935 sestertium
1635 3882 1999 3937 ducenties
2051 3883 2411 3939 redactum
2457 3902 2613 3939 esse.

453 3965 609 4021 Illud
644 3969 912 4021 maiorem
945 3967 1116 4022 habet
1151 3967 1591 4035 dubitationem,
1641 3968 1961 4036 potueritne
2000 3968 2228 4038 obliquo
2265 3987 2398 4023 casu
2433 3970 2614 4023 solum

459 4052 788 4107 adverbium
822 4054 976 4123 poni,
1020 4050 1485 4121 quemadmodum
1522 4053 1708 4108 editur
1752 4054 1900 4123 apud
1937 4054 2269 4110 Ciceronem
2305 4072 2407 4124 pro
2441 4053 2610 4109 Rosc.

454 4137 577 4191 Am.
615 4136 648 4207 §
684 4139 717 4193 6
754 4144 811 4193 et
846 4139 994 4209 apud
1028 4138 1248 4192 Livium
1283 4137 1590 4206 XXXVIII,
1632 4141 1716 4209 55,
1757 4141 1809 4194 9:
1851 4140 2275 4209 quadragies
2312 4140 2615 4194 —litem

458 4224 862 4278 aestimatam
919 4224 998 4293 (id
1051 4230 1151 4292 est,
1210 4225 1469 4279 sestertio
1508 4224 1868 4294 quadragies)
1925 4230 1983 4279 et
2042 4228 2135 4279 12:
2194 4225 2612 4297 quadragies

456 4309 639 4363 ratio
677 4315 1091 4379 posceretur
1127 4310 1207 4379 (id
1243 4302 1624 4377 est,'sestertii
1666 4310 2042 4379 quadragies),
2083 4328 2153 4364 an
2192 4310 2323 4364 addi
2361 4311 2612 4365 substan-

453 4397 558 4449 tivi
592 4400 728 4450 nota
765 4395 993 4463 debeat,
1044 4397 1193 4466 quod
1229 4394 1422 4449 eadem
1459 4413 1526 4449 ex
1562 4396 1724 4451 Livio
1764 4412 1995 4450 narrans
2034 4395 2119 4448 bis
2159 4395 2319 4450 addit
2353 4396 2610 4452 Valerius

458 4480 737 4536 Maximus
775 4481 882 4549 ΠΙ,
919 4485 971 4550 7,
1016 4486 1060 4534 1.
