<?xml version="1.0" encoding="UTF-8"?>
<!DOCTYPE html PUBLIC "-//W3C//DTD XHTML 1.0 Transitional//EN"
    "http://www.w3.org/TR/xhtml1/DTD/xhtml1-transitional.dtd">
<html xmlns="http://www.w3.org/1999/xhtml" xml:lang="en" lang="en">
 <head>
  <title>
</title>
<meta http-equiv="Content-Type" content="text/html;charset=utf-8" />
  <meta name='ocr-system' content='tesseract 3.04.00' />
  <meta name='ocr-capabilities' content='ocr_page ocr_carea ocr_par ocr_line ocrx_word'/>
</head>
<body>
  <div class='ocr_page' id='page_1' title='image "./emendationesliv03madvgoog_0717.png"; bbox 0 0 3230 5282; ppageno 0'>
   <div class='ocr_carea' id='block_1_1' title="bbox 1345 636 2555 706">
    <p class='ocr_par' dir='ltr' id='par_1_1' title="bbox 1345 636 2555 706">
     <span class='ocr_line' id='line_1_1' title="bbox 1345 636 2555 706; baseline 0.007 -10"><span class='ocrx_word' id='word_1_1' title='bbox 1345 636 1468 697; x_wconf 87' lang='grc'><strong>699</strong></span> <span class='ocrx_word' id='word_1_2' title='bbox 2200 650 2323 705; x_wconf 86' lang='lat' dir='ltr'><strong>Lib.</strong></span> <span class='ocrx_word' id='word_1_3' title='bbox 2361 650 2555 706; x_wconf 84' lang='lat' dir='ltr'>XLIV.</span> 
     </span>
    </p>
   </div>
   <div class='ocr_carea' id='block_1_2' title="bbox 230 819 2719 4042">
    <p class='ocr_par' dir='ltr' id='par_1_2' title="bbox 230 819 2719 4042">
     <span class='ocr_line' id='line_1_2' title="bbox 242 819 2557 904; baseline 0.001 -18"><span class='ocrx_word' id='word_1_4' title='bbox 242 828 456 887; x_wconf 89' lang='lat' dir='ltr'><strong>tremo</strong></span> <span class='ocrx_word' id='word_1_5' title='bbox 494 821 710 904; x_wconf 90' lang='lat' dir='ltr'><strong>capite</strong></span> <span class='ocrx_word' id='word_1_6' title='bbox 745 819 779 903; x_wconf 67' lang='grc' dir='ltr'>ἓ</span> <span class='ocrx_word' id='word_1_7' title='bbox 813 825 889 883; x_wconf 82' lang='lat'><strong>12</strong></span> <span class='ocrx_word' id='word_1_8' title='bbox 919 821 1058 886; x_wconf 84' lang='lat' dir='ltr'><strong>haec</strong></span> <span class='ocrx_word' id='word_1_9' title='bbox 1094 820 1405 885; x_wconf 86' lang='lat' dir='ltr'><strong>eduntur:</strong></span> <span class='ocrx_word' id='word_1_10' title='bbox 1441 819 1604 885; x_wconf 89' lang='lat' dir='ltr'><strong>Hoc</strong></span> <span class='ocrx_word' id='word_1_11' title='bbox 1641 820 1928 885; x_wconf 89' lang='lat' dir='ltr'><strong>audito</strong></span> <span class='ocrx_word' id='word_1_12' title='bbox 1976 819 2341 903; x_wconf 74' lang='lat' dir='ltr'><strong>PerseuS,</strong></span> <span class='ocrx_word' id='word_1_13' title='bbox 2378 844 2557 889; x_wconf 88' lang='lat' dir='ltr'><strong>con-</strong></span> 
     </span>
     <span class='ocr_line' id='line_1_3' title="bbox 243 923 2621 1011; baseline 0.001 -18"><span class='ocrx_word' id='word_1_14' title='bbox 243 930 602 993; x_wconf 81' lang='lat' dir='ltr'><strong>traxisse</strong></span> <span class='ocrx_word' id='word_1_15' title='bbox 637 950 807 994; x_wconf 89' lang='lat' dir='ltr'><strong>eum</strong></span> <span class='ocrx_word' id='word_1_16' title='bbox 847 928 1216 1011; x_wconf 89' lang='lat' dir='ltr'><strong>(Gentium)</strong></span> <span class='ocrx_word' id='word_1_17' title='bbox 1252 929 1811 993; x_wconf 80' lang='lat' dir='ltr'><strong>necessitates</strong></span> <span class='ocrx_word' id='word_1_18' title='bbox 1843 935 2079 995; x_wconf 90' lang='lat' dir='ltr'><strong>ratus</strong></span> <span class='ocrx_word' id='word_1_19' title='bbox 2115 931 2213 994; x_wconf 89' lang='lat' dir='ltr'><strong>ad</strong></span> <span class='ocrx_word' id='word_1_20' title='bbox 2250 930 2555 996; x_wconf 91' lang='lat' dir='ltr'><strong>bellum</strong></span> <span class='ocrx_word' id='word_1_21' title='bbox 2612 923 2621 933; x_wconf 75' lang='grc'><strong><em>’</em></strong></span> 
     </span>
     <span class='ocr_line' id='line_1_4' title="bbox 243 1035 2554 1122; baseline 0.001 -21"><span class='ocrx_word' id='word_1_22' title='bbox 243 1038 529 1119; x_wconf 90' lang='lat' dir='ltr'><strong>utique</strong></span> <span class='ocrx_word' id='word_1_23' title='bbox 567 1058 737 1101; x_wconf 89' lang='lat' dir='ltr'><strong>cum</strong></span> <span class='ocrx_word' id='word_1_24' title='bbox 772 1037 1175 1114; x_wconf 87' lang='lat' dir='ltr'><strong>Romanis,</strong></span> <span class='ocrx_word' id='word_1_25' title='bbox 1214 1035 1311 1099; x_wconf 90' lang='lat' dir='ltr'><strong>ad</strong></span> <span class='ocrx_word' id='word_1_26' title='bbox 1343 1036 1917 1116; x_wconf 80' lang='lat' dir='ltr'><strong>revocandum,</strong></span> <span class='ocrx_word' id='word_1_27' title='bbox 1960 1039 2096 1121; x_wconf 90' lang='lat' dir='ltr'><strong>qui</strong></span> <span class='ocrx_word' id='word_1_28' title='bbox 2135 1040 2554 1122; x_wconf 89' lang='lat' dir='ltr'><strong>pecuniam</strong></span> 
     </span>
     <span class='ocr_line' id='line_1_5' title="bbox 248 1144 2551 1230; baseline 0.001 -20"><span class='ocrx_word' id='word_1_29' title='bbox 248 1144 656 1228; x_wconf 88' lang='lat' dir='ltr'><strong>portabat,</strong></span> <span class='ocrx_word' id='word_1_30' title='bbox 693 1145 932 1223; x_wconf 84' lang='lat' dir='ltr'><strong>misit,</strong></span> <span class='ocrx_word' id='word_1_31' title='bbox 970 1165 1114 1226; x_wconf 81' lang='lat' dir='ltr'><strong>quae</strong></span> <span class='ocrx_word' id='word_1_32' title='bbox 1136 1145 1342 1208; x_wconf 86' lang='lat' dir='ltr'><strong>tacita</strong></span> <span class='ocrx_word' id='word_1_33' title='bbox 1366 1145 1810 1227; x_wconf 85' lang='lat' dir='ltr'><strong>praetermissa</strong></span> <span class='ocrx_word' id='word_1_34' title='bbox 1834 1147 2053 1224; x_wconf 90' lang='lat' dir='ltr'><strong>miror,</strong></span> <span class='ocrx_word' id='word_1_35' title='bbox 2088 1147 2209 1210; x_wconf 90' lang='lat' dir='ltr'><strong>nisi</strong></span> <span class='ocrx_word' id='word_1_36' title='bbox 2236 1147 2407 1230; x_wconf 92' lang='lat' dir='ltr'><strong>quod</strong></span> <span class='ocrx_word' id='word_1_37' title='bbox 2433 1148 2551 1212; x_wconf 90' lang='lat' dir='ltr'><strong>du·</strong></span> 
     </span>
     <span class='ocr_line' id='line_1_6' title="bbox 243 1249 2550 1340; baseline 0.002 -24"><span class='ocrx_word' id='word_1_38' title='bbox 243 1251 528 1318; x_wconf 86' lang='lat' dir='ltr'><strong>bitatum</strong></span> <span class='ocrx_word' id='word_1_39' title='bbox 574 1260 692 1332; x_wconf 91' lang='lat' dir='ltr'><strong>est,</strong></span> <span class='ocrx_word' id='word_1_40' title='bbox 738 1274 823 1317; x_wconf 89' lang='lat' dir='ltr'><strong>an</strong></span> <span class='ocrx_word' id='word_1_41' title='bbox 869 1254 1067 1318; x_wconf 87' lang='lat' dir='ltr'><strong>scribi</strong></span> <span class='ocrx_word' id='word_1_42' title='bbox 1113 1258 1477 1336; x_wconf 83' lang='lat' dir='ltr'><strong>oporteret:</strong></span> <span class='ocrx_word' id='word_1_43' title='bbox 1527 1249 1633 1316; x_wconf 71' lang='lat' dir='ltr'><strong>ad‘</strong></span> <span class='ocrx_word' id='word_1_44' title='bbox 1671 1253 2204 1333; x_wconf 84' lang='lat' dir='ltr'><strong>revocandos,</strong></span> <span class='ocrx_word' id='word_1_45' title='bbox 2250 1257 2382 1336; x_wconf 92' lang='lat' dir='ltr'><strong>qui</strong></span> <span class='ocrx_word' id='word_1_46' title='bbox 2428 1278 2550 1340; x_wconf 87' lang='lat' dir='ltr'><strong>pe·</strong></span> 
     </span>
     <span class='ocr_line' id='line_1_7' title="bbox 240 1361 2549 1446; baseline 0.001 -22"><span class='ocrx_word' id='word_1_47' title='bbox 240 1363 554 1426; x_wconf 89' lang='lat' dir='ltr'><strong>cuniam</strong></span> <span class='ocrx_word' id='word_1_48' title='bbox 620 1361 1087 1446; x_wconf 87' lang='lat' dir='ltr'><strong>portabant.</strong></span> <span class='ocrx_word' id='word_1_49' title='bbox 1177 1361 1344 1425; x_wconf 90' lang='lat' dir='ltr'><strong>Nam</strong></span> <span class='ocrx_word' id='word_1_50' title='bbox 1412 1382 1625 1444; x_wconf 91' lang='lat' dir='ltr'><strong>neque</strong></span> <span class='ocrx_word' id='word_1_51' title='bbox 1692 1361 2237 1427; x_wconf 80' lang='lat' dir='ltr'><strong>necessitates</strong></span> <span class='ocrx_word' id='word_1_52' title='bbox 2306 1362 2549 1446; x_wconf 84' lang='lat' dir='ltr'><strong>plurali</strong></span> 
     </span>
     <span class='ocr_line' id='line_1_8' title="bbox 237 1469 2719 1554; baseline 0.002 -22"><span class='ocrx_word' id='word_1_53' title='bbox 237 1491 511 1535; x_wconf 88' lang='lat' dir='ltr'><strong>numero</strong></span> <span class='ocrx_word' id='word_1_54' title='bbox 558 1470 621 1534; x_wconf 91' lang='lat' dir='ltr'><strong>h.</strong></span> <span class='ocrx_word' id='word_1_55' title='bbox 668 1469 709 1533; x_wconf 93' lang='lat' dir='ltr'><strong>l.</strong></span> <span class='ocrx_word' id='word_1_56' title='bbox 757 1469 1077 1553; x_wconf 90' lang='lat' dir='ltr'><strong>appellari</strong></span> <span class='ocrx_word' id='word_1_57' title='bbox 1122 1476 1417 1554; x_wconf 88' lang='lat' dir='ltr'><strong>possunt,</strong></span> <span class='ocrx_word' id='word_1_58' title='bbox 1490 1490 1691 1551; x_wconf 85' lang='lat' dir='ltr'><strong>quum</strong></span> <span class='ocrx_word' id='word_1_59' title='bbox 1757 1469 2054 1534; x_wconf 82' lang='lat' dir='ltr'><strong>universe</strong></span> <span class='ocrx_word' id='word_1_60' title='bbox 2113 1469 2536 1554; x_wconf 89' lang='lat' dir='ltr'><strong>significetur,</strong></span> <span class='ocrx_word' id='word_1_61' title='bbox 2575 1478 2719 1550; x_wconf 80' lang='lat'><strong>(580)</strong></span> 
     </span>
     <span class='ocr_line' id='line_1_9' title="bbox 240 1576 2546 1662; baseline 0.001 -22"><span class='ocrx_word' id='word_1_62' title='bbox 240 1577 548 1642; x_wconf 87' lang='lat' dir='ltr'><strong>Gentium</strong></span> <span class='ocrx_word' id='word_1_63' title='bbox 593 1598 669 1642; x_wconf 90' lang='lat' dir='ltr'><strong>eo</strong></span> <span class='ocrx_word' id='word_1_64' title='bbox 716 1579 846 1642; x_wconf 92' lang='lat' dir='ltr'><strong>iam</strong></span> <span class='ocrx_word' id='word_1_65' title='bbox 892 1579 1313 1662; x_wconf 87' lang='lat' dir='ltr'><strong>perductum,</strong></span> <span class='ocrx_word' id='word_1_66' title='bbox 1372 1583 1446 1641; x_wconf 91' lang='lat' dir='ltr'><strong>ut</strong></span> <span class='ocrx_word' id='word_1_67' title='bbox 1489 1576 1733 1641; x_wconf 90' lang='lat' dir='ltr'><strong>bellum</strong></span> <span class='ocrx_word' id='word_1_68' title='bbox 1777 1598 1924 1643; x_wconf 90' lang='lat' dir='ltr'><strong>cum</strong></span> <span class='ocrx_word' id='word_1_69' title='bbox 1970 1578 2279 1642; x_wconf 88' lang='lat' dir='ltr'><strong>Romanis</strong></span> <span class='ocrx_word' id='word_1_70' title='bbox 2323 1599 2546 1644; x_wconf 88' lang='lat' dir='ltr'><strong>neces-</strong></span> 
     </span>
     <span class='ocr_line' id='line_1_10' title="bbox 235 1686 2546 1768; baseline 0.001 -20"><span class='ocrx_word' id='word_1_71' title='bbox 235 1686 803 1768; x_wconf 88' lang='lat' dir='ltr'><strong>sario-suscipiat,</strong></span> <span class='ocrx_word' id='word_1_72' title='bbox 850 1707 1061 1768; x_wconf 90' lang='lat' dir='ltr'><strong>neque</strong></span> <span class='ocrx_word' id='word_1_73' title='bbox 1105 1686 1658 1750; x_wconf 82' lang='lat' dir='ltr'><strong>necessitates</strong></span> <span class='ocrx_word' id='word_1_74' title='bbox 1715 1687 1803 1748; x_wconf 75' lang='lat' dir='ltr'><strong>ad</strong></span> <span class='ocrx_word' id='word_1_75' title='bbox 1870 1686 2170 1751; x_wconf 91' lang='lat' dir='ltr'><strong>bellum</strong></span> <span class='ocrx_word' id='word_1_76' title='bbox 2216 1695 2546 1751; x_wconf 90' lang='lat' dir='ltr'><strong>contra·</strong></span> 
     </span>
     <span class='ocr_line' id='line_1_11' title="bbox 235 1792 2543 1874; baseline 0.002 -18"><span class='ocrx_word' id='word_1_77' title='bbox 235 1792 422 1857; x_wconf 90' lang='lat' dir='ltr'><strong>here</strong></span> <span class='ocrx_word' id='word_1_78' title='bbox 491 1792 933 1858; x_wconf 85' lang='lat' dir='ltr'><strong>tolerabiliter</strong></span> <span class='ocrx_word' id='word_1_79' title='bbox 999 1793 1240 1859; x_wconf 90' lang='lat' dir='ltr'><strong>dicitur</strong></span> <span class='ocrx_word' id='word_1_80' title='bbox 1298 1814 1508 1874; x_wconf 91' lang='lat' dir='ltr'><strong>neque</strong></span> <span class='ocrx_word' id='word_1_81' title='bbox 1569 1793 1859 1874; x_wconf 86' lang='lat' dir='ltr'><strong>utique</strong></span> <span class='ocrx_word' id='word_1_82' title='bbox 1928 1814 2073 1857; x_wconf 91' lang='lat' dir='ltr'><strong>cum</strong></span> <span class='ocrx_word' id='word_1_83' title='bbox 2132 1793 2543 1860; x_wconf 86' lang='lat' dir='ltr'><strong>substantivo</strong></span> 
     </span>
     <span class='ocr_line' id='line_1_12' title="bbox 235 1900 2541 1985; baseline 0.002 -21"><span class='ocrx_word' id='word_1_84' title='bbox 235 1902 654 1966; x_wconf 86' lang='lat' dir='ltr'><strong>coniunctum</strong></span> <span class='ocrx_word' id='word_1_85' title='bbox 699 1901 1007 1966; x_wconf 88' lang='lat' dir='ltr'><strong>Latinum</strong></span> <span class='ocrx_word' id='word_1_86' title='bbox 1052 1909 1184 1982; x_wconf 90' lang='lat' dir='ltr'><strong>est;</strong></span> <span class='ocrx_word' id='word_1_87' title='bbox 1234 1900 1414 1985; x_wconf 90' lang='lat' dir='ltr'><strong>(nam</strong></span> <span class='ocrx_word' id='word_1_88' title='bbox 1458 1902 1513 1965; x_wconf 89' lang='lat' dir='ltr'><strong>si</strong></span> <span class='ocrx_word' id='word_1_89' title='bbox 1559 1921 1708 1965; x_wconf 89' lang='lat' dir='ltr'><strong>cum</strong></span> <span class='ocrx_word' id='word_1_90' title='bbox 1750 1901 1949 1966; x_wconf 87' lang='lat' dir='ltr'><strong>verbo</strong></span> <span class='ocrx_word' id='word_1_91' title='bbox 1999 1902 2387 1984; x_wconf 89' lang='lat' dir='ltr'><strong>coniungere</strong></span> <span class='ocrx_word' id='word_1_92' title='bbox 2433 1924 2541 1968; x_wconf 90' lang='lat' dir='ltr'><strong>co·</strong></span> 
     </span>
     <span class='ocr_line' id='line_1_13' title="bbox 236 2008 2544 2093; baseline 0.001 -20"><span class='ocrx_word' id='word_1_93' title='bbox 236 2030 405 2088; x_wconf 90' lang='lat' dir='ltr'><strong>nere,</strong></span> <span class='ocrx_word' id='word_1_94' title='bbox 453 2011 781 2075; x_wconf 87' lang='lat' dir='ltr'><strong>sententia</strong></span> <span class='ocrx_word' id='word_1_95' title='bbox 824 2010 978 2075; x_wconf 87' lang='lat' dir='ltr'><strong>erit:</strong></span> <span class='ocrx_word' id='word_1_96' title='bbox 1025 2011 1311 2093; x_wconf 89' lang='lat' dir='ltr'><strong>utique</strong></span> <span class='ocrx_word' id='word_1_97' title='bbox 1357 2009 1453 2075; x_wconf 91' lang='lat' dir='ltr'><strong>ad</strong></span> <span class='ocrx_word' id='word_1_98' title='bbox 1497 2008 1816 2087; x_wconf 88' lang='lat' dir='ltr'><strong>bellum,</strong></span> <span class='ocrx_word' id='word_1_99' title='bbox 1863 2009 2116 2073; x_wconf 92' lang='lat' dir='ltr'><strong>sinon</strong></span> <span class='ocrx_word' id='word_1_100' title='bbox 2162 2010 2263 2074; x_wconf 89' lang='lat' dir='ltr'><strong>ad</strong></span> <span class='ocrx_word' id='word_1_101' title='bbox 2301 2011 2544 2075; x_wconf 90' lang='lat' dir='ltr'><strong>aliam</strong></span> 
     </span>
     <span class='ocr_line' id='line_1_14' title="bbox 232 2116 2542 2201; baseline 0.002 -21"><span class='ocrx_word' id='word_1_102' title='bbox 232 2138 425 2198; x_wconf 86' lang='lat' dir='ltr'><strong>rem,</strong></span> <span class='ocrx_word' id='word_1_103' title='bbox 492 2118 618 2183; x_wconf 91' lang='lat' dir='ltr'><strong>hoc</strong></span> <span class='ocrx_word' id='word_1_104' title='bbox 683 2123 805 2196; x_wconf 88' lang='lat' dir='ltr'><strong>est,</strong></span> <span class='ocrx_word' id='word_1_105' title='bbox 848 2117 1303 2201; x_wconf 85' lang='lat' dir='ltr'><strong>ineptissima).</strong></span> <span class='ocrx_word' id='word_1_106' title='bbox 1394 2117 1469 2181; x_wconf 91' lang='lat' dir='ltr'><strong>In</strong></span> <span class='ocrx_word' id='word_1_107' title='bbox 1537 2116 1760 2181; x_wconf 89' lang='lat' dir='ltr'><strong>codice</strong></span> <span class='ocrx_word' id='word_1_108' title='bbox 1828 2123 1955 2181; x_wconf 87' lang='lat' dir='ltr'><strong>est:</strong></span> <span class='ocrx_word' id='word_1_109' title='bbox 2025 2119 2542 2184; x_wconf 84' lang='lat' dir='ltr'><strong>contraxisse</strong></span> 
     </span>
     <span class='ocr_line' id='line_1_15' title="bbox 234 2225 2538 2292; baseline 0.001 -4"><span class='ocrx_word' id='word_1_110' title='bbox 234 2245 405 2290; x_wconf 88' lang='lat' dir='ltr'><strong>eum</strong></span> <span class='ocrx_word' id='word_1_111' title='bbox 467 2227 1021 2291; x_wconf 79' lang='lat' dir='ltr'><strong>necessitatis,</strong></span> <span class='ocrx_word' id='word_1_112' title='bbox 1112 2225 1542 2292; x_wconf 87' lang='lat' dir='ltr'><strong>Scribendum</strong></span> <span class='ocrx_word' id='word_1_113' title='bbox 1588 2231 1720 2289; x_wconf 87' lang='lat' dir='ltr'><strong>est:</strong></span> <span class='ocrx_word' id='word_1_114' title='bbox 1790 2227 2301 2290; x_wconf 83' lang='lat' dir='ltr'><strong>contraxisse</strong></span> <span class='ocrx_word' id='word_1_115' title='bbox 2370 2247 2538 2291; x_wconf 89' lang='lat' dir='ltr'><strong>eum</strong></span> 
     </span>
     <span class='ocr_line' id='line_1_16' title="bbox 232 2334 2540 2418; baseline 0.001 -22"><span class='ocrx_word' id='word_1_116' title='bbox 232 2336 774 2400; x_wconf 85' lang='lat' dir='ltr'><strong>necessitatis</strong></span> <span class='ocrx_word' id='word_1_117' title='bbox 820 2334 1015 2398; x_wconf 77' lang='lat' dir='ltr'><strong>satis</strong></span> <span class='ocrx_word' id='word_1_118' title='bbox 1058 2341 1288 2400; x_wconf 88' lang='lat' dir='ltr'><strong>ratus</strong></span> <span class='ocrx_word' id='word_1_119' title='bbox 1351 2354 1438 2399; x_wconf 94' lang='lat' dir='ltr'><strong>ac</strong></span> <span class='ocrx_word' id='word_1_120' title='bbox 1497 2334 1965 2396; x_wconf 71' lang='lat' dir='ltr'><strong>bellaturu-</strong></span> <span class='ocrx_word' id='word_1_121' title='bbox 2010 2334 2302 2418; x_wconf 91' lang='lat' dir='ltr'><strong>utique</strong></span> <span class='ocrx_word' id='word_1_122' title='bbox 2371 2356 2540 2401; x_wconf 91' lang='lat' dir='ltr'><strong>cum</strong></span> 
     </span>
     <span class='ocr_line' id='line_1_17' title="bbox 237 2441 2465 2510; baseline 0.001 -3"><span class='ocrx_word' id='word_1_123' title='bbox 237 2441 644 2507; x_wconf 65' lang='lat' dir='ltr'><strong>Romanis,</strong></span> <span class='ocrx_word' id='word_1_124' title='bbox 2458 2505 2465 2510; x_wconf 90' lang='lat'>.</span> 
     </span>
     <span class='ocr_line' id='line_1_18' title="bbox 403 2546 2539 2634; baseline -0 -19"><span class='ocrx_word' id='word_1_125' title='bbox 403 2551 561 2634; x_wconf 89' lang='lat' dir='ltr'><strong>Cap.</strong></span> <span class='ocrx_word' id='word_1_126' title='bbox 611 2553 690 2614; x_wconf 82' lang='lat'><strong>28</strong></span> <span class='ocrx_word' id='word_1_127' title='bbox 740 2551 962 2616; x_wconf 81' lang='lat' dir='ltr'><strong>Livius</strong></span> <span class='ocrx_word' id='word_1_128' title='bbox 1008 2551 1405 2617; x_wconf 90' lang='lat' dir='ltr'><strong>Antenorem</strong></span> <span class='ocrx_word' id='word_1_129' title='bbox 1465 2555 1534 2614; x_wconf 90' lang='lat' dir='ltr'><strong>et</strong></span> <span class='ocrx_word' id='word_1_130' title='bbox 1579 2546 1953 2633; x_wconf 85' lang='lat' dir='ltr'><strong>Callippum</strong></span> <span class='ocrx_word' id='word_1_131' title='bbox 2007 2569 2048 2614; x_wconf 89' lang='lat' dir='ltr'><strong>a</strong></span> <span class='ocrx_word' id='word_1_132' title='bbox 2092 2549 2331 2616; x_wconf 89' lang='lat' dir='ltr'><strong>Perseo</strong></span> <span class='ocrx_word' id='word_1_133' title='bbox 2393 2572 2539 2615; x_wconf 90' lang='lat' dir='ltr'><strong>cum</strong></span> 
     </span>
     <span class='ocr_line' id='line_1_19' title="bbox 230 2656 2539 2743; baseline 0.001 -21"><span class='ocrx_word' id='word_1_134' title='bbox 230 2658 341 2724; x_wconf 87' lang='lat' dir='ltr'><strong>XL</strong></span> <span class='ocrx_word' id='word_1_135' title='bbox 386 2659 621 2725; x_wconf 87' lang='lat' dir='ltr'><strong>lembis</strong></span> <span class='ocrx_word' id='word_1_136' title='bbox 668 2660 998 2724; x_wconf 88' lang='lat' dir='ltr'><strong>Tenedum</strong></span> <span class='ocrx_word' id='word_1_137' title='bbox 1044 2661 1299 2739; x_wconf 62' lang='lat' dir='ltr'><strong>misem,</strong></span> <span class='ocrx_word' id='word_1_138' title='bbox 1344 2665 1417 2723; x_wconf 90' lang='lat' dir='ltr'><strong>ut</strong></span> <span class='ocrx_word' id='word_1_139' title='bbox 1460 2659 1611 2724; x_wconf 90' lang='lat' dir='ltr'><strong>inde</strong></span> <span class='ocrx_word' id='word_1_140' title='bbox 1657 2660 1873 2742; x_wconf 90' lang='lat' dir='ltr'><strong>sparsi</strong></span> <span class='ocrx_word' id='word_1_141' title='bbox 1918 2680 2036 2742; x_wconf 92' lang='lat' dir='ltr'><strong>per</strong></span> <span class='ocrx_word' id='word_1_142' title='bbox 2070 2656 2395 2743; x_wconf 87' lang='lat' dir='ltr'><strong>Cycladas</strong></span> <span class='ocrx_word' id='word_1_143' title='bbox 2441 2662 2539 2725; x_wconf 93' lang='lat' dir='ltr'><strong>in-</strong></span> 
     </span>
     <span class='ocr_line' id='line_1_20' title="bbox 231 2767 2534 2849; baseline 0.001 -19"><span class='ocrx_word' id='word_1_144' title='bbox 231 2768 400 2834; x_wconf 86' lang='lat' dir='ltr'><strong>sulas</strong></span> <span class='ocrx_word' id='word_1_145' title='bbox 449 2790 646 2834; x_wconf 86' lang='lat' dir='ltr'><strong>naves</strong></span> <span class='ocrx_word' id='word_1_146' title='bbox 692 2767 1147 2833; x_wconf 89' lang='lat' dir='ltr'><strong>Macedoniam</strong></span> <span class='ocrx_word' id='word_1_147' title='bbox 1215 2789 1362 2832; x_wconf 88' lang='lat' dir='ltr'><strong>cum</strong></span> <span class='ocrx_word' id='word_1_148' title='bbox 1416 2767 1746 2831; x_wconf 83' lang='lat' dir='ltr'><strong>frumento</strong></span> <span class='ocrx_word' id='word_1_149' title='bbox 1793 2773 2091 2849; x_wconf 90' lang='lat' dir='ltr'><strong>petentes</strong></span> <span class='ocrx_word' id='word_1_150' title='bbox 2138 2773 2534 2848; x_wconf 88' lang='lat' dir='ltr'><strong>tutarentur,</strong></span> 
     </span>
     <span class='ocr_line' id='line_1_21' title="bbox 236 2874 2535 2959; baseline 0.002 -22"><span class='ocrx_word' id='word_1_151' title='bbox 236 2881 486 2942; x_wconf 88' lang='lat' dir='ltr'><strong>stantes</strong></span> <span class='ocrx_word' id='word_1_152' title='bbox 532 2876 779 2941; x_wconf 91' lang='lat' dir='ltr'><strong>Tenedi</strong></span> <span class='ocrx_word' id='word_1_153' title='bbox 823 2877 891 2940; x_wconf 90' lang='lat' dir='ltr'><strong>in</strong></span> <span class='ocrx_word' id='word_1_154' title='bbox 939 2883 1135 2959; x_wconf 87' lang='lat' dir='ltr'><strong>portu</strong></span> <span class='ocrx_word' id='word_1_155' title='bbox 1183 2875 1474 2940; x_wconf 89' lang='lat' dir='ltr'><strong>Rhodias</strong></span> <span class='ocrx_word' id='word_1_156' title='bbox 1539 2896 1737 2939; x_wconf 88' lang='lat' dir='ltr'><strong>naves</strong></span> <span class='ocrx_word' id='word_1_157' title='bbox 1796 2875 2151 2939; x_wconf 89' lang='lat' dir='ltr'><strong>incolumes</strong></span> <span class='ocrx_word' id='word_1_158' title='bbox 2210 2874 2535 2942; x_wconf 90' lang='lat' dir='ltr'><strong>dimisisse</strong></span> 
     </span>
     <span class='ocr_line' id='line_1_22' title="bbox 233 2979 2534 3068; baseline 0.002 -24"><span class='ocrx_word' id='word_1_159' title='bbox 233 2990 477 3049; x_wconf 88' lang='lat' dir='ltr'><strong>narrat.</strong></span> <span class='ocrx_word' id='word_1_160' title='bbox 566 2984 729 3048; x_wconf 89' lang='lat' dir='ltr'><strong>Tum</strong></span> <span class='ocrx_word' id='word_1_161' title='bbox 775 2982 836 3066; x_wconf 67' lang='grc' dir='ltr'><strong>(ἓ</strong></span> <span class='ocrx_word' id='word_1_162' title='bbox 880 2983 949 3064; x_wconf 90' lang='grc'><strong>4)</strong></span> <span class='ocrx_word' id='word_1_163' title='bbox 996 2985 1089 3048; x_wconf 89' lang='lat' dir='ltr'><strong>sic</strong></span> <span class='ocrx_word' id='word_1_164' title='bbox 1144 2984 1388 3068; x_wconf 87' lang='lat' dir='ltr'><strong>pergit:</strong></span> <span class='ocrx_word' id='word_1_165' title='bbox 1459 2979 1805 3064; x_wconf 87' lang='lat' dir='ltr'><strong>Cognito</strong></span> <span class='ocrx_word' id='word_1_166' title='bbox 1875 2981 2202 3061; x_wconf 88' lang='lat' dir='ltr'><strong>deinde,</strong></span> <span class='ocrx_word' id='word_1_167' title='bbox 2270 2983 2352 3047; x_wconf 91' lang='lat' dir='ltr'><strong>in</strong></span> <span class='ocrx_word' id='word_1_168' title='bbox 2418 2984 2534 3048; x_wconf 90' lang='lat' dir='ltr'><strong>la·</strong></span> 
     </span>
     <span class='ocr_line' id='line_1_23' title="bbox 235 3090 2536 3175; baseline 0.001 -21"><span class='ocrx_word' id='word_1_169' title='bbox 235 3095 403 3158; x_wconf 88' lang='lat' dir='ltr'><strong>tere</strong></span> <span class='ocrx_word' id='word_1_170' title='bbox 453 3091 724 3158; x_wconf 88' lang='lat' dir='ltr'><strong>altero</strong></span> <span class='ocrx_word' id='word_1_171' title='bbox 771 3090 1072 3175; x_wconf 82' lang='lat' dir='ltr'><strong>(Tenedi)</strong></span> <span class='ocrx_word' id='word_1_172' title='bbox 1119 3090 1713 3174; x_wconf 89' lang='lat' dir='ltr'><strong>quinquaginta</strong></span> <span class='ocrx_word' id='word_1_173' title='bbox 1745 3092 2174 3154; x_wconf 86' lang='lat' dir='ltr'><strong>onerarias</strong></span> <span class='ocrx_word' id='word_1_174' title='bbox 2219 3111 2536 3156; x_wconf 89' lang='lat' dir='ltr'><strong>suarum</strong></span> 
     </span>
     <span class='ocr_line' id='line_1_24' title="bbox 238 3197 2536 3282; baseline 0.001 -20"><span class='ocrx_word' id='word_1_175' title='bbox 238 3200 652 3281; x_wconf 84' lang='lat' dir='ltr'><strong>(suorum‘?)</strong></span> <span class='ocrx_word' id='word_1_176' title='bbox 697 3201 1187 3265; x_wconf 85' lang='lat' dir='ltr'><strong>-inclusas</strong></span> <span class='ocrx_word' id='word_1_177' title='bbox 1233 3219 1441 3278; x_wconf 86' lang='lat' dir='ltr'><strong>esse,</strong></span> <span class='ocrx_word' id='word_1_178' title='bbox 1489 3197 2011 3264; x_wconf 80' lang='lat' dir='ltr'><strong>circumvecti</strong></span> <span class='ocrx_word' id='word_1_179' title='bbox 2059 3219 2401 3282; x_wconf 88' lang='lat' dir='ltr'><strong>propere</strong></span> <span class='ocrx_word' id='word_1_180' title='bbox 2447 3220 2536 3264; x_wconf 89' lang='lat' dir='ltr'><strong>ac</strong></span> 
     </span>
     <span class='ocr_line' id='line_1_25' title="bbox 241 3306 2534 3375; baseline 0.001 -5"><span class='ocrx_word' id='word_1_181' title='bbox 241 3308 642 3373; x_wconf 92' lang='lat' dir='ltr'><strong>submotis</strong></span> <span class='ocrx_word' id='word_1_182' title='bbox 687 3316 1010 3375; x_wconf 90' lang='lat' dir='ltr'><strong>terrore</strong></span> <span class='ocrx_word' id='word_1_183' title='bbox 1056 3308 1413 3373; x_wconf 90' lang='lat' dir='ltr'><strong>hostium</strong></span> <span class='ocrx_word' id='word_1_184' title='bbox 1460 3306 1803 3372; x_wconf 84' lang='lat' dir='ltr'><strong>navibus</strong></span> <span class='ocrx_word' id='word_1_185' title='bbox 1849 3307 2270 3371; x_wconf 90' lang='lat' dir='ltr'><strong>onerarias</strong></span> <span class='ocrx_word' id='word_1_186' title='bbox 2327 3310 2534 3373; x_wconf 94' lang='lat' dir='ltr'><strong>—in</strong></span> 
     </span>
     <span class='ocr_line' id='line_1_26' title="bbox 236 3412 2533 3482; baseline 0.002 -5"><span class='ocrx_word' id='word_1_187' title='bbox 236 3412 796 3482; x_wconf 88' lang='lat' dir='ltr'><strong>Macedoniam</strong></span> <span class='ocrx_word' id='word_1_188' title='bbox 872 3418 1232 3482; x_wconf 88' lang='lat' dir='ltr'><strong>mittunt.</strong></span> <span class='ocrx_word' id='word_1_189' title='bbox 1341 3413 1562 3480; x_wconf 87' lang='lat' dir='ltr'><strong>Codex</strong></span> <span class='ocrx_word' id='word_1_190' title='bbox 1639 3414 1868 3480; x_wconf 87' lang='lat' dir='ltr'><strong>habet:</strong></span> <span class='ocrx_word' id='word_1_191' title='bbox 1948 3416 2533 3481; x_wconf 86' lang='lat' dir='ltr'><strong>circumvectus</strong></span> 
     </span>
     <span class='ocr_line' id='line_1_27' title="bbox 235 3523 2531 3607; baseline 0 -18"><span class='ocrx_word' id='word_1_192' title='bbox 235 3555 314 3567; x_wconf 80' lang='lat'><strong>—-</strong></span> <span class='ocrx_word' id='word_1_193' title='bbox 376 3526 679 3605; x_wconf 86' lang='lat' dir='ltr'><strong>mittit,</strong></span> <span class='ocrx_word' id='word_1_194' title='bbox 748 3525 924 3607; x_wconf 89' lang='lat' dir='ltr'><strong>quod</strong></span> <span class='ocrx_word' id='word_1_195' title='bbox 990 3546 1073 3590; x_wconf 89' lang='lat' dir='ltr'><strong>ex</strong></span> <span class='ocrx_word' id='word_1_196' title='bbox 1135 3525 1249 3589; x_wconf 90' lang='lat' dir='ltr'><strong>illo</strong></span> <span class='ocrx_word' id='word_1_197' title='bbox 1318 3523 1475 3590; x_wconf 87' lang='lat' dir='ltr'><strong>oriri</strong></span> <span class='ocrx_word' id='word_1_198' title='bbox 1529 3523 1637 3587; x_wconf 83' lang='lat' dir='ltr'><strong>vix</strong></span> <span class='ocrx_word' id='word_1_199' title='bbox 1691 3523 1927 3606; x_wconf 89' lang='lat' dir='ltr'><strong>potuit.</strong></span> <span class='ocrx_word' id='word_1_200' title='bbox 2017 3523 2246 3606; x_wconf 90' lang='lat' dir='ltr'><strong>Itaque</strong></span> <span class='ocrx_word' id='word_1_201' title='bbox 2292 3524 2531 3603; x_wconf 79' lang='lat' dir='ltr'><strong>Liviu8‚</strong></span> 
     </span>
     <span class='ocr_line' id='line_1_28' title="bbox 237 3630 2531 3717; baseline 0.002 -24"><span class='ocrx_word' id='word_1_202' title='bbox 237 3649 427 3710; x_wconf 87' lang='lat' dir='ltr'><strong>quum</strong></span> <span class='ocrx_word' id='word_1_203' title='bbox 474 3633 662 3699; x_wconf 90' lang='lat' dir='ltr'><strong>initio</strong></span> <span class='ocrx_word' id='word_1_204' title='bbox 709 3632 875 3698; x_wconf 83' lang='lat' dir='ltr'><strong>duos</strong></span> <span class='ocrx_word' id='word_1_205' title='bbox 920 3634 1266 3717; x_wconf 84' lang='lat' dir='ltr'><strong>praefectos</strong></span> <span class='ocrx_word' id='word_1_206' title='bbox 1314 3632 1546 3697; x_wconf 89' lang='lat' dir='ltr'><strong>classis</strong></span> <span class='ocrx_word' id='word_1_207' title='bbox 1593 3632 1786 3713; x_wconf 90' lang='lat' dir='ltr'><strong>quasi</strong></span> <span class='ocrx_word' id='word_1_208' title='bbox 1819 3630 2139 3714; x_wconf 83' lang='lat' dir='ltr'><strong>dignitate</strong></span> <span class='ocrx_word' id='word_1_209' title='bbox 2175 3652 2372 3716; x_wconf 90' lang='lat' dir='ltr'><strong>pares</strong></span> <span class='ocrx_word' id='word_1_210' title='bbox 2417 3654 2531 3699; x_wconf 91' lang='lat' dir='ltr'><strong>no·</strong></span> 
     </span>
     <span class='ocr_line' id='line_1_29' title="bbox 235 3739 2533 3826; baseline 0.003 -26"><span class='ocrx_word' id='word_1_211' title='bbox 235 3739 559 3819; x_wconf 88' lang='lat' dir='ltr'><strong>minasset,</strong></span> <span class='ocrx_word' id='word_1_212' title='bbox 629 3743 792 3807; x_wconf 89' lang='lat' dir='ltr'><strong>satis</strong></span> <span class='ocrx_word' id='word_1_213' title='bbox 856 3743 1275 3826; x_wconf 84' lang='lat' dir='ltr'><strong>neglegenter</strong></span> <span class='ocrx_word' id='word_1_214' title='bbox 1340 3742 1440 3805; x_wconf 90' lang='lat' dir='ltr'><strong>sui</strong></span> <span class='ocrx_word' id='word_1_215' title='bbox 1507 3740 1753 3805; x_wconf 86' lang='lat' dir='ltr'><strong>oblitus</strong></span> <span class='ocrx_word' id='word_1_216' title='bbox 1819 3741 1950 3805; x_wconf 91' lang='lat' dir='ltr'><strong>iam</strong></span> <span class='ocrx_word' id='word_1_217' title='bbox 2016 3740 2123 3805; x_wconf 90' lang='lat' dir='ltr'><strong>hic</strong></span> <span class='ocrx_word' id='word_1_218' title='bbox 2189 3740 2274 3805; x_wconf 89' lang='lat' dir='ltr'><strong>ad</strong></span> <span class='ocrx_word' id='word_1_219' title='bbox 2331 3762 2533 3807; x_wconf 88' lang='lat' dir='ltr'><strong>unum</strong></span> 
     </span>
     <span class='ocr_line' id='line_1_30' title="bbox 234 3844 2531 3931; baseline 0.003 -24"><span class='ocrx_word' id='word_1_220' title='bbox 234 3844 623 3913; x_wconf 88' lang='lat' dir='ltr'><strong>Antenorem</strong></span> <span class='ocrx_word' id='word_1_221' title='bbox 669 3850 1111 3915; x_wconf 87' lang='lat' dir='ltr'><strong>narrationem</strong></span> <span class='ocrx_word' id='word_1_222' title='bbox 1156 3849 1530 3927; x_wconf 88' lang='lat' dir='ltr'><strong>transtulit,</strong></span> <span class='ocrx_word' id='word_1_223' title='bbox 1578 3870 1773 3931; x_wconf 85' lang='lat' dir='ltr'><strong>quem</strong></span> <span class='ocrx_word' id='word_1_224' title='bbox 1818 3849 2055 3914; x_wconf 89' lang='lat' dir='ltr'><strong>deinde</strong></span> <span class='ocrx_word' id='word_1_225' title='bbox 2101 3850 2167 3913; x_wconf 91' lang='lat' dir='ltr'><strong>in</strong></span> <span class='ocrx_word' id='word_1_226' title='bbox 2214 3856 2361 3915; x_wconf 89' lang='lat' dir='ltr'><strong>tota</strong></span> <span class='ocrx_word' id='word_1_227' title='bbox 2405 3850 2531 3916; x_wconf 91' lang='lat' dir='ltr'><strong>hac</strong></span> 
     </span>
     <span class='ocr_line' id='line_1_31' title="bbox 235 3950 2528 4042; baseline 0.003 -27"><span class='ocrx_word' id='word_1_228' title='bbox 235 3971 300 4017; x_wconf 85' lang='lat' dir='ltr'><strong>re</strong></span> <span class='ocrx_word' id='word_1_229' title='bbox 323 3976 525 4021; x_wconf 91' lang='lat' dir='ltr'><strong>unum</strong></span> <span class='ocrx_word' id='word_1_230' title='bbox 548 3958 860 4037; x_wconf 88' lang='lat' dir='ltr'><strong>nominat,</strong></span> <span class='ocrx_word' id='word_1_231' title='bbox 887 3954 1186 4042; x_wconf 87' lang='lat' dir='ltr'><strong>Callippo</strong></span> <span class='ocrx_word' id='word_1_232' title='bbox 1212 3976 1483 4042; x_wconf 88' lang='lat' dir='ltr'><strong>prorsus</strong></span> <span class='ocrx_word' id='word_1_233' title='bbox 1508 3959 1766 4039; x_wconf 90' lang='lat' dir='ltr'><strong>omiss0,</strong></span> <span class='ocrx_word' id='word_1_234' title='bbox 1804 3950 1901 4042; x_wconf 75' lang='lat'><strong>§8</strong></span> <span class='ocrx_word' id='word_1_235' title='bbox 1938 3964 2005 4023; x_wconf 92' lang='lat' dir='ltr'><strong>et</strong></span> <span class='ocrx_word' id='word_1_236' title='bbox 2047 3963 2121 4025; x_wconf 84' lang='lat'><strong>15</strong></span> <span class='ocrx_word' id='word_1_237' title='bbox 2159 3971 2225 4028; x_wconf 89' lang='lat' dir='ltr'><strong>et</strong></span> <span class='ocrx_word' id='word_1_238' title='bbox 2260 3986 2312 4028; x_wconf 90' lang='lat' dir='ltr'><strong>c.</strong></span> <span class='ocrx_word' id='word_1_239' title='bbox 2342 3963 2442 4038; x_wconf 83' lang='lat'><strong>29,</strong></span> <span class='ocrx_word' id='word_1_240' title='bbox 2473 3963 2528 4023; x_wconf 91' lang='lat'><strong>3.</strong></span> 
     </span>
    </p>
   </div>
   <div class='ocr_carea' id='block_1_3' title="bbox 241 4128 679 4143">
    <p class='ocr_par' dir='ltr' id='par_1_3' title="bbox 241 4128 679 4143">
     <span class='ocr_line' id='line_1_32' title="bbox 241 4128 679 4143; baseline 0 1139"><span class='ocrx_word' id='word_1_241' title='bbox 241 4128 679 4143; x_wconf 95' lang='lat' dir='ltr'><strong> </strong></span> 
     </span>
    </p>
   </div>
   <div class='ocr_carea' id='block_1_4' title="bbox 365 4247 2527 4491">
    <p class='ocr_par' dir='ltr' id='par_1_4' title="bbox 365 4247 2527 4491">
     <span class='ocr_line' id='line_1_33' title="bbox 367 4247 2527 4321; baseline 0.001 -21"><span class='ocrx_word' id='word_1_242' title='bbox 367 4247 758 4311; x_wconf 80' lang='lat' dir='ltr'><strong>troversiae)</strong></span> <span class='ocrx_word' id='word_1_243' title='bbox 798 4247 992 4315; x_wconf 77' lang='lat' dir='ltr'><strong>dixit,</strong></span> <span class='ocrx_word' id='word_1_244' title='bbox 1029 4248 1144 4301; x_wconf 85' lang='lat' dir='ltr'><strong>sed</strong></span> <span class='ocrx_word' id='word_1_245' title='bbox 1181 4249 1337 4302; x_wconf 82' lang='lat' dir='ltr'><strong>sibi.</strong></span> <span class='ocrx_word' id='word_1_246' title='bbox 1392 4247 1556 4318; x_wconf 73' lang='lat' dir='ltr'><strong>[Quid</strong></span> <span class='ocrx_word' id='word_1_247' title='bbox 1593 4251 1669 4303; x_wconf 78' lang='lat' dir='ltr'><strong>sit</strong></span> <span class='ocrx_word' id='word_1_248' title='bbox 1704 4250 1893 4304; x_wconf 80' lang='lat' dir='ltr'><strong>inania</strong></span> <span class='ocrx_word' id='word_1_249' title='bbox 1930 4248 2135 4321; x_wconf 85' lang='lat' dir='ltr'><strong>effugia</strong></span> <span class='ocrx_word' id='word_1_250' title='bbox 2163 4266 2428 4318; x_wconf 78' lang='lat' dir='ltr'><strong>quaerere‚</strong></span> <span class='ocrx_word' id='word_1_251' title='bbox 2458 4267 2527 4304; x_wconf 91' lang='lat' dir='ltr'><strong>ne</strong></span> 
     </span>
     <span class='ocr_line' id='line_1_34' title="bbox 365 4334 2527 4405; baseline 0.002 -19"><span class='ocrx_word' id='word_1_252' title='bbox 365 4334 594 4387; x_wconf 82' lang='lat' dir='ltr'><strong>veritati</strong></span> <span class='ocrx_word' id='word_1_253' title='bbox 639 4349 860 4402; x_wconf 84' lang='lat' dir='ltr'><strong>pareas,</strong></span> <span class='ocrx_word' id='word_1_254' title='bbox 917 4340 974 4387; x_wconf 83' lang='lat' dir='ltr'><strong>et</strong></span> <span class='ocrx_word' id='word_1_255' title='bbox 1025 4335 1320 4403; x_wconf 80' lang='lat' dir='ltr'><strong>permultis</strong></span> <span class='ocrx_word' id='word_1_256' title='bbox 1375 4336 1496 4389; x_wconf 82' lang='lat' dir='ltr'><strong>aliis</strong></span> <span class='ocrx_word' id='word_1_257' title='bbox 1550 4336 1716 4404; x_wconf 82' lang='lat' dir='ltr'><strong>locis,</strong></span> <span class='ocrx_word' id='word_1_258' title='bbox 1779 4354 1917 4405; x_wconf 82' lang='lat' dir='ltr'><strong>quos</strong></span> <span class='ocrx_word' id='word_1_259' title='bbox 1972 4337 2150 4390; x_wconf 82' lang='lat' dir='ltr'><strong>sciens</strong></span> <span class='ocrx_word' id='word_1_260' title='bbox 2216 4335 2527 4404; x_wconf 81' lang='lat' dir='ltr'><strong>lubensque</strong></span> 
     </span>
     <span class='ocr_line' id='line_1_35' title="bbox 368 4418 2524 4491; baseline 0.001 -20"><span class='ocrx_word' id='word_1_261' title='bbox 368 4419 587 4486; x_wconf 88' lang='lat' dir='ltr'><strong>omitto,</strong></span> <span class='ocrx_word' id='word_1_262' title='bbox 628 4425 685 4473; x_wconf 88' lang='lat' dir='ltr'><strong>et</strong></span> <span class='ocrx_word' id='word_1_263' title='bbox 719 4419 810 4473; x_wconf 86' lang='lat' dir='ltr'><strong>hic</strong></span> <span class='ocrx_word' id='word_1_264' title='bbox 846 4419 1162 4489; x_wconf 86' lang='lat' dir='ltr'><strong>exemplum</strong></span> <span class='ocrx_word' id='word_1_265' title='bbox 1199 4440 1229 4476; x_wconf 91' lang='lat' dir='ltr'><strong>e</strong></span> <span class='ocrx_word' id='word_1_266' title='bbox 1258 4421 1704 4477; x_wconf 81' lang='lat' dir='ltr'><strong>Weissenbornii</strong></span> <span class='ocrx_word' id='word_1_267' title='bbox 1742 4423 2101 4477; x_wconf 84' lang='lat' dir='ltr'><strong>adnotatione</strong></span> <span class='ocrx_word' id='word_1_268' title='bbox 2137 4421 2263 4490; x_wconf 87' lang='lat' dir='ltr'><strong>capi</strong></span> <span class='ocrx_word' id='word_1_269' title='bbox 2298 4418 2524 4491; x_wconf 63' lang='lat' dir='ltr'><strong>potest]</strong></span> 
     </span>
    </p>
   </div>
  </div>
 </body>
</html>
