3230 5282
564 634 689 691 Lib.
725 634 791 689 X.
1659 626 1782 689 236

565 805 655 872 Et
699 806 961 892 quidni,
1028 808 1155 875 etsi
1211 829 1320 876 res
1378 807 1555 894 apud
1599 809 1935 894 Papirium
1995 816 2198 895 gestae
2258 810 2535 878 subinde
2595 811 2686 877 ad
2734 809 2911 876 Car-

562 915 788 980 vilium
831 914 1354 1000 perferebantur,
1412 919 1773 1002 separatim
1815 919 2074 984 narrari
2118 920 2355 1004 possit,
2402 925 2670 986 maturo
2718 925 2909 985 tem-

564 1044 726 1107 pore
773 1043 815 1087 a
856 1022 1122 1107 Papirio
1167 1025 1469 1090 nuntium
1514 1031 1789 1106 certum,
1856 1027 2018 1111 quid
2073 1027 2142 1091 in
2198 1028 2418 1093 animo
2466 1034 2646 1093 esset
2695 1047 2914 1111 agere

567 1137 634 1196 et
689 1130 851 1215 quid
907 1152 951 1197 a
993 1129 1280 1199 Carvilio
1323 1132 1468 1201 fieri
1512 1139 1813 1218 cuperet,
1878 1132 2226 1218 missum?]
2295 1132 2330 1218 ἓ
2387 1139 2426 1199 7
2481 1135 2620 1200 sine
2685 1135 2913 1202 dubio

568 1237 871 1304 addenda
924 1241 1309 1326 praepositio
1365 1242 1446 1307 in
1489 1247 1645 1307 ante
1694 1262 1783 1321 ι,
1840 1248 1917 1307 ut
1962 1241 2326 1308 scribatur:
2383 1263 2536 1328 quo
2593 1240 2676 1304 in
2734 1262 2914 1307 ma-

566 1348 738 1413 iore
806 1346 1283 1415 discrimine
1338 1370 1469 1416 res
1526 1349 2046 1430 vertebatur,
2103 1349 2366 1416 collatis
2420 1349 2537 1428 iis,
2594 1368 2754 1431 quae
2820 1349 2917 1414 ad

567 1453 815 1535 XXIII,
877 1460 991 1537 29,
1051 1464 1088 1521 '7
1150 1457 1317 1537 dixi,
1375 1458 1910 1542 comparatisque
1967 1456 2087 1538 VI,
2147 1459 2261 1538 36,
2320 1461 2359 1521 7
2418 1462 2488 1523 et
2540 1455 2809 1537 XXIX,
2872 1461 2913 1522 7

567 1564 712 1629 init.
804 1562 1130 1647 (1861.)¹)

740 1668 899 1755 Cap.
945 1676 1049 1753 40,
1095 1675 1167 1737 6:
1216 1671 1320 1755 (L.
1354 1671 1663 1757 Papirius
1709 1671 1957 1753 consul,
2005 1679 2364 1757 postquam
2412 1672 2493 1738 de
2535 1692 2607 1737 re
2655 1691 2703 1736 a
2749 1694 2918 1756 per-

453 1793 459 1799 ·
570 1778 726 1864 fuga
801 1780 1095 1845 indicata
1172 1779 1259 1845 ad
1326 1780 1649 1864 collegam
1725 1781 2032 1846 nuntium
2108 1779 2317 1862 misit)
2395 1780 2573 1865 ipse
2651 1780 2920 1864 signa

574 1887 803 1954 ocius
892 1887 1252 1971 proferri
1329 1888 1585 1969 iubet,
1677 1888 2217 1973 subsidiaque
2307 1890 2480 1953 suis
2558 1908 2918 1971 quaeque

572 1996 780 2062 locis
847 2000 927 2061 et
992 1994 1433 2080 praefectos
1500 1995 1909 2063 subsidiis
1967 1995 2521 2077 attribuerat3
2590 1994 2915 2063 dextro

577 2124 827 2170 cornu
874 2110 997 2169 cet.
1097 2102 1355 2170 Vitiose
1412 2125 1565 2188 que
1612 2105 1713 2169 ita
1755 2104 2049 2189 ponitur,
2105 2110 2182 2170 ut
2223 2104 2406 2169 brevi
2453 2109 2521 2168 et
2564 2104 2919 2170 universae

402 2220 544 2288 (196)
580 2210 1037 2296 significationi
1082 2212 1410 2277 exercitus
1455 2213 1523 2277 in
1570 2213 1779 2278 aciem
1824 2212 2045 2277 educti
2090 2212 2488 2295 adiungatur
2521 2210 2920 2294 copulative

570 2320 786 2404 prima
840 2340 996 2404 pars
1053 2320 1484 2403 expositionis
1539 2341 1763 2385 rerum
1806 2326 1963 2385 ante
2009 2340 2296 2404 pugnam
2340 2324 2917 2403 praeparatarum,

575 2446 775 2512 quum
850 2428 1215 2511 praesertim
1293 2428 1440 2512 ipso
1507 2427 1692 2494 verbi
1756 2436 2054 2512 tempore
2142 2427 2348 2492 rediri
2427 2426 2513 2492 ad
2581 2429 2920 2510 superius

573 2541 833 2619 tempus
917 2535 1269 2600 indicetur:
1351 2536 1891 2620 subsidiaque
1957 2571 2046 2582 —
2102 2533 2632 2601 attribuerat.
2761 2534 2921 2618 (Al-

575 2640 943 2709 schefskius
989 2644 1288 2727 exemplo
1333 2645 1560 2730 inepto
1605 2644 1868 2727 utitur.)
1960 2643 2394 2710 Scribendum
2439 2644 2672 2726 igitur:
2723 2666 2923 2727 pro-

572 2750 780 2816 ferri
837 2750 1082 2816 iubet.
1187 2749 1580 2817 Subsidia
1623 2754 1796 2818 suis
1843 2770 2174 2837 quaeque
2218 2752 2431 2817 locis
2480 2758 2600 2816 cet.
2706 2750 2923 2820 Unde

573 2879 724 2944 que
783 2864 1002 2924 ortum
1060 2860 1175 2939 sit,
1245 2880 1324 2924 ex
1379 2859 1448 2924 M
1504 2860 1801 2944 intellegi
1857 2881 2050 2945 posse
2107 2860 2395 2940 videtur,
2460 2859 2530 2923 in
2573 2874 2710 2941 quo
2774 2869 2919 2927 est:

574 2966 1128 3050 Subsidiaque
1179 2969 1350 3033 suis
1399 2988 1564 3051 quae
1609 2968 1818 3034 locis
1854 2974 1977 3060 cet.
2082 2967 2316 3047 (Paulo
2352 2973 2507 3052 post
2543 2964 2605 3049 (ἓ
2642 2965 2737 3048 8),
2792 2969 2926 3035 ubi

571 3076 920 3142 scribitur:
968 3075 1499 3160 Sp.Nautium
1532 3075 1807 3156 mulos,
1856 3075 2265 3141 detractis
2300 3073 2675 3154 clitellis,
2730 3097 2923 3143 cum

573 3184 1056 3252 cohortibus
1103 3183 1400 3251 alariis
1450 3184 1527 3248 in
1563 3184 1955 3249 tumulum
1993 3183 2728 3249 —circumducere
2780 3185 2925 3251 iu-

570 3291 708 3358 bet
742 3298 988 3376 atque
1020 3292 1310 3374 inde—,
1336 3298 1643 3375 quanto
1678 3293 2022 3357 maxime
2047 3289 2926 3376 (scr.maximo)posset

571 3406 788 3465 moto
861 3400 1232 3483 pulvere,
1302 3401 1768 3480 ostendere,
1838 3399 2262 3494 scribendum
2320 3405 2486 3484 puto
2540 3399 2925 3483 pulvere,

628 3674 676 3742 ¹)
714 3674 932 3729 Eodem
977 3691 1096 3744 cap.
1146 3672 1179 3744 β
1221 3677 1283 3729 15
1331 3675 1412 3744 (in
1457 3674 1669 3745 Papirii
1716 3675 2117 3732 cohortatione
2160 3674 2424 3744 militum)
2469 3674 2740 3729 mendum
2776 3692 2925 3734 esse

705 3761 767 3814 in
809 3761 898 3815 his
944 3761 1153 3815 verbis:
1203 3760 1369 3815 deos
1416 3760 1845 3816 immortales
1892 3761 2132 3817 adesse
2178 3766 2467 3831 propter
2512 3761 2737 3816 toties
2790 3780 2920 3832 pe-

708 3846 848 3899 tita
891 3844 1206 3914 foedera,
1253 3847 1471 3902 toties
1507 3852 1737 3916 rupta3
1784 3850 1939 3914 tum,
1990 3847 2047 3900 si
2083 3864 2217 3916 qua
2261 3846 2674 3902 coniectura
2728 3864 2925 3905 men·

706 3931 799 3984 tis
838 3930 1090 3987 divinoe
1127 3932 1236 4000 sit,
1284 3931 1467 3987 nulli
1502 3949 1806 4001 unquam
1844 3932 2184 3988 exercitui
2219 3932 2441 3987 fuisse
2476 3930 2924 3990 infestiores

709 4033 907 4085 quam
952 4017 1062 4086 qui
1099 4023 1235 4085 cet,
1278 4017 1529 4072 ostendit
1573 4016 1855 4087 particula
1897 4022 2036 4072 tum
2083 4035 2321 4088 prorsus
2366 4033 2656 4088 perversa3
2711 4035 2924 4087 neque

708 4102 858 4156 enim
918 4104 1053 4156 novi
1120 4103 1425 4172 quidquam
1481 4102 1864 4173 (proeterea)
1923 4103 2176 4171 additur3
2244 4102 2411 4157 aliter
2465 4107 2653 4157 autem
2715 4105 2923 4174 accipi

706 4187 919 4255 nequit.
1002 4187 1219 4244 Deinde
1267 4188 1328 4242 di
1362 4206 1478 4243 non
1513 4192 1667 4242 recte
1704 4187 1968 4243 dicuntur
2003 4188 2247 4244 adesse
2281 4193 2574 4259 propter
2607 4186 2924 4245 foedera

703 4277 940 4341 rupta,
997 4273 1203 4327 omisso
1248 4290 1340 4341 e0,
1394 4274 1455 4327 in
1503 4290 1614 4342 quo
1661 4274 1946 4328 sententia
1987 4275 2254 4341 vertitur,
2309 4290 2422 4343 quo
2462 4272 2648 4326 animo
2688 4270 2919 4329 adsint.

707 4355 821 4410 Sed
873 4358 1325 4413 emendationem
1376 4376 1493 4413 non
1545 4359 1799 4428 reperio;
1851 4376 1983 4413 nam
2036 4359 2252 4413 toties
2300 4361 2502 4427 rupta
2547 4357 2782 4424 lntn3
2854 4359 2924 4414 si

710 4460 847 4512 qua
882 4447 986 4497 cet.
1024 4460 1263 4513 prorsus
1299 4443 1607 4498 violentam
1646 4448 1703 4497 et
1736 4442 2126 4499 incredibilem
2160 4442 2537 4498 mutationem
2570 4440 2763 4495 habet.
