3230 5282
1366 619 1489 682 657
2245 630 2369 688 Lib.
2404 630 2576 687 XLII.

272 804 600 872 eiusmodi
665 805 1014 871 interiecta
1079 825 1352 889 pravum
1410 810 1533 871 est.
1620 802 1840 870 Medio
1896 804 2114 888 capite
2159 800 2220 888 (ἓ
2267 804 2332 888 6)
2380 824 2579 888 quum

267 915 345 979 in
390 913 616 980 codice
664 915 753 981 sit
813 920 1040 979 certo
1110 912 1649 979 cendentibus
1697 911 2046 997 [Vahlenio
2087 918 2257 978 teste
2302 913 2578 979 incen-

269 1021 691 1106 dentibus]
760 1022 1045 1107 gradu,
1116 1019 1528 1087 scribendum
1596 1026 1725 1087 est:
1797 1042 1970 1086 cum
2031 1020 2433 1088 ordinatis
2502 1029 2581 1089 et

271 1136 505 1198 certo
573 1128 1060 1197 cedentibus
1126 1128 1403 1214 gradu.
1504 1128 1897 1196 Incedere
1965 1127 2045 1195 de
2110 1129 2580 1213 recipientibus

269 1259 346 1304 se
389 1239 607 1305 minus
654 1245 883 1323 aptum
929 1244 1048 1305 est.
1118 1235 1180 1322 [ἓ
1226 1241 1265 1304 8
1312 1258 1512 1323 quum
1558 1238 1626 1303 in
1660 1236 1886 1305 codice
1931 1237 2042 1303 sit:
2094 1236 2190 1303 ad
2223 1236 2580 1305 insidias

267 1348 587 1413 eumeni
653 1348 877 1431 regis
942 1368 1139 1413 usus
1209 1351 1419 1426 erat,
1486 1352 1607 1411 aut
1683 1345 1988 1411 addenda
2062 1345 2267 1430 priori
2331 1347 2580 1413 nomini

274 1455 505 1520 littera
547 1475 577 1518 s
612 1461 732 1536 est,
777 1454 956 1538 quod
993 1455 1305 1540 Grynaeus
1338 1453 1516 1535 fecit,
1562 1461 1679 1521 aut
1713 1452 2118 1520 detrahenda
2150 1452 2359 1535 alteri,
2405 1454 2581 1538 quod

274 1562 519 1630 malim.
599 1562 968 1630 Insidias
1012 1563 1483 1648 legatorum,
1520 1582 1666 1646 quse
1700 1562 1934 1647 legatis
1966 1561 2158 1628 factae
2195 1569 2433 1642 essent,
2472 1563 2581 1629 Li-

267 1673 418 1738 vius
442 1670 1132 1753 dixitXXX1X‚26,3;
1158 1671 1474 1737 insidiae
1502 1671 1758 1737 alicui
1780 1675 2020 1754 praeter
2042 1677 2268 1736 notum
2285 1669 2580 1738 Sallustii

273 1779 493 1846 locum
561 1780 629 1845 in
676 1777 866 1844 Catil.
918 1782 997 1843 32
1045 1779 1352 1846 dicuntur
1406 1778 1584 1863 apud
1650 1761 1872 1864 ipsum·
1912 1778 2166 1844 Livium
2225 1778 2301 1860 V,
2349 1784 2449 1861 28,
2504 1783 2579 1845 12

268 1886 599 1970 (metum
664 1886 1153 1953 insidiarum
1220 1887 1492 1953 effuse
1570 1886 2111 1972 sequentibus
2179 1887 2577 1972 sustulit),

273 1994 630 2062 adiuvante
695 2002 838 2061 toto
904 1995 1253 2061 verborum
1311 1994 1689 2080 complexu,
1745 2001 1820 2060 ut
1874 1994 2001 2060 hoc
2057 1994 2201 2061 loco
2267 1995 2578 2079 praeposi·

269 2104 452 2171 tione
499 2103 629 2186 ad3
697 2113 796 2170 est
854 2105 1027 2169 enim
1072 2104 1169 2169 ad
1215 2102 1567 2170 insidias
1612 2103 1786 2187 regi
1830 2102 2262 2170 faciendas
2307 2103 2576 2186 (XXIII,
2680 2133 2695 2148 ·

270 2216 378 2294 35,
424 2217 465 2278 7
509 2232 605 2278 ne
661 2233 819 2295 qua
863 2210 1393 2297 exprobratio
1438 2212 1809 2296 cuiquam
1850 2211 2160 2278 veteris
2204 2211 2577 2295 fortunae3

275 2318 385 2402 IX,
430 2323 535 2401 20,
585 2324 620 2385 5
667 2342 807 2405 pro
865 2320 1223 2387 remedio
1281 2321 1514 2403 aegris
1567 2320 1840 2401 rebus;
1907 2319 2171 2401 XXVII,
2220 2323 2319 2401 37,
2361 2325 2434 2384 11
2484 2320 2580 2387 ad

271 2427 504 2494 aliud
551 2425 1050 2494 sacrificium
1096 2427 1349 2495 eidem
1396 2427 1555 2494 deae
1586 2463 1675 2474 —
1706 2427 1977 2494 edicta
2010 2428 2406 2510 dies;.na1n
2441 2429 2580 2508 dies

271 2535 648 2603 hominibus
685 2536 985 2617 edicitur,
1031 2544 1105 2602 ut
1139 2555 1396 2603 sacrum
1427 2534 1545 2602 fiat
1588 2535 1758 2618 dese3
1805 2536 1919 2602 cfr.
1954 2535 2183 2618 XXIV,
2214 2540 2311 2618 10,
2350 2536 2578 2622 13.)]¹)

445 2643 608 2731 Cap.
658 2648 758 2726 60,
808 2650 873 2710 1:
922 2643 1312 2711 Cecidere
1357 2665 1446 2711 eo
1493 2646 1623 2712 die
1668 2646 1765 2712 ab
1810 2645 2191 2712 Romanis
2239 2645 2569 2714 ducenti
2607 2661 2750 2733 (544)

271 2756 637 2839 equites,
717 2753 872 2819 duo
937 2752 1203 2820 millia
1279 2752 1490 2819 haud
1570 2755 1830 2819 minus
1896 2754 2289 2838 peditum,
2356 2756 2580 2841 capti

269 2858 530 2933 ferme
587 2861 925 2927 ducenti
984 2863 1329 2945 equites.
1421 2860 1672 2928 Codex:
1740 2862 1962 2945 capti
2008 2882 2096 2927 ac
2143 2861 2291 2943 (hoc
2335 2870 2461 2944 est,
2506 2869 2582 2928 ut

274 2990 468 3056 saepe,
518 2967 656 3053 DC)
703 2968 952 3035 ferme
999 2968 1334 3035 ducenti
1381 2969 1743 3051 equites;
1787 2971 2014 3052 itaque
2058 2969 2469 3055 Kreyssigius
2514 2978 2581 3038 et

275 3077 847 3144 Weissenbornius
894 3077 1327 3161 scripserunt:
1377 3078 1597 3161 capti
1645 3078 2021 3144 sexcenti
2066 3076 2316 3144 ferme
2362 3080 2578 3164 equi-

271 3191 433 3267 tes,
509 3185 793 3251 alterum
846 3206 1190 3250 numerum
1257 3183 1650 3266 (ducenti)
1718 3206 1796 3251 ex
1862 3186 2310 3270 superioribus
2376 3207 2578 3271 prave

275 3295 634 3378 repetitum
669 3294 820 3358 rati.
887 3292 1110 3372 Miror,
1144 3312 1275 3358 non
1310 3291 1848 3360 animadvertisse
1872 3314 2004 3375 eos,
2038 3293 2326 3360 indidem
2353 3296 2577 3381 ‘sump-

278 3405 417 3467 tum
442 3422 593 3469 esse
633 3401 950 3487 equites
985 3400 1527 3483 scribendumque
1567 3408 1856 3494 tantum:
1906 3404 2123 3487 capti
2156 3400 2278 3468 Dc
2311 3402 2576 3471 ferme.

277 3506 439 3587 Quis
512 3510 684 3575 enim
753 3508 1001 3590 credat,
1072 3530 1271 3592 quum
1338 3510 1629 3594 quinque
1685 3509 1986 3595 partibus
2041 3510 2265 3595 plures
2319 3511 2576 3595 pedites

275 3635 474 3699 quam
522 3618 778 3700 equites
825 3617 1237 3697 cecidissent,
1285 3617 1460 3683 solos
1507 3618 1761 3701 equites
1808 3627 2038 3704 captos
2083 3618 2270 3685 esse?
2345 3619 2575 3705 Neque

284 3723 352 3788 id
394 3724 823 3807 Plutarchus,
889 3746 1084 3809 quem
1129 3725 1540 3810 Kreyssigius
1593 3733 1830 3792 testem
1876 3728 2068 3807 citat,
2130 3727 2290 3793 dicit
2334 3727 2575 3808 (AEmil.

275 3850 335 3896 c.
382 3832 471 3916 9),
522 3832 636 3898 sed
678 3832 748 3897 id
792 3834 1027 3918 ipsum,
1072 3833 1249 3915 quod
1295 3854 1412 3918 ego
1459 3832 1637 3919 apud
1680 3834 1931 3900 Livium
1976 3834 2221 3901 efficio:
2267 3841 2564 3914 δισχιλίους
2597 3826 2748 3928 (5¹45)

275 3950 665 4013 πεντακοσίους
730 3946 926 4024 ἄνδρας
991 3946 1245 4024 ἀγαθοὺς
1314 3942 1592 4025 (equites
1669 3939 2081 4029 peditesque)
2151 3949 2420 4007 ἀπέκτεινε
2487 3951 2577 4009 καὶ

277 4055 477 4122 ζῶντας
520 4055 712 4121 ἄλλους
759 4056 1074 4121 ἑξακοσίους
1120 4054 1305 4130 ἔλαβεν
1351 4051 1725 4136 (utriusque
1770 4050 2077 4134 generis).

452 4157 610 4243 Cap.
660 4162 759 4238 61,
807 4162 874 4222 3:
933 4158 1113 4224 Haec
1177 4178 1334 4243 per·
1389 4179 1468 4225 se
1525 4159 1793 4245 ampla
1845 4160 2235 4245 pleraque
2290 4160 2577 4227 multi-

323 4410 368 4476 ι)
406 4408 560 4480 [Quae
599 4413 669 4467 de
722 4410 754 4482 §
792 4416 825 4467 7
861 4403 1311 4483 disputaveram,
1349 4413 1462 4467 iam
1514 4430 1631 4469 non
1683 4413 2060 4482 satisfaciunt5
2117 4414 2227 4469 alie
2277 4419 2575 4470 tentarunt

416 4495 701 4553 Hau-telius
737 4499 796 4553 in
832 4499 981 4553 Ann.
1018 4495 1213 4569 Gymn.
1233 4499 1391 4554 Aust.
1427 4498 1590 4553 XVII
1623 4501 1732 4570 p.9
1768 4505 1826 4554 et
1859 4498 2167 4555 Vahlenius
2202 4500 2317 4555 ibd.
2356 4518 2411 4571 p.
2430 4497 2571 4571 8070]

146 4796 938 5188 Γ
1455 5036 1771 5211 ,-
