3230 5282
613 637 738 690 Lib.
776 636 921 691 Vm.
1713 625 1830 685 192

616 829 828 891 neque
899 809 1068 872 enim
1113 808 1386 872 Decium
1451 829 1685 890 reapse
1742 807 2033 872 humana
2089 809 2306 891 specie
2353 810 2794 891 augustiorem
2839 813 2921 876 ab

615 923 899 998 utraque
956 916 1094 979 acie
1152 922 1569 999 conspectum
1612 915 1833 980 Livius
1881 916 2073 998 quasi
2114 916 2478 981 testificans
2522 918 2924 999 narraverat,

617 1023 761 1102 sed,
831 1045 977 1107 quae
1035 1024 1286 1108 species
1343 1023 1604 1088 obiecta
1661 1024 1893 1088 animis
1952 1024 2146 1088 motis
2205 1031 2398 1089 esset.
2512 1024 2745 1108 Itaque
2792 1028 2923 1109 pri-

616 1153 792 1195 mum
849 1132 1059 1195 oratio
1121 1133 1216 1196 sic
1274 1130 1720 1196 continuanda
1775 1136 1902 1195 est:
1974 1152 2054 1196 se
2122 1132 2201 1195 in
2268 1132 2576 1197 medios
2642 1133 2924 1199 hostes

616 1239 953 1302 immisit
1031 1246 1520 1323 conspectus
1589 1239 1683 1303 ab
1751 1244 2097 1321 utraque
2167 1241 2337 1305 acie
2407 1239 2715 1324 (utraque
2785 1244 2924 1307 acie

617 1346 1078 1429 inspectante).
1191 1345 1333 1411 Iam
1398 1347 1696 1429 sequitur
1762 1348 2165 1427 necessario,
2234 1355 2307 1413 ut
2372 1350 2439 1412 in
2495 1349 2562 1413 M
2618 1348 2800 1430 (Lov.
2858 1350 2922 1431 4)

617 1456 938 1537 scriptum
996 1462 1095 1519 est
1151 1452 1424 1535 (visuS,
1496 1476 1628 1519 non
1684 1454 1883 1537 visu)
1945 1454 2444 1539 Gronoviusque
2504 1456 2719 1521 altera
2774 1478 2924 1522 con-

616 1563 870 1627 iectura
924 1567 1363 1645 praeceperat:
1432 1560 1877 1645 Aliquanto
1939 1564 2364 1645 augustior
2423 1558 2756 1630 humano
2814 1566 2927 1628 vi-

619 1691 751 1734 sus
799 1668 887 1751 (h.
937 1691 990 1734 e.
1037 1671 1211 1733 visus
1259 1670 1421 1751 est),
1481 1670 1697 1734 sicut
1755 1669 1947 1735 caelo
1995 1671 2288 1735 missus
2334 1671 2737 1754 piaculum
2784 1694 2928 1738 om-

617 1779 742 1842 nis
811 1777 1132 1842 deorum
1197 1778 1363 1856 irae,
1444 1778 1577 1860 qui
1631 1812 1719 1822 —
1773 1778 2047 1842 ferret.
2161 1777 2287 1843 Ita
2355 1779 2603 1843 omnis
2658 1786 2930 1844 terror

617 1907 1032 1970 pavorque
1091 1892 1213 1950 cet.
1314 1885 1415 1950 Ab
1472 1886 1589 1950 ita
1644 1907 1879 1950 novam
1938 1885 2279 1969 periodum
2336 1887 2656 1969 incipere,
2727 1890 2929 1952 mani·

450 2010 590 2076 (163)
627 1994 867 2058 festum
913 2000 1040 2072 est3
1109 2015 1321 2076 neque
1380 1995 1551 2058 enim
1607 1993 1744 2058 ullo
1802 1993 1994 2058 modo
2042 1995 2256 2058 sicut
2300 1995 2584 2059 missus
2632 1993 2928 2076 (Decius)

617 2137 730 2180 -,
795 2103 916 2165 ita
994 2103 1244 2165 omnis
1323 2109 1596 2166 terror
1678 2108 1802 2165 cet.
1873 2101 1942 2165 in
2017 2122 2213 2165 unam
2282 2104 2682 2166 sententiam
2749 2111 2927 2167 recte

619 2208 889 2273 conflari
924 2216 1217 2291 possunt.
1281 2208 1499 2291 [Quod
1533 2230 1743 2291 nuper
1775 2208 2119 2273 humano
2155 2209 2444 2274 habitu
2478 2211 2693 2274 visus
2727 2212 2931 2295 scrip-

616 2325 756 2380 tum
802 2324 917 2395 est,
965 2316 1230 2381 habitus
1277 2315 1439 2379 nihil
1485 2316 1567 2380 ad
1612 2316 1784 2381 hanc
1829 2338 1968 2381 rem
2015 2318 2320 2399 pertinet.
2414 2317 2541 2382 Sed
2586 2339 2717 2382 non
2761 2338 2930 2400 nego

619 2424 1050 2488 dubitationis
1099 2424 1352 2506 aliquid
1397 2423 1644 2487 habere
1690 2424 2036 2488 humano
2081 2445 2202 2507 pro
2249 2424 2569 2490 homine
2607 2426 2931 2509 positum3

618 2553 771 2595 nam
818 2530 998 2613 apud
1045 2530 1346 2594 Ovidium
1381 2530 1560 2595 Fast.
1587 2531 1668 2611 II,
1717 2535 1839 2596 503
1888 2531 2297 2614 significatur
2332 2533 2667 2611 Romulus,
2715 2534 2933 2615 qualis

620 2640 794 2702 inter
829 2639 1128 2704 homines
1162 2637 1334 2721 fuit]
1393 2639 1732 2704 Postremo
1769 2638 1802 2722 ἓ
1845 2645 1921 2704 12
1955 2641 2023 2704 in
2058 2639 2532 2724 significatione
2568 2643 2663 2706 rei
2698 2644 2936 2725 saepius

620 2748 933 2830 repetitaer
967 2755 1032 2811 et
1067 2748 1202 2811 eius
1239 2747 1434 2831 quod,
1485 2749 2006 2831 quotiescunque
2041 2750 2329 2831 repetita
2363 2750 2467 2828 sit,
2516 2757 2939 2814 consecutum

622 2855 724 2933 sit,
772 2855 1190 2919 scribendum
1237 2877 1409 2920 esse:
1459 2877 1962 2939 quacumque
1994 2891 2083 2901 -
2116 2858 2489 2921 invectus
2536 2863 2738 2923 esset
2786 2857 2937 2941 (pro

622 2963 791 3045 est),
839 2963 952 3027 ibi
995 2999 1081 3008 —
1124 2963 1550 3047 pavebant,
1599 2964 2069 3031 intellexerunt
2113 2964 2459 3048 Siesbyeus
2506 2971 2573 3029 et
2614 2965 2881 3029 Alanus.

793 3069 950 3155 Cap.
1006 3077 1113 3150 10,
1176 3076 1244 3136 3:
1316 3072 1453 3156 qui
1516 3071 1755 3153 (triarii
1799 3071 2045 3154 Latini)
2109 3072 2613 3154 aliquamdiu
2670 3092 2939 3156 pugna

620 3181 885 3243 atroci
953 3202 1182 3263 quum
1250 3187 1331 3244 et
1399 3187 1653 3244 semet
1717 3181 1882 3263 ipsi
1948 3179 2457 3262 fatigassent
2515 3186 2593 3245 et
2648 3180 2933 3245 hastas

621 3294 759 3351 aut
836 3286 1450 3370 praefregissent
1527 3296 1670 3353 aut
1736 3288 2302 3367 hebetassent,
2380 3288 2795 3371 pellerent
2863 3290 2940 3351 vi

620 3402 891 3459 tamen
935 3393 1260 3474 hostem,
1322 3394 1817 3459 debellatum
1861 3394 2017 3458 iam
2062 3397 2222 3459 rati
2266 3430 2369 3477 —-,
2435 3402 2598 3460 tum
2646 3395 2937 3461 consul

622 3501 966 3579 triariiS,
1018 3499 1548 3584 „Consurgite
1594 3504 1865 3582 nunc“,
1909 3503 2181 3586 inquit
2228 3510 2353 3567 cet.
2421 3503 2651 3588 Neque
2696 3504 2771 3567 vi
2817 3524 2937 3567 cur

623 3607 931 3687 addatur,
989 3608 1418 3690 intellegitur,
1477 3609 1667 3691 quasi
1714 3615 1907 3673 atrox
1953 3631 2178 3692 pugna
2224 3611 2362 3676 sine
2409 3611 2471 3675 vi
2518 3632 2659 3675 esse
2705 3613 2935 3694 possit,

624 3737 833 3797 neque
892 3715 1050 3797 quid
1110 3723 1267 3798 agat
1324 3723 1618 3795 tamen;
1686 3738 1839 3780 nam
1909 3717 2277 3782 vehementi
2333 3720 2599 3783 conatui
2661 3717 2935 3784 effectus

622 3845 751 3887 non
799 3824 1166 3887 contrarius
1214 3831 1340 3901 est3
1401 3823 1600 3903 addo,
1659 3825 1725 3887 in
1770 3824 1891 3889 tali
1937 3824 2250 3907 asyndeto
2296 3847 2424 3890 non
2471 3827 2763 3909 potuisse
2812 3834 2938 3890 ta-

622 3952 791 3994 men
835 3932 900 3993 in
947 3932 1215 3995 tertium
1260 3932 1476 3996 locum
1523 3933 1722 4011 reiici,
1770 3932 1885 3996 sed
1930 3934 2300 3996 necessario
2337 3934 2462 4016 ipsi
2497 3934 2695 3998 verbo
2733 3933 2938 3999 subii-

623 4037 924 4102 ciendum
1001 4037 1198 4103 fuisse
1268 4033 1720 4121 (pellerent
1799 4039 2113 4120 tamen).
2239 4041 2613 4124 Scripserat
2680 4041 2936 4106 Livius:

622 4145 1157 4224 pelleremque
1236 4148 1531 4208 tandem
1601 4147 1929 4211 hostem.
2057 4148 2410 4213 Tandem
2478 4171 2594 4232 pro
2664 4155 2938 4214 tamen

622 4253 1099 4318 restituendum
1145 4254 1405 4319 ostendi
1452 4256 1651 4318 etiam
1698 4253 1789 4334 II,
1850 4260 1950 4333 42,
2016 4260 2111 4319 10.
2212 4255 2463 4320 Eodem
2510 4258 2725 4340 capite
2771 4255 2805 4339 ξ
2858 4261 2937 4321 13

622 4361 716 4424 sic
762 4360 1100 4425 scribitur:
1173 4361 1309 4426 Sin
1351 4363 1627 4426 ‘autem
1686 4384 1860 4427 sese
1919 4362 2319 4428 devovere
2367 4364 2616 4445 volet,
2684 4365 2939 4429 sicuti

623 4467 912 4533 Decius
992 4469 1352 4546 devovit,
1431 4470 1509 4533 ni
1588 4470 1960 4546 moritur,
2041 4492 2302 4554 neque
2387 4494 2609 4536 suum
2675 4492 2937 4555 neque
