3230 5282
1517 619 1644 679 437
2400 633 2524 686 Lib.
2560 632 2733 687 XXX.

424 803 509 868 ad
567 823 797 886 pacem
853 801 1369 885 componendam
1414 806 1674 866 tentata
1718 801 1929 882 sunt),
1992 823 2069 867 ea
2113 805 2528 870 continentur
2571 804 2738 870 aciei

426 917 780 989 structura,
827 931 974 992 quae
1019 916 1171 992 post
1216 915 1783 974 commemoratur.
1878 908 2109 989 (Ante
2154 911 2417 976 aciem
2463 911 2543 976 de
2589 912 2736 976 loco

424 1019 635 1102 accipi
681 1038 893 1101 posse,
953 1017 1159 1083 miror
1205 1017 1516 1098 cuiquam
1562 1017 1629 1080 in
1677 1023 1966 1081 mentem
2010 1018 2287 1099 venisse,
2338 1019 2545 1103 quasi,
2592 1039 2737 1100 quae

428 1127 559 1192 dux
603 1133 758 1192 ante
803 1126 1010 1190 aciem
1054 1126 1486 1208 pugnantium
1530 1145 1795 1188 versans
1840 1123 2102 1189 fortiter
2146 1132 2321 1209 agat,
2370 1147 2449 1190 ea
2495 1148 2622 1192 non
2669 1127 2739 1190 in

423 1235 677 1319 proelio
723 1233 904 1313 fiant,
949 1240 1067 1297 aut
1113 1232 1195 1313 (si
1242 1232 1568 1298 omittitur
1613 1231 1718 1312 et)
1745 1230 2074 1296 Hannibal
2121 1254 2239 1316 per
2283 1240 2497 1298 totum
2544 1255 2735 1317 proe-

424 1343 586 1407 lium
650 1349 806 1406 ante
875 1341 1086 1405 aciem
1153 1345 1453 1404 versatus
1522 1339 1659 1419 sit.)
1771 1338 1855 1402 Ni
1923 1338 2147 1419 fallor,
2215 1340 2524 1406 tollendae
2579 1347 2736 1405 sunt

426 1468 616 1515 voces
673 1455 751 1514 et
810 1454 995 1513 ante
1055 1447 1335 1525 aciem,
1404 1446 1647 1511 additae
1695 1446 1777 1511 ab
1826 1445 2077 1529 aliquo,
2145 1449 2287 1531 qui,
2357 1468 2559 1530 quum
2603 1468 2737 1513 non

425 1557 870 1639 intellegeret,
950 1576 1080 1620 uno
1149 1555 1469 1619 orationis
1536 1554 1830 1619 membro
1900 1557 2119 1620 omnia
2184 1556 2324 1620 haec
2382 1556 2733 1621 contineri:

428 1666 694 1730 omnia
751 1671 828 1729 et
883 1665 960 1727 in
1016 1663 1364 1747 proelio,
1423 1663 1909 1746 priusquam
1966 1684 2124 1727 exc.
2172 1687 2264 1747 p.,
2324 1669 2735 1746 expertuS,

428 1773 613 1854 eique
648 1771 1045 1854 respondere
1082 1770 1361 1834 alterum
1398 1770 1553 1834 hoc:
1600 1776 1678 1834 et
1714 1769 2232 1835 confessione
2260 1771 2735 1854 —adeptuS,

429 1879 846 1961 singulari
893 1885 1074 1943 arte
1122 1886 1267 1955 cet„
1316 1877 1731 1956 desideravit,
1781 1877 1957 1959 quod
1992 1877 2121 1941 illis
2169 1884 2246 1943 et
2292 1879 2369 1942 in
2415 1878 2734 1961 proelio

426 1989 828 2053 contrarium
871 1985 1245 2051 referretur.
1340 1984 1609 2068 [Parum
1655 1985 1780 2049 hoc
1826 1984 2187 2068 probabile.
2257 1985 2486 2049 Potius
2532 1985 2737 2067 scrip-

425 2101 565 2160 tum
632 2095 785 2159 fuit:
856 2101 936 2158 et
1000 2094 1080 2157 in
1150 2094 1477 2176 proelio
1549 2100 1628 2157 et
1695 2091 2045 2157 labante
2115 2094 2289 2158 acie
2357 2099 2474 2156 aut
2542 2092 2740 2156 simili

422 2203 652 2267 forma.
738 2200 947 2283 1876]
1051 2201 1220 2280 Quid
1277 2201 1344 2264 in
1389 2201 1624 2266 vitioso
1671 2200 1783 2264 illo
1830 2222 2139 2266 omnem
2183 2201 2422 2279 lateat,
2490 2200 2734 2264 nescio.

428 2310 927 2394 [HominumP
971 2306 1370 2390 Jensenius]

597 2415 754 2500 Cap.
804 2421 904 2496 36,
963 2421 1001 2480 8
1048 2415 1370 2481 eiusmodi
1416 2415 1724 2480 mendum
1770 2415 2250 2498 coarguendum
2296 2424 2414 2496 est,
2470 2417 2536 2479 in
2582 2436 2730 2497 qu0,
2767 2429 2909 2498 (857)

427 2527 552 2592 etsi
608 2524 1159 2590 manifestissimis
1215 2523 1473 2588 indiciis
1531 2524 1973 2603 convincitur,
2041 2529 2262 2589 tamen
2321 2524 2567 2588 multos
2615 2521 2740 2588 dif-

425 2634 685 2700 ficulter
752 2633 951 2698 fidem
1018 2631 1366 2697 habituros
1436 2631 1862 2717 praevideam,
1932 2632 2110 2713 quod
2180 2651 2447 2715 prorsus
2519 2632 2740 2715 singu-

426 2744 634 2809 larem
691 2742 773 2807 ad
820 2743 1169 2806 veritatem
1215 2740 1603 2805 imitandam
1652 2741 1939 2824 speciem
1988 2760 2182 2804 casus
2230 2739 2463 2805 effecit.
2568 2739 2739 2803 Nam

428 2853 520 2915 sic
577 2850 917 2916 scribitur:
986 2849 1179 2913 Inde
1249 2848 1362 2930 (ab
1419 2847 1646 2928 Utica)
1715 2847 2369 2930 procedentibus
2436 2847 2532 2910 ad
2588 2845 2739 2909 Tu·

427 2966 689 3023 netem
758 2956 1080 3041 (Scipioni
1149 2963 1215 3021 et
1284 2955 1588 3036 Octavio)
1657 2956 1993 3019 nuntius
2085 2955 2458 3031 adlatus,
2540 2952 2739 3016 Ver-

429 3067 746 3143 minam,
818 3064 1217 3149 Syphacis
1271 3062 1574 3140 filium,
1647 3083 1817 3126 cum
1875 3061 2305 3145 equitibus
2366 3060 2739 3143 pluribus

431 3194 665 3255 quam
711 3173 1130 3256 peditibus
1175 3173 1471 3236 venire.
1576 3170 1775 3234 Pars
1833 3170 2264 3234 exercitus
2312 3189 2481 3232 cum
2528 3168 2740 3232 omni

431 3281 810 3365 equitatu
902 3278 1492 3345 Saturnalibus
1593 3278 1881 3361 primis
1972 3297 2251 3359 agmen
2342 3276 2743 3358 adgressa

429 3388 957 3453 Numidarum
1024 3387 1183 3450 levi
1253 3387 1697 3450 certamine
1764 3384 1998 3448 fudit.
2111 3384 2354 3448 Exitu
2423 3404 2740 3467 quoque

431 3497 636 3579 fugae
682 3495 1154 3574 intercluSO,
1200 3501 1430 3577 parte
1477 3494 1685 3557 omni
1732 3491 2257 3556 circumdatis
2305 3492 2741 3575 equitibuS‚
2846 3552 2853 3559 .

428 3604 560 3668 XV
626 3605 887 3668 millia
953 3603 1355 3667 hominum
1423 3621 1633 3665 caesa
1704 3607 1825 3665 cet.
1937 3600 2300 3665 Permirum
2373 3620 2450 3664 ac
2517 3600 2741 3682 potius

431 3711 815 3777 incredibile
878 3711 1150 3789 accidit,
1211 3710 1495 3788 Livium,
1556 3710 1670 3790 qui
1726 3729 1972 3792 neque,
2032 3730 2160 3789 quo
2220 3708 2324 3772 die
2372 3708 2457 3771 ad
2502 3707 2741 3771 Trasu-

431 3841 740 3884 mennum
787 3825 902 3882 aut
949 3818 1033 3882 ad
1071 3816 1330 3883 Cannas
1375 3824 1737 3899 pugnatum
1785 3825 1975 3893 esset,
2024 3816 2442 3880 indicandum
2492 3815 2745 3899 putarit

432 3926 541 4008 (ne
588 3927 841 4009 proelia
888 3926 973 3991 ad
1018 3926 1319 3990 Ticinum
1365 3932 1482 3989 aut
1525 3924 1833 3988 Trebiam
1881 3924 2444 4003 commemorem),
2504 3945 2740 4005 neque,

432 4057 559 4117 quo
618 4035 721 4099 die
781 4036 846 4098 in
903 4034 1029 4098 hac
1073 4036 1219 4117 ipsa
1264 4032 1484 4096 Africa
1528 4033 1612 4095 ad
1661 4033 1927 4097 Zamam
1973 4032 2406 4108 debellatum,
2477 4031 2741 4095 scivisse

433 4151 500 4208 et
555 4143 1003 4207 adnotandum
1063 4142 1486 4216 iudicavisse,
1558 4161 1690 4223 quo
1759 4138 1865 4204 die
1936 4140 2001 4203 in
2069 4141 2303 4203 itinere
2362 4145 2431 4202 et
2489 4138 2741 4221 proelio

430 4251 702 4315 fortuito
731 4250 1057 4321 Vermina,
1110 4269 1256 4332 quae
1303 4248 1593 4313 accessio
1650 4247 1804 4311 belli
1844 4247 1971 4311 fuit
2008 4248 2088 4328 (o.
2119 4247 2249 4328 40),
2290 4248 2504 4310 victus
2542 4251 2741 4322 esset,

431 4380 632 4442 quum
678 4360 1042 4442 praesertim
1088 4358 1299 4440 patris
1347 4355 1666 4439 Syphacis
1714 4377 1844 4419 non
1891 4355 2103 4419 solum
2150 4356 2335 4431 victi,
2400 4352 2514 4416 sed
2562 4352 2741 4434 capti

433 4466 605 4531 diem
661 4488 791 4531 non
850 4466 1269 4542 indicaverit,
1338 4464 1525 4527 cuius
1594 4464 1975 4526 memoriam
2034 4461 2439 4544 superfuisse
2498 4460 2741 4523 scimus
