3230 5282
1483 622 1604 684 369
2368 637 2492 693 Lib.
2530 638 2701 693 XXV.

379 806 615 871 addito
698 806 1204 883 discurrunt,
1282 806 1531 872 inserta
1606 809 1970 891 putaverit,
2050 829 2287 892 parum
2369 809 2702 893 probabili

382 922 611 979 utetur
657 913 1133 994 coniectura.¹)
2167 927 2171 930 ⁴

559 1020 718 1104 Cap.
766 1026 880 1099 40,
941 1024 1010 1084 2:
1081 1021 1265 1086 inde
1319 1023 1777 1088 —initium
1833 1023 2197 1089 mirandi
2244 1022 2704 1090 Graecarum

386 1131 685 1196 artium
757 1149 1005 1213 opera
1059 1128 1595 1214 licentiaeque
1653 1130 1846 1195 huic
1904 1151 2137 1195 sacra
2191 1131 2703 1216 profanaque

385 1275 474 1285 —
519 1236 940 1324 spoliandi
993 1236 1300 1301 factum
1357 1245 1504 1303 est.
1604 1238 1837 1322 Neque
1883 1258 2002 1321 per
2048 1259 2120 1303 se
2164 1240 2412 1305 usitate
2461 1240 2705 1305 dicitur

386 1348 646 1412 initium
717 1344 1178 1410 consuetudini
1235 1344 1571 1427 (licentiae)
1630 1344 1884 1411 factum
1944 1365 2088 1411 esse
2142 1367 2356 1430 neque
2403 1346 2543 1411 ulla
2588 1369 2703 1430 ap-

386 1462 576 1539 paret
632 1474 838 1518 causa
889 1454 1156 1525 variatae
1214 1451 1561 1518 durissime
1620 1459 1969 1518 structurae
2025 1454 2091 1517 in
2148 1453 2272 1518 hac
2317 1454 2705 1537 aequalitate

382 1570 457 1627 et
520 1561 844 1627 brevitate
910 1560 1246 1624 orationis.
1337 1559 1574 1645 Itaque
1641 1566 1820 1626 recte
1879 1560 2228 1643 Ussingius
2297 1560 2461 1626 vidit
2518 1562 2704 1627 huic

388 1676 620 1735 natum
667 1689 812 1733 esse
860 1667 1064 1732 semel
1097 1668 1346 1751 scripta
1379 1666 1608 1733 littera
1642 1689 1672 1729 s
1696 1667 2208 1749 (huiusacra).
2274 1668 2520 1751 (1862.)
2592 1669 2702 1735 Se·

382 1783 681 1861 quuntur
714 1773 747 1857 ἓ
785 1775 1018 1839 Shaec:
1065 1774 1362 1859 Itaque
1419 1775 1724 1841 inclusi
1783 1777 1879 1841 ad
1926 1782 2239 1860 tempus
2287 1778 2703 1843 moenibus

387 1884 809 1968 Agrigenti
877 1882 1031 1946 dux
1087 1881 1401 1949 Poenus
1461 1882 2231 1969 Syracusanusque,
2301 1906 2454 1950 non
2514 1892 2703 1952 con-

389 1991 582 2057 silio
661 1991 1047 2056 Muttinis
1129 2011 1357 2071 quam
1440 1992 1754 2056 fiducia
1830 1993 2082 2074 magis
2163 1994 2345 2058 ausi
2424 1992 2704 2076 egredi

384 2105 620 2164 extra
664 2119 925 2163 muros
972 2097 1073 2162 ad
1118 2097 1519 2199 Hilmeram
1550 2133 1640 2143 —
1672 2106 2130 2182 posuerunt
2175 2106 2470 2165 castra.
2571 2101 2704 2184 Ap-

389 2211 611 2290 paret,
681 2206 1088 2271 contrariam
1155 2206 1327 2270 hanc
1383 2205 1697 2272 fiduciam
1756 2208 1917 2290 poni
1973 2208 2329 2291 superioris
2387 2209 2702 2291 temporis

389 2315 643 2393 timori,
711 2314 778 2377 in
849 2334 984 2396 qua
1042 2313 1521 2396 significatione
1578 2316 1968 2380 mutationis
2024 2314 2218 2381 factae
2273 2336 2546 2398 pravum
2603 2322 2704 2381 est

390 2422 487 2486 ad
543 2429 866 2506 tempus
914 2420 1401 2503 (einstweilen),
1457 2422 1821 2504 requiritur
1867 2422 1969 2487 ad
2013 2422 2092 2487 id
2136 2430 2475 2506 tempus.
2568 2422 2704 2505 [Sic

391 2527 788 2613 Creverius]
890 2529 1037 2593 Non
1095 2530 1328 2611 paucis
1383 2528 1545 2594 locis
1604 2530 1674 2594 in
1718 2530 1860 2612 ipso
1907 2529 1957 2593 P
2002 2530 2104 2594 hae
2152 2530 2297 2595 duae
2341 2552 2533 2596 voces
2581 2530 2704 2611 (ad

388 2637 496 2720 id)
544 2639 909 2703 coniunctae
954 2638 1126 2703 inter
1171 2659 1243 2702 se
1287 2645 1676 2718 nocuerunt,
1737 2638 1919 2703 velut
1962 2637 2137 2717 XXI,
2197 2644 2298 2719 55,
2352 2645 2449 2719 11,
2496 2638 2702 2719 XXII,

382 2751 449 2826 4,
510 2752 567 2822 2,
625 2746 856 2824 XXVI,
912 2751 1016 2825 40,
1076 2750 1134 2825 8,
1182 2746 1447 2824 XXVII,
1498 2750 1596 2824 37,
1646 2750 1704 2810 8.
1820 2745 1961 2827 (Ad
2006 2748 2269 2829 ipsum
2315 2768 2434 2830 pro
2480 2747 2578 2812 ad
2621 2747 2703 2812 id

388 2854 648 2937 ipsum
715 2875 796 2918 ne
853 2854 1003 2937 quis
1062 2860 1253 2937 putet
1306 2851 1462 2918 ferri
1516 2854 1802 2920 fortasse
1860 2875 2083 2936 posse,
2148 2860 2331 2919 recte
2388 2853 2704 2918 scribitur

448 3040 493 3105 ¹)
533 3040 665 3109 Cap.
686 3043 769 3106 38,
810 3043 1007 3093 lrecte
1036 3038 1516 3094 Iac.Perizonius:
1556 3039 1796 3093 subita
1823 3055 1936 3092 res
1967 3042 2032 3092 et
2058 3044 2443 3093 nocturnus
2473 3042 2702 3092 terror

529 3130 595 3179 et
640 3126 768 3178 iam
815 3124 936 3192 (pro
975 3124 1201 3190 etiam)
1236 3142 1377 3179 non
1415 3141 1545 3178 suae
1581 3124 1888 3179 fortunae
1926 3124 2299 3179 consilium
2336 3123 2701 3189 (nominativo

528 3210 695 3275 casu).
782 3208 813 3278 §
850 3213 885 3264 4
919 3211 1057 3264 mire
1093 3209 1405 3263 Weissenb.
1442 3213 1810 3279 pervagatum
1847 3209 2060 3264 codicis
2096 3209 2360 3263 mendum
2398 3207 2702 3263 defendens

530 3300 684 3349 recte
723 3295 834 3349 dici
872 3295 1061 3349 docet:
1108 3312 1403 3364 quonam
1439 3295 1635 3349 modo
1672 3322 1741 3336 —-
1776 3312 2064 3365 possem,
2103 3293 2553 3363 cogitandum
2599 3298 2703 3348 est
2805 3291 2818 3302 ”

528 3380 652 3449 (pro
705 3381 1020 3450 possim),
1075 3385 1133 3434 et
1186 3382 1245 3434 in
1290 3397 1357 3434 ea
1398 3397 1458 3434 re
1504 3397 1621 3434 non
1676 3380 1900 3435 dubitat
1952 3381 2038 3434 uti
2094 3378 2369 3435 eiusmodi
2417 3379 2702 3448 exemplis,

531 3467 695 3534 quale
729 3466 841 3519 hoc
878 3471 965 3520 est
1002 3465 1316 3521 Ciceronis:
1372 3471 1443 3519 ut
1488 3467 1774 3535 possint
1823 3484 1964 3521 eam
2011 3466 2247 3532 vitam,
2298 3482 2442 3533 quae
2480 3468 2702 3519 tamen

526 3552 600 3616 (si
657 3568 772 3605 non
823 3568 927 3621 pro
981 3553 1167 3621 pat'ria
1213 3551 1567 3619 redderetur,
1624 3550 1735 3605 alio
1783 3551 2055 3620 tempore)
2111 3555 2301 3604 esset
2352 3549 2703 3604 reddenda

526 3642 819 3702 naturae,
864 3654 985 3705 pro
1023 3636 1260 3706 patria
1294 3636 1597 3690 reddere.
1679 3633 2039 3704 Adiungitur,
2087 3641 2153 3689 ut
2186 3635 2305 3689 fieri
2344 3634 2505 3703 solet,
2541 3637 2701 3690 locus

527 3739 670 3774 unus
708 3728 765 3776 et
801 3722 944 3776 alter
980 3739 1049 3775 ex
1084 3722 1172 3786 iis,
1212 3722 1271 3775 in
1307 3722 1507 3790 quibus
1546 3722 1604 3775 in
1643 3723 1898 3776 oratione
1929 3721 2159 3789 obliqua
2191 3739 2224 3774 a
2253 3722 2536 3791 praeteriti
2563 3726 2702 3775 tem-

527 3806 684 3873 poris
722 3806 890 3860 verbo
930 3823 1202 3875 suspensa
1238 3806 1429 3875 aliqua
1464 3812 1552 3861 est
1585 3807 1983 3872 inconstantia,
2019 3811 2139 3859 tum
2177 3823 2245 3859 ex
2282 3807 2368 3872 iis,
2404 3807 2464 3860 in
2501 3807 2702 3876 quibus

526 3889 720 3943 formae
767 3909 880 3946 una
922 3892 1107 3945 vocali
1156 3890 1434 3946 distantes
1479 3909 1784 3962 possem,
1837 3891 2125 3961 possim,
2173 3897 2430 3961 posset,
2477 3893 2702 3961 possit

527 3980 806 4044 perpetuo
845 3993 1030 4031 errore
1066 3982 1473 4046 permutantur.
1552 3977 1752 4047 Itaque
1789 3978 1959 4032 etiam
1994 3978 2253 4045 proximo
2292 3978 2436 4030 libro
2475 3976 2701 4044 (XXVI)

529 4077 574 4114 c.
614 4063 705 4127 29,
754 4064 788 4113 '7
825 4079 858 4114 a
893 4062 1231 4129 Weissenb.,
1278 4064 1481 4117 ceteris
1528 4080 1663 4116 sane
1709 4063 2054 4128 tacentibus,
2103 4068 2342 4130 posset
2379 4063 2438 4117 in
2473 4063 2580 4118 hac
2616 4064 2702 4117 rei

524 4145 676 4199 fictae
715 4151 773 4200 et
808 4147 947 4212 eius,
996 4165 1121 4216 quse
1157 4164 1286 4202 vere
1324 4149 1416 4215 sit,
1452 4149 1892 4216 comparatione:
1930 4148 1985 4200 si
2021 4176 2090 4186 -
2127 4155 2378 4214 essent,
2414 4176 2483 4186 —
2519 4148 2702 4203 futu·

527 4249 663 4285 ram
700 4231 937 4298 fuisse3
974 4251 1170 4300 nunc,
1204 4250 1281 4287 ne
1308 4261 1377 4271 —
1406 4239 1662 4303 posset,
1701 4251 1829 4303 quo
1867 4234 2096 4287 minus
2127 4240 2702 4302 —querantur‚—

530 4317 702 4378 sint,
764 4317 821 4370 si
863 4345 932 4355 —
969 4317 1289 4384 intersit,
1343 4323 1611 4374 mutare
1668 4336 1734 4372 se
1789 4323 1918 4386 cet.,
1978 4318 2301 4374 defenditur
2354 4319 2458 4386 ita,
2512 4325 2575 4372 ut
2630 4319 2702 4372 ad

528 4405 772 4457 essent
808 4402 888 4469 (in
924 4404 1211 4457 contrario
1248 4405 1499 4457 membro
1516 4402 1549 4470 t)
1589 4404 2079 4459 accommodatum
2117 4405 2354 4459 dicatur.
2438 4404 2696 4458 Scriben-

527 4487 662 4541 dum
700 4488 820 4542 sine
858 4489 973 4541 ulla
1011 4488 1368 4543 dubitatione
1402 4489 1646 4558 possit.
1723 4488 1839 4557 [Sic
1875 4488 1922 4541 1.
1959 4489 2027 4542 Η.
2064 4488 2338 4557 Vossius]

2173 4593 2240 4643 24
