3230 5282
576 617 698 669 Lib.
737 614 933 669 XXIV.
1671 602 1794 662 346

573 788 850 853 eodem
939 806 1257 869 quoque
1350 791 1673 862 eventu,
1767 784 1904 848 hoc‘
1972 793 2100 874 est,
2193 791 2492 849 eventu
2571 805 2883 868 quoque

575 895 868 960 eodem.
996 895 1271 958 Frustra
1346 892 1644 958 homines
1713 892 1895 957 docti
1959 895 2026 957 in
2093 893 2607 977 comparationis
2672 891 2882 956 forma
2993 974 2998 975 ἶ

572 1002 919 1067 efficienda
986 1001 1442 1077 elaborarunt,
1527 1022 1566 1064 a
1635 1021 1836 1082 pravo
1916 1001 2102 1066 initio
2186 1000 2430 1081 (sicut
2499 1022 2580 1064 ex
2646 1001 2879 1082 sique

566 1110 833 1191 effecto)
901 1108 1200 1193 profecti.
1313 1109 1568 1187 Li-vius,
1648 1109 1716 1172 ni
1780 1108 2007 1185 fallor,
2087 1109 2183 1173 sic
2249 1110 2632 1192 scripserat:
2709 1108 2878 1172 Alii

571 1218 947 1302 plerique
1004 1218 1346 1295 milites,
1417 1214 1716 1299 quippe
1788 1238 1927 1299 pro
1987 1223 2224 1300 parte
2282 1218 2597 1282 totiens
2655 1217 2880 1281 intra

566 1346 875 1407 paucos
936 1325 1106 1390 dies
1154 1327 1403 1402 victa,
1465 1324 1750 1388 iisdem
1796 1325 2119 1402 animis,
2181 1323 2475 1406 quibus
2522 1325 2874 1407 prioreS,

564 1434 1003 1514 eodemque
1074 1441 1364 1498 eventu
1422 1452 1906 1515 pugnavere.
2018 1432 2196 1496 Nihil
2256 1432 2437 1496 aliud
2495 1440 2877 1514 exspectan—
2993 1444 2996 1451 ’

567 1541 719 1605 dum
784 1541 985 1605 fuisse
1055 1540 1382 1622 significat
1437 1539 1599 1604 illud
1658 1541 1784 1624 ipsi
1828 1541 1925 1603 rei
1971 1541 2377 1623 praemissum
2424 1541 2758 1623 quippe3
2816 1542 2874 1605 ei

562 1648 906 1732 particulae
965 1650 1197 1714 leviter
1252 1656 1578 1731 corruptae
1638 1647 1878 1731 (ique)
1935 1647 2218 1712 adhaesit
2271 1667 2299 1707 s
2345 1668 2425 1711 ex
2480 1647 2873 1731 praecedenti

564 1776 749 1835 voce;
816 1778 936 1839 pro
997 1779 1102 1839 pr.
1153 1763 1337 1821 orta
1392 1757 1701 1820 restituto
1760 1757 2117 1838 prioreS,
2187 1754 2367 1838 quod
2423 1756 2554 1819 iam
2599 1775 2640 1818 a
2683 1755 2872 1819 Valla

563 1866 898 1929 inventum
968 1872 1034 1929 et
1101 1884 1143 1927 a
1207 1864 1428 1928 multis
1495 1864 1848 1948 probatum
1916 1870 2090 1941 erat,
2161 1870 2383 1926 cetera
2439 1883 2473 1926 e
2534 1863 2870 1927 codicibus

563 1972 786 2034 omnia
832 1973 1031 2035 tenui.
2627 2056 2630 2059 Ι

733 2078 890 2161 Cap.
938 2084 1051 2158 43,
1115 2086 1170 2143 3.
1284 2081 1355 2144 In
1416 2081 1540 2145 hac
1587 2081 1907 2146 orationis
1954 2081 2194 2146 forma:
2242 2077 2739 2144 censoribus
2784 2111 2870 2121 -—

559 2186 730 2251 dies
789 2188 1015 2251 dicta
1074 2188 1169 2251 ad
1219 2189 1599 2271 populum
1648 2196 1769 2252 est
1811 2224 1898 2232 —
1944 2188 2086 2253 sed
2132 2223 2216 2232 —
2260 2188 2501 2250 vetiti
2549 2205 2866 2249 causam

552 2328 642 2336 —
688 2294 963 2359 dicere
1024 2295 1497 2377 dimissique
1544 2296 1879 2360 fuerant
1923 2303 2100 2361 recte
2147 2293 2489 2376 Ussingius
2536 2294 2866 2357 fuerant

556 2399 918 2465 tollendum
953 2401 1284 2467 iudicavit.
1345 2403 1682 2467 Librarius
1729 2404 2019 2481 verbum,
2068 2402 2243 2484 quod
2291 2423 2368 2465 ex
2415 2407 2535 2465 est
2580 2401 2862 2476 auditur,

553 2507 884 2590 supplevit
927 2530 1130 2591 pravo
1177 2506 1492 2593 tempore,
1539 2512 1668 2575 nisi
1712 2511 1854 2593 ipse
1902 2512 2277 2594 scripserat,
2326 2510 2502 2591 quod
2525 2507 2864 2574 Creverius

548 2610 866 2680 substitui
911 2616 1190 2694 volebat,
1237 2618 1568 2683 fuerunt
1600 2619 1833 2684 vitiose
1869 2641 1990 2702 pro
2025 2626 2231 2684 sunt.
2269 2617 2513 2699 (1862.)
2585 2616 2702 2699 §Q
2750 2616 2862 2681 ubi

550 2723 795 2787 editur:
842 2725 1244 2791 Praetores
1290 2727 1504 2792 fiunt
1550 2727 1636 2791 M.
1683 2728 1990 2792 Atilius
2037 2734 2144 2805 et,
2195 2727 2543 2809 quitum
2588 2724 2864 2789 aediles

548 2831 871 2897 curules
953 2840 1213 2914 erant,
1304 2835 1372 2899 P.
1442 2834 1961 2917 Sempronius
2043 2834 2498 2899 Tuditanus
2583 2841 2666 2898 et
2737 2830 2860 2896 Cn.

550 2931 883 3005 Fulvius
954 2941 1479 3007 Centumalus
1540 2948 1615 3006 et
1675 2941 1759 3005 M.
1820 2942 2182 3007 AEmilius
2240 2941 2623 3023 LepiduS,
2682 2941 2748 3004 in
2813 2940 2861 3004 P

546 3049 892 3114 scribitur:
962 3060 1353 3132 praetores
1421 3050 1641 3115 fiunt
1696 3051 1858 3115 cito
1919 3051 2055 3131 qui
2113 3058 2275 3113 tum
2333 3049 2642 3127 aediles;
2713 3049 2862 3112 hinc

550 3155 866 3221 efficitur:
934 3157 1337 3223 Praetores
1392 3157 1613 3222 fiunt
1672 3157 1855 3236 du0,
1916 3158 2055 3240 qui
2114 3163 2280 3221 tum
2325 3192 2411 3201 -
2457 3163 2728 3233 erant,
2790 3156 2857 3218 P.

550 3265 796 3348 Semp.
858 3265 1042 3329 Tud.
1104 3274 1183 3330 et
1245 3265 1371 3331 Cn.
1430 3266 1650 3329 Fulv.
1699 3265 1955 3341 Cent.,
2019 3273 2094 3329 et
2160 3265 2227 3329 fl.
2289 3263 2568 3326 Atilius
2637 3271 2704 3326 ct
2773 3263 2857 3326 M.

546 3371 724 3435 AEm.
754 3370 930 3455 Lep.
986 3373 1087 3436 Ad
1114 3375 1431 3438 orationis
1454 3374 1734 3437 formam
1759 3373 2039 3438 conferri
2064 3380 2289 3455 potest
2303 3370 2600 3450 XXVIII,
2631 3375 2731 3448 38,
2762 3376 2857 3435 ll.
2919 3455 2926 3460 ·

547 3478 632 3541 M.
675 3478 858 3542 Atilii
903 3502 1141 3544 nomen
1188 3488 1343 3546 ante
1389 3481 1475 3545 Μ.
1517 3480 1760 3544 AEmilii
1809 3481 2128 3545 excidisse
2176 3487 2470 3563 apparet.
2534 3479 2778 3560 (1862.)

719 3585 872 3669 Cap.
914 3594 1014 3664 44,
1066 3592 1143 3650 10
1190 3590 1256 3651 in
1301 3588 1400 3653 his
1447 3588 1688 3653 verbis:
1749 3596 1835 3652 ut
1881 3588 2156 3653 consul
2207 3589 2855 3653 animadvertere

545 3694 994 3774 proximum
1049 3694 1432 3760 lictorem
1478 3697 1733 3760 iussit
1782 3702 1881 3774 et,
1928 3703 2015 3760 ut
2060 3697 2126 3759 is
2173 3695 2721 3770 descenderet
2766 3716 2856 3759 ex

542 3821 770 3881 equO,
829 3801 1308 3866 inclamavit
1363 3801 1780 3867 manifestum
1839 3810 1938 3867 est
1996 3810 2082 3867 ut
2141 3803 2503 3868 tollendum
2551 3824 2722 3881 esse,
2783 3814 2854 3869 ut

544 3907 613 3970 is
684 3929 1044 3989 pronomen
1116 3910 1443 3974 referatur
1515 3910 1601 3974 ad
1659 3910 1956 3974 lictorem
2014 3917 2250 3975 notata
2307 3912 2586 3976 subiecti
2645 3919 2853 3976 muta-

542 4016 754 4094 tione;
822 4015 1131 4080 librarius
1177 4019 1497 4083 orationis
1543 4017 1933 4082 brevitatem
1979 4017 2548 4099 (descenderet
2593 4021 2853 4085 incla-

540 4123 812 4203 mavit)
862 4124 1172 4207 explevit3
1241 4126 1309 4189 id
1366 4126 1894 4208 supplementum
1949 4147 2147 4209 prave
2210 4135 2364 4192 ante
2421 4129 2486 4192 is
2537 4129 2853 4193 insertum

542 4238 662 4294 est.
755 4231 1001 4311 (1862.)

715 4338 870 4422 Cap.
919 4345 1019 4403 45.
1133 4340 1204 4403 In
1275 4341 1398 4404 hoc
1465 4343 1680 4425 capite
1750 4342 1941 4426 plura
2009 4344 2170 4408 satis
2229 4345 2575 4426 insigniter
2634 4365 2849 4408 emen-

538 4447 762 4511 danda
828 4454 1008 4527 sunt,
1090 4449 1205 4512 sed
1283 4470 1509 4514 eorum
1575 4451 1834 4515 initium
1900 4472 1939 4515 a
2006 4473 2075 4515 re
2145 4471 2465 4533 perparva
2533 4453 2846 4534 capietur.
