<?xml version="1.0" encoding="UTF-8"?>
<!DOCTYPE html PUBLIC "-//W3C//DTD XHTML 1.0 Transitional//EN"
    "http://www.w3.org/TR/xhtml1/DTD/xhtml1-transitional.dtd">
<html xmlns="http://www.w3.org/1999/xhtml" xml:lang="en" lang="en">
 <head>
  <title>
</title>
<meta http-equiv="Content-Type" content="text/html;charset=utf-8" />
  <meta name='ocr-system' content='tesseract 3.04.00' />
  <meta name='ocr-capabilities' content='ocr_page ocr_carea ocr_par ocr_line ocrx_word'/>
</head>
<body>
  <div class='ocr_page' id='page_1' title='image "./emendationesliv03madvgoog_0695.png"; bbox 0 0 3230 5282; ppageno 0'>
   <div class='ocr_carea' id='block_1_1' title="bbox 1399 593 2604 658">
    <p class='ocr_par' dir='ltr' id='par_1_1' title="bbox 1399 593 2604 658">
     <span class='ocr_line' id='line_1_1' title="bbox 1399 593 2604 658; baseline 0.002 -5"><span class='ocrx_word' id='word_1_1' title='bbox 1399 593 1524 654; x_wconf 78' lang='lat'>677</span> <span class='ocrx_word' id='word_1_2' title='bbox 2247 597 2371 658; x_wconf 82' lang='lat' dir='ltr'>Lib.</span> <span class='ocrx_word' id='word_1_3' title='bbox 2409 600 2604 656; x_wconf 81' lang='lat' dir='ltr'>XLIV.</span> 
     </span>
    </p>
   </div>
   <div class='ocr_carea' id='block_1_2' title="bbox 310 758 2679 1513">
    <p class='ocr_par' dir='ltr' id='par_1_2' title="bbox 310 758 2679 1513">
     <span class='ocr_line' id='line_1_2' title="bbox 310 758 2679 862; baseline -0.002 -18"><span class='ocrx_word' id='word_1_4' title='bbox 310 801 459 844; x_wconf 88' lang='lat' dir='ltr'>rum</span> <span class='ocrx_word' id='word_1_5' title='bbox 502 779 801 845; x_wconf 90' lang='lat' dir='ltr'>locorum</span> <span class='ocrx_word' id='word_1_6' title='bbox 854 784 1095 844; x_wconf 88' lang='lat' dir='ltr'>natura</span> <span class='ocrx_word' id='word_1_7' title='bbox 1152 798 1442 862; x_wconf 84' lang='lat' dir='ltr'>pugnare</span> <span class='ocrx_word' id='word_1_8' title='bbox 1499 777 1904 862; x_wconf 76' lang='lat' dir='ltr'><strong>prohibitam</strong></span> <span class='ocrx_word' id='word_1_9' title='bbox 1950 777 2146 857; x_wconf 84' lang='lat' dir='ltr'>esse):</span> <span class='ocrx_word' id='word_1_10' title='bbox 2207 775 2441 840; x_wconf 83' lang='lat' dir='ltr'>Levis</span> <span class='ocrx_word' id='word_1_11' title='bbox 2488 797 2610 839; x_wconf 88' lang='lat' dir='ltr'>ar·</span> <span class='ocrx_word' id='word_1_12' title='bbox 2674 758 2679 762; x_wconf 33' lang='lat'><strong>⁴</strong></span> 
     </span>
     <span class='ocr_line' id='line_1_3' title="bbox 311 884 2609 971; baseline -0.002 -18"><span class='ocrx_word' id='word_1_13' title='bbox 311 895 633 954; x_wconf 85' lang='lat' dir='ltr'>matura</span> <span class='ocrx_word' id='word_1_14' title='bbox 677 888 924 954; x_wconf 80' lang='lat' dir='ltr'>etiam</span> <span class='ocrx_word' id='word_1_15' title='bbox 967 908 1107 971; x_wconf 91' lang='lat' dir='ltr'>per</span> <span class='ocrx_word' id='word_1_16' title='bbox 1152 885 1575 951; x_wconf 85' lang='lat' dir='ltr'>anfractus</span> <span class='ocrx_word' id='word_1_17' title='bbox 1623 886 1793 969; x_wconf 83' lang='lat' dir='ltr'>iugi</span> <span class='ocrx_word' id='word_1_18' title='bbox 1838 904 2322 969; x_wconf 79' lang='lat' dir='ltr'>procurrere</span> <span class='ocrx_word' id='word_1_19' title='bbox 2382 890 2460 948; x_wconf 91' lang='lat' dir='ltr'>et</span> <span class='ocrx_word' id='word_1_20' title='bbox 2516 884 2609 948; x_wconf 87' lang='lat' dir='ltr'>ab</span> 
     </span>
     <span class='ocr_line' id='line_1_4' title="bbox 311 993 2609 1076; baseline -0.002 -15"><span class='ocrx_word' id='word_1_21' title='bbox 311 997 712 1063; x_wconf 87' lang='lat' dir='ltr'>lateribus</span> <span class='ocrx_word' id='word_1_22' title='bbox 759 1017 928 1061; x_wconf 92' lang='lat' dir='ltr'>cum</span> <span class='ocrx_word' id='word_1_23' title='bbox 972 995 1128 1060; x_wconf 85' lang='lat' dir='ltr'>levi</span> <span class='ocrx_word' id='word_1_24' title='bbox 1176 1001 1590 1059; x_wconf 90' lang='lat' dir='ltr'>armatura</span> <span class='ocrx_word' id='word_1_25' title='bbox 1636 1013 2093 1072; x_wconf 81' lang='lat' dir='ltr'>conserere,</span> <span class='ocrx_word' id='word_1_26' title='bbox 2137 1013 2282 1076; x_wconf 90' lang='lat' dir='ltr'>per</span> <span class='ocrx_word' id='word_1_27' title='bbox 2324 993 2609 1076; x_wconf 87' lang='lat' dir='ltr'>iniqua</span> 
     </span>
     <span class='ocr_line' id='line_1_5' title="bbox 314 1100 2659 1189; baseline -0.002 -19"><span class='ocrx_word' id='word_1_28' title='bbox 314 1112 559 1189; x_wconf 84' lang='lat' dir='ltr'>atque</span> <span class='ocrx_word' id='word_1_29' title='bbox 605 1126 831 1189; x_wconf 80' lang='lat' dir='ltr'>aequa</span> <span class='ocrx_word' id='word_1_30' title='bbox 873 1103 1064 1170; x_wconf 88' lang='lat' dir='ltr'>loca</span> <span class='ocrx_word' id='word_1_31' title='bbox 1127 1123 1473 1188; x_wconf 87' lang='lat' dir='ltr'>pugnam</span> <span class='ocrx_word' id='word_1_32' title='bbox 1539 1110 1859 1186; x_wconf 85' lang='lat' dir='ltr'>petere3</span> <span class='ocrx_word' id='word_1_33' title='bbox 1926 1121 2018 1168; x_wconf 89' lang='lat' dir='ltr'>ac</span> <span class='ocrx_word' id='word_1_34' title='bbox 2086 1100 2256 1182; x_wconf 90' lang='lat' dir='ltr'>(cod.</span> <span class='ocrx_word' id='word_1_35' title='bbox 2326 1103 2659 1184; x_wconf 80' lang='lat' dir='ltr'>patere¹</span> 
     </span>
     <span class='ocr_line' id='line_1_6' title="bbox 314 1203 2613 1297; baseline -0.003 -19"><span class='ocrx_word' id='word_1_36' title='bbox 314 1212 439 1294; x_wconf 87' lang='lat' dir='ltr'>ad)</span> <span class='ocrx_word' id='word_1_37' title='bbox 486 1211 862 1297; x_wconf 89' lang='lat' dir='ltr'>pluribus</span> <span class='ocrx_word' id='word_1_38' title='bbox 930 1233 1015 1277; x_wconf 93' lang='lat' dir='ltr'>eo</span> <span class='ocrx_word' id='word_1_39' title='bbox 1085 1210 1211 1277; x_wconf 89' lang='lat' dir='ltr'>die</span> <span class='ocrx_word' id='word_1_40' title='bbox 1275 1212 1736 1277; x_wconf 90' lang='lat' dir='ltr'>vulneratis</span> <span class='ocrx_word' id='word_1_41' title='bbox 1804 1203 2038 1293; x_wconf 89' lang='lat' dir='ltr'>quam</span> <span class='ocrx_word' id='word_1_42' title='bbox 2103 1207 2613 1287; x_wconf 84' lang='lat' dir='ltr'>interfectis,</span> 
     </span>
     <span class='ocr_line' id='line_1_7' title="bbox 315 1301 2614 1407; baseline -0.003 -20"><span class='ocrx_word' id='word_1_43' title='bbox 315 1321 726 1407; x_wconf 91' lang='lat' dir='ltr'>proelium</span> <span class='ocrx_word' id='word_1_44' title='bbox 791 1301 1054 1386; x_wconf 79' lang='lat' dir='ltr'>nocte&#39;</span> <span class='ocrx_word' id='word_1_45' title='bbox 1095 1320 1586 1403; x_wconf 81' lang='lat' dir='ltr'>diremptum</span> <span class='ocrx_word' id='word_1_46' title='bbox 1656 1326 1795 1385; x_wconf 89' lang='lat' dir='ltr'>est.</span> <span class='ocrx_word' id='word_1_47' title='bbox 1884 1318 2110 1400; x_wconf 90' lang='lat' dir='ltr'>Neque</span> <span class='ocrx_word' id='word_1_48' title='bbox 2178 1333 2614 1382; x_wconf 82' lang='lat' dir='ltr'>conserere</span> 
     </span>
     <span class='ocr_line' id='line_1_8' title="bbox 315 1428 2616 1513; baseline -0.003 -17"><span class='ocrx_word' id='word_1_49' title='bbox 315 1430 619 1496; x_wconf 87' lang='lat' dir='ltr'>absolute</span> <span class='ocrx_word' id='word_1_50' title='bbox 665 1428 796 1494; x_wconf 92' lang='lat' dir='ltr'>dici</span> <span class='ocrx_word' id='word_1_51' title='bbox 862 1434 1086 1513; x_wconf 91' lang='lat' dir='ltr'>potest</span> <span class='ocrx_word' id='word_1_52' title='bbox 1131 1428 1241 1510; x_wconf 89' lang='lat'>(—</span> <span class='ocrx_word' id='word_1_53' title='bbox 1286 1429 1509 1513; x_wconf 90' lang='lat' dir='ltr'>itaque</span> <span class='ocrx_word' id='word_1_54' title='bbox 1576 1437 1691 1494; x_wconf 89' lang='lat' dir='ltr'>aut</span> <span class='ocrx_word' id='word_1_55' title='bbox 1736 1447 2045 1493; x_wconf 86' lang='lat' dir='ltr'>manum</span> <span class='ocrx_word' id='word_1_56' title='bbox 2100 1432 2216 1491; x_wconf 85' lang='lat' dir='ltr'>aut</span> <span class='ocrx_word' id='word_1_57' title='bbox 2273 1445 2616 1509; x_wconf 83' lang='lat' dir='ltr'>pugnam</span> 
     </span>
    </p>
   </div>
   <div class='ocr_carea' id='block_1_3' title="bbox 190 1534 2615 1615">
    <p class='ocr_par' dir='ltr' id='par_1_3' title="bbox 190 1534 2615 1615">
     <span class='ocr_line' id='line_1_9' title="bbox 190 1534 2615 1615; baseline -0.003 -11"><span class='ocrx_word' id='word_1_58' title='bbox 190 1584 196 1587; x_wconf 55' lang='lat'>&gt;</span> <span class='ocrx_word' id='word_1_59' title='bbox 316 1537 694 1604; x_wconf 83' lang='lat' dir='ltr'>addendum</span> <span class='ocrx_word' id='word_1_60' title='bbox 739 1543 856 1602; x_wconf 91' lang='lat' dir='ltr'>aut</span> <span class='ocrx_word' id='word_1_61' title='bbox 899 1557 1383 1603; x_wconf 87' lang='lat' dir='ltr'>concurrere</span> <span class='ocrx_word' id='word_1_62' title='bbox 1442 1536 1860 1603; x_wconf 90' lang='lat' dir='ltr'>scribendum</span> <span class='ocrx_word' id='word_1_63' title='bbox 1907 1557 2049 1601; x_wconf 90' lang='lat' dir='ltr'>esse</span> <span class='ocrx_word' id='word_1_64' title='bbox 2094 1535 2442 1600; x_wconf 90' lang='lat' dir='ltr'>coniicitur</span> <span class='ocrx_word' id='word_1_65' title='bbox 2484 1534 2615 1615; x_wconf 89' lang='lat'>—-),</span> 
     </span>
    </p>
   </div>
   <div class='ocr_carea' id='block_1_4' title="bbox 251 1635 2644 3789">
    <p class='ocr_par' dir='ltr' id='par_1_4' title="bbox 251 1635 2620 2488">
     <span class='ocr_line' id='line_1_10' title="bbox 314 1635 2617 1738; baseline -0.002 -27"><span class='ocrx_word' id='word_1_66' title='bbox 314 1667 530 1730; x_wconf 88' lang='lat' dir='ltr'>neque</span> <span class='ocrx_word' id='word_1_67' title='bbox 596 1665 948 1738; x_wconf 82' lang='lat' dir='ltr'>pugnam</span> <span class='ocrx_word' id='word_1_68' title='bbox 1013 1652 1296 1728; x_wconf 86' lang='lat' dir='ltr'>petere</span> <span class='ocrx_word' id='word_1_69' title='bbox 1364 1635 1478 1711; x_wconf 54' lang='lat' dir='ltr'>de‘</span> <span class='ocrx_word' id='word_1_70' title='bbox 1514 1636 2050 1712; x_wconf 81' lang='lat' dir='ltr'>concurrentibus</span> <span class='ocrx_word' id='word_1_71' title='bbox 2119 1643 2427 1708; x_wconf 89' lang='lat' dir='ltr'>Latinum</span> <span class='ocrx_word' id='word_1_72' title='bbox 2498 1649 2617 1718; x_wconf 88' lang='lat' dir='ltr'>est,</span> 
     </span>
     <span class='ocr_line' id='line_1_11' title="bbox 313 1751 2617 1839; baseline -0.003 -19"><span class='ocrx_word' id='word_1_73' title='bbox 313 1775 528 1839; x_wconf 87' lang='lat' dir='ltr'>neque</span> <span class='ocrx_word' id='word_1_74' title='bbox 572 1752 930 1818; x_wconf 85' lang='lat' dir='ltr'>infinitivus</span> <span class='ocrx_word' id='word_1_75' title='bbox 975 1752 1329 1819; x_wconf 91' lang='lat' dir='ltr'>historicus</span> <span class='ocrx_word' id='word_1_76' title='bbox 1385 1754 1494 1819; x_wconf 90' lang='lat' dir='ltr'>hic</span> <span class='ocrx_word' id='word_1_77' title='bbox 1537 1755 1751 1820; x_wconf 90' lang='lat' dir='ltr'>locum</span> <span class='ocrx_word' id='word_1_78' title='bbox 1797 1753 2031 1830; x_wconf 90' lang='lat' dir='ltr'>habet,</span> <span class='ocrx_word' id='word_1_79' title='bbox 2094 1751 2505 1835; x_wconf 72' lang='lat' dir='ltr'>praecedente</span> <span class='ocrx_word' id='word_1_80' title='bbox 2550 1751 2617 1814; x_wconf 89' lang='lat' dir='ltr'>in</span> 
     </span>
     <span class='ocr_line' id='line_1_12' title="bbox 316 1857 2616 1947; baseline -0.002 -19"><span class='ocrx_word' id='word_1_81' title='bbox 316 1883 399 1928; x_wconf 87' lang='lat' dir='ltr'>ea</span> <span class='ocrx_word' id='word_1_82' title='bbox 444 1862 792 1941; x_wconf 87' lang='lat' dir='ltr'>sententia,</span> <span class='ocrx_word' id='word_1_83' title='bbox 836 1863 940 1927; x_wconf 87' lang='lat' dir='ltr'>cui</span> <span class='ocrx_word' id='word_1_84' title='bbox 986 1859 1127 1926; x_wconf 84' lang='lat' dir='ltr'>haec</span> <span class='ocrx_word' id='word_1_85' title='bbox 1168 1862 1553 1946; x_wconf 73' lang='lat' dir='ltr'>respondet,</span> <span class='ocrx_word' id='word_1_86' title='bbox 1607 1861 1994 1947; x_wconf 85' lang='lat' dir='ltr'>imperfecto</span> <span class='ocrx_word' id='word_1_87' title='bbox 2041 1857 2459 1943; x_wconf 88' lang='lat' dir='ltr'>(stabant),</span> <span class='ocrx_word' id='word_1_88' title='bbox 2503 1879 2616 1924; x_wconf 89' lang='lat' dir='ltr'>ne-</span> 
     </span>
     <span class='ocr_line' id='line_1_13' title="bbox 316 1966 2617 2056; baseline -0.002 -19"><span class='ocrx_word' id='word_1_89' title='bbox 316 1992 444 2056; x_wconf 90' lang='lat' dir='ltr'>que</span> <span class='ocrx_word' id='word_1_90' title='bbox 490 1992 611 2055; x_wconf 89' lang='lat' dir='ltr'>per</span> <span class='ocrx_word' id='word_1_91' title='bbox 677 1989 766 2035; x_wconf 87' lang='lat' dir='ltr'>ac</span> <span class='ocrx_word' id='word_1_92' title='bbox 830 1969 971 2035; x_wconf 78' lang='lat' dir='ltr'>haec</span> <span class='ocrx_word' id='word_1_93' title='bbox 1012 1977 1191 2036; x_wconf 89' lang='lat' dir='ltr'>recte</span> <span class='ocrx_word' id='word_1_94' title='bbox 1237 1991 1382 2035; x_wconf 92' lang='lat' dir='ltr'>cum</span> <span class='ocrx_word' id='word_1_95' title='bbox 1427 1971 1743 2054; x_wconf 87' lang='lat' dir='ltr'>proximis</span> <span class='ocrx_word' id='word_1_96' title='bbox 1802 1970 2312 2053; x_wconf 85' lang='lat' dir='ltr'>coniunguntur,</span> <span class='ocrx_word' id='word_1_97' title='bbox 2380 1966 2617 2051; x_wconf 91' lang='lat' dir='ltr'>quibus</span> 
     </span>
     <span class='ocr_line' id='line_1_14' title="bbox 251 2075 2620 2164; baseline -0.002 -19"><span class='ocrx_word' id='word_1_98' title='bbox 251 2105 256 2112; x_wconf 96' lang='lat'>·</span> <span class='ocrx_word' id='word_1_99' title='bbox 316 2079 550 2164; x_wconf 87' lang='lat' dir='ltr'>proelii</span> <span class='ocrx_word' id='word_1_100' title='bbox 593 2078 788 2144; x_wconf 90' lang='lat' dir='ltr'>huius</span> <span class='ocrx_word' id='word_1_101' title='bbox 845 2078 976 2143; x_wconf 91' lang='lat' dir='ltr'>diei</span> <span class='ocrx_word' id='word_1_102' title='bbox 1034 2100 1289 2144; x_wconf 87' lang='lat' dir='ltr'>summa</span> <span class='ocrx_word' id='word_1_103' title='bbox 1354 2085 1420 2144; x_wconf 91' lang='lat' dir='ltr'>et</span> <span class='ocrx_word' id='word_1_104' title='bbox 1485 2085 1755 2144; x_wconf 81' lang='lat' dir='ltr'>eventus</span> <span class='ocrx_word' id='word_1_105' title='bbox 1824 2076 2249 2161; x_wconf 85' lang='lat' dir='ltr'>significatur.</span> <span class='ocrx_word' id='word_1_106' title='bbox 2349 2075 2620 2141; x_wconf 82' lang='lat' dir='ltr'>Accedit</span> 
     </span>
     <span class='ocr_line' id='line_1_15' title="bbox 317 2185 2620 2272; baseline -0.003 -18"><span class='ocrx_word' id='word_1_107' title='bbox 317 2189 562 2255; x_wconf 89' lang='lat' dir='ltr'>codicis</span> <span class='ocrx_word' id='word_1_108' title='bbox 610 2189 939 2272; x_wconf 87' lang='lat' dir='ltr'>scriptura</span> <span class='ocrx_word' id='word_1_109' title='bbox 990 2186 1122 2253; x_wconf 92' lang='lat' dir='ltr'>alio</span> <span class='ocrx_word' id='word_1_110' title='bbox 1170 2187 1434 2252; x_wconf 89' lang='lat' dir='ltr'>ducens.</span> <span class='ocrx_word' id='word_1_111' title='bbox 1527 2185 1637 2251; x_wconf 87' lang='lat' dir='ltr'>Sic</span> <span class='ocrx_word' id='word_1_112' title='bbox 1706 2187 1876 2252; x_wconf 89' lang='lat' dir='ltr'>enim</span> <span class='ocrx_word' id='word_1_113' title='bbox 1930 2185 2111 2250; x_wconf 91' lang='lat' dir='ltr'>locus</span> <span class='ocrx_word' id='word_1_114' title='bbox 2169 2185 2620 2250; x_wconf 89' lang='lat' dir='ltr'>restituendus</span> 
     </span>
     <span class='ocr_line' id='line_1_16' title="bbox 319 2294 2615 2378; baseline -0.002 -16"><span class='ocrx_word' id='word_1_115' title='bbox 319 2303 450 2362; x_wconf 87' lang='lat' dir='ltr'>est:</span> <span class='ocrx_word' id='word_1_116' title='bbox 503 2295 738 2361; x_wconf 85' lang='lat' dir='ltr'>Levis</span> <span class='ocrx_word' id='word_1_117' title='bbox 784 2301 1204 2360; x_wconf 89' lang='lat' dir='ltr'>armatura</span> <span class='ocrx_word' id='word_1_118' title='bbox 1245 2329 1333 2339; x_wconf 93' lang='lat'>—</span> <span class='ocrx_word' id='word_1_119' title='bbox 1376 2315 1814 2361; x_wconf 90' lang='lat' dir='ltr'>conserere</span> <span class='ocrx_word' id='word_1_120' title='bbox 1859 2314 2005 2378; x_wconf 92' lang='lat' dir='ltr'>per</span> <span class='ocrx_word' id='word_1_121' title='bbox 2037 2294 2328 2378; x_wconf 88' lang='lat' dir='ltr'>iniqua</span> <span class='ocrx_word' id='word_1_122' title='bbox 2373 2300 2615 2375; x_wconf 89' lang='lat' dir='ltr'>atque</span> 
     </span>
     <span class='ocr_line' id='line_1_17' title="bbox 319 2403 2163 2488; baseline -0.002 -18"><span class='ocrx_word' id='word_1_123' title='bbox 319 2425 543 2488; x_wconf 86' lang='lat' dir='ltr'>aequa</span> <span class='ocrx_word' id='word_1_124' title='bbox 584 2403 764 2468; x_wconf 85' lang='lat' dir='ltr'>loca</span> <span class='ocrx_word' id='word_1_125' title='bbox 807 2424 1155 2487; x_wconf 88' lang='lat' dir='ltr'>pugnam</span> <span class='ocrx_word' id='word_1_126' title='bbox 1199 2409 1512 2486; x_wconf 75' lang='lat' dir='ltr'>potent.</span> <span class='ocrx_word' id='word_1_127' title='bbox 1602 2403 1993 2470; x_wconf 90' lang='lat' dir='ltr'>Pluribus</span> <span class='ocrx_word' id='word_1_128' title='bbox 2041 2409 2163 2468; x_wconf 88' lang='lat' dir='ltr'>cet.</span> 
     </span>
    </p>

    <p class='ocr_par' dir='ltr' id='par_1_5' title="bbox 321 2499 2644 3789">
     <span class='ocr_line' id='line_1_18' title="bbox 494 2499 2621 2597; baseline -0.002 -19"><span class='ocrx_word' id='word_1_129' title='bbox 494 2511 651 2597; x_wconf 88' lang='lat' dir='ltr'>Cap.</span> <span class='ocrx_word' id='word_1_130' title='bbox 702 2517 760 2591; x_wconf 86' lang='lat'>5,</span> <span class='ocrx_word' id='word_1_131' title='bbox 808 2518 846 2576; x_wconf 89' lang='grc'>4</span> <span class='ocrx_word' id='word_1_132' title='bbox 894 2511 1034 2594; x_wconf 90' lang='lat' dir='ltr'>(ubi</span> <span class='ocrx_word' id='word_1_133' title='bbox 1083 2514 1300 2596; x_wconf 84' lang='lat' dir='ltr'>agitur</span> <span class='ocrx_word' id='word_1_134' title='bbox 1344 2499 1425 2577; x_wconf 77' lang='lat' dir='ltr'>de</span> <span class='ocrx_word' id='word_1_135' title='bbox 1469 2515 1726 2578; x_wconf 89' lang='lat' dir='ltr'>ratione</span> <span class='ocrx_word' id='word_1_136' title='bbox 1772 2512 2159 2596; x_wconf 82' lang='lat' dir='ltr'>elephantos</span> <span class='ocrx_word' id='word_1_137' title='bbox 2227 2531 2346 2594; x_wconf 91' lang='lat' dir='ltr'>per</span> <span class='ocrx_word' id='word_1_138' title='bbox 2402 2510 2621 2576; x_wconf 92' lang='lat' dir='ltr'>locum</span> 
     </span>
     <span class='ocr_line' id='line_1_19' title="bbox 321 2618 2620 2707; baseline -0.002 -19"><span class='ocrx_word' id='word_1_139' title='bbox 321 2622 724 2707; x_wconf 78' lang='lat' dir='ltr'>praecipitem</span> <span class='ocrx_word' id='word_1_140' title='bbox 769 2620 1184 2704; x_wconf 77' lang='lat' dir='ltr'>traducendi)</span> <span class='ocrx_word' id='word_1_141' title='bbox 1230 2623 1297 2688; x_wconf 91' lang='lat' dir='ltr'>in</span> <span class='ocrx_word' id='word_1_142' title='bbox 1342 2622 1564 2695; x_wconf 89' lang='lat' dir='ltr'>codice</span> <span class='ocrx_word' id='word_1_143' title='bbox 1609 2619 1951 2688; x_wconf 88' lang='lat' dir='ltr'>scribitur:</span> <span class='ocrx_word' id='word_1_144' title='bbox 1997 2621 2074 2685; x_wconf 92' lang='lat' dir='ltr'>in</span> <span class='ocrx_word' id='word_1_145' title='bbox 2122 2639 2259 2685; x_wconf 92' lang='lat' dir='ltr'>eos</span> <span class='ocrx_word' id='word_1_146' title='bbox 2307 2618 2620 2700; x_wconf 85' lang='lat' dir='ltr'>(asseres)</span> 
     </span>
     <span class='ocr_line' id='line_1_20' title="bbox 321 2726 2625 2815; baseline -0.003 -18"><span class='ocrx_word' id='word_1_147' title='bbox 321 2731 1119 2814; x_wconf 84' lang='lat' dir='ltr'>——tigucastricenos</span> <span class='ocrx_word' id='word_1_148' title='bbox 1154 2730 1373 2814; x_wconf 87' lang='lat' dir='ltr'>longi</span> <span class='ocrx_word' id='word_1_149' title='bbox 1400 2731 1669 2814; x_wconf 90' lang='lat' dir='ltr'>pedes,</span> <span class='ocrx_word' id='word_1_150' title='bbox 1690 2731 2152 2815; x_wconf 82' lang='lat' dir='ltr'>Grynaeierror</span> <span class='ocrx_word' id='word_1_151' title='bbox 2174 2726 2625 2810; x_wconf 84' lang='lat' dir='ltr'>etiamKreys·</span> 
     </span>
     <span class='ocr_line' id='line_1_21' title="bbox 323 2834 2625 2923; baseline -0.002 -18"><span class='ocrx_word' id='word_1_152' title='bbox 323 2840 558 2923; x_wconf 85' lang='lat' dir='ltr'>sigium</span> <span class='ocrx_word' id='word_1_153' title='bbox 606 2845 671 2904; x_wconf 88' lang='lat' dir='ltr'>et</span> <span class='ocrx_word' id='word_1_154' title='bbox 713 2837 1052 2903; x_wconf 86' lang='lat' dir='ltr'>Hertzium</span> <span class='ocrx_word' id='word_1_155' title='bbox 1096 2840 1321 2918; x_wconf 82' lang='lat' dir='ltr'>traxit,</span> <span class='ocrx_word' id='word_1_156' title='bbox 1365 2846 1440 2904; x_wconf 93' lang='lat' dir='ltr'>ut</span> <span class='ocrx_word' id='word_1_157' title='bbox 1485 2846 1553 2904; x_wconf 87' lang='lat' dir='ltr'>et</span> <span class='ocrx_word' id='word_1_158' title='bbox 1597 2860 1638 2904; x_wconf 90' lang='lat' dir='ltr'>a</span> <span class='ocrx_word' id='word_1_159' title='bbox 1680 2840 1777 2903; x_wconf 91' lang='lat' dir='ltr'>rei</span> <span class='ocrx_word' id='word_1_160' title='bbox 1820 2837 2158 2903; x_wconf 88' lang='lat' dir='ltr'>intellectu</span> <span class='ocrx_word' id='word_1_161' title='bbox 2203 2840 2271 2899; x_wconf 91' lang='lat' dir='ltr'>et</span> <span class='ocrx_word' id='word_1_162' title='bbox 2315 2854 2356 2898; x_wconf 98' lang='lat' dir='ltr'>a</span> <span class='ocrx_word' id='word_1_163' title='bbox 2399 2834 2625 2902; x_wconf 92' lang='lat' dir='ltr'>codice</span> 
     </span>
     <span class='ocr_line' id='line_1_22' title="bbox 323 2945 2628 3028; baseline -0.002 -17"><span class='ocrx_word' id='word_1_164' title='bbox 323 2946 726 3012; x_wconf 86' lang='lat' dir='ltr'>aberrarent.</span> <span class='ocrx_word' id='word_1_165' title='bbox 817 2946 1061 3012; x_wconf 81' lang='lat' dir='ltr'>Defixis</span> <span class='ocrx_word' id='word_1_166' title='bbox 1115 2945 1286 3011; x_wconf 85' lang='lat' dir='ltr'>infra</span> <span class='ocrx_word' id='word_1_167' title='bbox 1332 2947 1587 3012; x_wconf 89' lang='lat' dir='ltr'>duobus</span> <span class='ocrx_word' id='word_1_168' title='bbox 1643 2947 1855 3028; x_wconf 84' lang='lat' dir='ltr'>longis</span> <span class='ocrx_word' id='word_1_169' title='bbox 1921 2947 2257 3013; x_wconf 82' lang='lat' dir='ltr'>asseribus</span> <span class='ocrx_word' id='word_1_170' title='bbox 2323 2951 2390 3010; x_wconf 92' lang='lat' dir='ltr'>et</span> <span class='ocrx_word' id='word_1_171' title='bbox 2456 2946 2628 3008; x_wconf 89' lang='lat' dir='ltr'>inter</span> 
     </span>
     <span class='ocr_line' id='line_1_23' title="bbox 324 3054 2625 3138; baseline -0.002 -17"><span class='ocrx_word' id='word_1_172' title='bbox 324 3075 393 3121; x_wconf 89' lang='lat' dir='ltr'>se</span> <span class='ocrx_word' id='word_1_173' title='bbox 449 3057 633 3138; x_wconf 88' lang='lat' dir='ltr'>tigno</span> <span class='ocrx_word' id='word_1_174' title='bbox 697 3062 1072 3120; x_wconf 85' lang='lat' dir='ltr'>transverso</span> <span class='ocrx_word' id='word_1_175' title='bbox 1137 3056 1383 3120; x_wconf 87' lang='lat' dir='ltr'>iunctis</span> <span class='ocrx_word' id='word_1_176' title='bbox 1451 3056 1554 3136; x_wconf 92' lang='lat' dir='ltr'>(in</span> <span class='ocrx_word' id='word_1_177' title='bbox 1625 3075 1761 3120; x_wconf 89' lang='lat' dir='ltr'>eos</span> <span class='ocrx_word' id='word_1_178' title='bbox 1807 3061 2281 3120; x_wconf 84' lang='lat' dir='ltr'>transverso</span> <span class='ocrx_word' id='word_1_179' title='bbox 2338 3054 2625 3117; x_wconf 90' lang='lat' dir='ltr'>incum-</span> 
     </span>
     <span class='ocr_line' id='line_1_24' title="bbox 322 3161 2623 3247; baseline -0.002 -18"><span class='ocrx_word' id='word_1_180' title='bbox 322 3163 561 3229; x_wconf 89' lang='lat' dir='ltr'>bente</span> <span class='ocrx_word' id='word_1_181' title='bbox 608 3164 869 3247; x_wconf 82' lang='lat' dir='ltr'>tigno,</span> <span class='ocrx_word' id='word_1_182' title='bbox 934 3169 1009 3228; x_wconf 89' lang='lat' dir='ltr'>ut</span> <span class='ocrx_word' id='word_1_183' title='bbox 1052 3170 1235 3228; x_wconf 88' lang='lat' dir='ltr'>recte</span> <span class='ocrx_word' id='word_1_184' title='bbox 1283 3184 1430 3229; x_wconf 91' lang='lat' dir='ltr'>cum</span> <span class='ocrx_word' id='word_1_185' title='bbox 1474 3163 1698 3228; x_wconf 89' lang='lat' dir='ltr'>codice</span> <span class='ocrx_word' id='word_1_186' title='bbox 1755 3162 2138 3245; x_wconf 87' lang='lat' dir='ltr'>Bekkerus),</span> <span class='ocrx_word' id='word_1_187' title='bbox 2187 3162 2271 3227; x_wconf 88' lang='lat' dir='ltr'>ab</span> <span class='ocrx_word' id='word_1_188' title='bbox 2321 3182 2397 3227; x_wconf 90' lang='lat' dir='ltr'>eo</span> <span class='ocrx_word' id='word_1_189' title='bbox 2456 3161 2623 3237; x_wconf 80' lang='lat' dir='ltr'>loco,</span> 
     </span>
     <span class='ocr_line' id='line_1_25' title="bbox 324 3271 2627 3356; baseline -0.002 -19"><span class='ocrx_word' id='word_1_190' title='bbox 324 3271 499 3337; x_wconf 88' lang='lat' dir='ltr'>unde</span> <span class='ocrx_word' id='word_1_191' title='bbox 542 3293 662 3356; x_wconf 93' lang='lat' dir='ltr'>per</span> <span class='ocrx_word' id='word_1_192' title='bbox 705 3271 996 3355; x_wconf 85' lang='lat' dir='ltr'>proclive</span> <span class='ocrx_word' id='word_1_193' title='bbox 1043 3278 1375 3355; x_wconf 90' lang='lat' dir='ltr'>sumptum</span> <span class='ocrx_word' id='word_1_194' title='bbox 1433 3272 1773 3355; x_wconf 85' lang='lat' dir='ltr'>fastigium</span> <span class='ocrx_word' id='word_1_195' title='bbox 1820 3279 1992 3351; x_wconf 89' lang='lat' dir='ltr'>erat,</span> <span class='ocrx_word' id='word_1_196' title='bbox 2060 3272 2127 3336; x_wconf 91' lang='lat' dir='ltr'>in</span> <span class='ocrx_word' id='word_1_197' title='bbox 2185 3277 2627 3336; x_wconf 83' lang='lat' dir='ltr'>transversum</span> 
     </span>
     <span class='ocr_line' id='line_1_26' title="bbox 325 3379 2644 3463; baseline -0.002 -18"><span class='ocrx_word' id='word_1_198' title='bbox 325 3379 489 3449; x_wconf 85' lang='lat' dir='ltr'>illud</span> <span class='ocrx_word' id='word_1_199' title='bbox 534 3381 785 3463; x_wconf 87' lang='lat' dir='ltr'>tignum</span> <span class='ocrx_word' id='word_1_200' title='bbox 828 3380 1343 3463; x_wconf 82' lang='lat' dir='ltr'>porrigebantur</span> <span class='ocrx_word' id='word_1_201' title='bbox 1384 3402 1511 3446; x_wconf 94' lang='lat' dir='ltr'>non</span> <span class='ocrx_word' id='word_1_202' title='bbox 1559 3401 1816 3446; x_wconf 85' lang='lat' dir='ltr'>asseres</span> <span class='ocrx_word' id='word_1_203' title='bbox 1863 3380 2105 3462; x_wconf 91' lang='lat' dir='ltr'>(neque</span> <span class='ocrx_word' id='word_1_204' title='bbox 2151 3379 2321 3444; x_wconf 91' lang='lat' dir='ltr'>enim</span> <span class='ocrx_word' id='word_1_205' title='bbox 2355 3397 2644 3455; x_wconf 81' lang='lat' dir='ltr'>assereS,.</span> 
     </span>
     <span class='ocr_line' id='line_1_27' title="bbox 326 3486 2630 3572; baseline -0.001 -20"><span class='ocrx_word' id='word_1_206' title='bbox 326 3488 454 3555; x_wconf 90' lang='lat' dir='ltr'>hoc</span> <span class='ocrx_word' id='word_1_207' title='bbox 501 3493 619 3566; x_wconf 90' lang='lat' dir='ltr'>est,</span> <span class='ocrx_word' id='word_1_208' title='bbox 669 3486 1041 3570; x_wconf 85' lang='lat' dir='ltr'>Stangen,</span> <span class='ocrx_word' id='word_1_209' title='bbox 1109 3489 1294 3553; x_wconf 82' lang='lat' dir='ltr'>iuxta</span> <span class='ocrx_word' id='word_1_210' title='bbox 1348 3490 1548 3572; x_wconf 87' lang='lat' dir='ltr'>positi</span> <span class='ocrx_word' id='word_1_211' title='bbox 1592 3495 1861 3572; x_wconf 90' lang='lat' dir='ltr'>pontem</span> <span class='ocrx_word' id='word_1_212' title='bbox 1906 3486 2198 3553; x_wconf 86' lang='lat' dir='ltr'>efficiunt</span> <span class='ocrx_word' id='word_1_213' title='bbox 2253 3508 2465 3570; x_wconf 89' lang='lat' dir='ltr'>neque</span> <span class='ocrx_word' id='word_1_214' title='bbox 2512 3506 2630 3570; x_wconf 88' lang='lat' dir='ltr'>per</span> 
     </span>
     <span class='ocr_line' id='line_1_28' title="bbox 328 3594 2629 3681; baseline -0.002 -19"><span class='ocrx_word' id='word_1_215' title='bbox 328 3617 443 3662; x_wconf 87' lang='lat' dir='ltr'>eos</span> <span class='ocrx_word' id='word_1_216' title='bbox 485 3595 788 3661; x_wconf 87' lang='lat' dir='ltr'>incedere</span> <span class='ocrx_word' id='word_1_217' title='bbox 834 3594 1221 3679; x_wconf 86' lang='lat' dir='ltr'>elephantus</span> <span class='ocrx_word' id='word_1_218' title='bbox 1268 3597 1544 3681; x_wconf 88' lang='lat' dir='ltr'>potest),</span> <span class='ocrx_word' id='word_1_219' title='bbox 1602 3597 1721 3662; x_wconf 91' lang='lat' dir='ltr'>sed</span> <span class='ocrx_word' id='word_1_220' title='bbox 1764 3595 2006 3662; x_wconf 84' lang='lat' dir='ltr'>tabulae</span> <span class='ocrx_word' id='word_1_221' title='bbox 2066 3596 2199 3661; x_wconf 86' lang='lat' dir='ltr'>sive</span> <span class='ocrx_word' id='word_1_222' title='bbox 2246 3616 2443 3674; x_wconf 88' lang='lat' dir='ltr'>asses,</span> <span class='ocrx_word' id='word_1_223' title='bbox 2510 3616 2629 3677; x_wconf 87' lang='lat' dir='ltr'>per</span> 
     </span>
     <span class='ocr_line' id='line_1_29' title="bbox 326 3703 2628 3789; baseline -0.001 -19"><span class='ocrx_word' id='word_1_224' title='bbox 326 3722 492 3787; x_wconf 87' lang='lat' dir='ltr'>quos</span> <span class='ocrx_word' id='word_1_225' title='bbox 537 3703 870 3789; x_wconf 86' lang='lat' dir='ltr'>elephanti</span> <span class='ocrx_word' id='word_1_226' title='bbox 914 3703 1313 3785; x_wconf 87' lang='lat' dir='ltr'>incederent,</span> <span class='ocrx_word' id='word_1_227' title='bbox 1361 3707 1446 3772; x_wconf 91' lang='lat' dir='ltr'>ad</span> <span class='ocrx_word' id='word_1_228' title='bbox 1490 3705 1662 3771; x_wconf 88' lang='lat' dir='ltr'>hanc</span> <span class='ocrx_word' id='word_1_229' title='bbox 1707 3705 2012 3770; x_wconf 86' lang='lat' dir='ltr'>formam:</span> <span class='ocrx_word' id='word_1_230' title='bbox 2059 3711 2135 3769; x_wconf 95' lang='lat' dir='ltr'>ut</span> <span class='ocrx_word' id='word_1_231' title='bbox 2189 3722 2276 3766; x_wconf 78' lang='grc' dir='ltr'>ιι</span> <span class='ocrx_word' id='word_1_232' title='bbox 2332 3704 2465 3768; x_wconf 90' lang='lat' dir='ltr'>sint</span> <span class='ocrx_word' id='word_1_233' title='bbox 2522 3722 2628 3768; x_wconf 86' lang='lat' dir='ltr'>as·</span> 
     </span>
    </p>
   </div>
   <div class='ocr_carea' id='block_1_5' title="bbox 812 3810 2630 4115">
    <p class='ocr_par' dir='ltr' id='par_1_6' title="bbox 812 3810 2630 4115">
     <span class='ocr_line' id='line_1_30' title="bbox 1102 3810 2629 3897; baseline -0.002 -18"><span class='ocrx_word' id='word_1_234' title='bbox 1102 3835 1309 3885; x_wconf 78' lang='lat' dir='ltr'>seres,</span> <span class='ocrx_word' id='word_1_235' title='bbox 1356 3815 1393 3876; x_wconf 75' lang='lat' dir='ltr'>b</span> <span class='ocrx_word' id='word_1_236' title='bbox 1436 3815 1693 3897; x_wconf 85' lang='lat' dir='ltr'>tignum</span> <span class='ocrx_word' id='word_1_237' title='bbox 1737 3821 2214 3893; x_wconf 86' lang='lat' dir='ltr'>transversum,</span> <span class='ocrx_word' id='word_1_238' title='bbox 2261 3833 2338 3876; x_wconf 79' lang='lat' dir='ltr'>ec</span> <span class='ocrx_word' id='word_1_239' title='bbox 2382 3810 2629 3877; x_wconf 78' lang='lat' dir='ltr'>tabulae</span> 
     </span>
     <span class='ocr_line' id='line_1_31' title="bbox 812 3888 2628 4022; baseline -0.002 -35"><span class='ocrx_word' id='word_1_240' title='bbox 812 3993 846 4022; x_wconf 56' lang='lat' dir='ltr'><em>a</em></span> <span class='ocrx_word' id='word_1_241' title='bbox 880 3888 907 3933; x_wconf 63' lang='lat' dir='ltr'><strong><em>b</em></strong></span> <span class='ocrx_word' id='word_1_242' title='bbox 1099 3924 1230 3987; x_wconf 81' lang='lat' dir='ltr'>sive</span> <span class='ocrx_word' id='word_1_243' title='bbox 1297 3943 1505 4003; x_wconf 84' lang='lat' dir='ltr'>asses,</span> <span class='ocrx_word' id='word_1_244' title='bbox 1574 3931 1845 4006; x_wconf 84' lang='lat' dir='ltr'>pontem</span> <span class='ocrx_word' id='word_1_245' title='bbox 1904 3921 2285 4001; x_wconf 79' lang='lat' dir='ltr'>efficienteS,</span> <span class='ocrx_word' id='word_1_246' title='bbox 2342 3921 2628 3986; x_wconf 90' lang='lat' dir='ltr'>tricenos</span> 
     </span>
     <span class='ocr_line' id='line_1_32' title="bbox 937 4028 2630 4115; baseline -0.002 -19"><span class='ocrx_word' id='word_1_247' title='bbox 937 4030 974 4059; x_wconf 82' lang='lat'>‘¹‘</span> <span class='ocrx_word' id='word_1_248' title='bbox 1097 4031 1299 4111; x_wconf 85' lang='lat' dir='ltr'>pedes</span> <span class='ocrx_word' id='word_1_249' title='bbox 1367 4032 1562 4115; x_wconf 85' lang='lat' dir='ltr'>longi.</span> <span class='ocrx_word' id='word_1_250' title='bbox 1666 4033 1904 4096; x_wconf 87' lang='lat' dir='ltr'>Rarius</span> <span class='ocrx_word' id='word_1_251' title='bbox 1971 4031 2170 4115; x_wconf 91' lang='lat' dir='ltr'>paulo</span> <span class='ocrx_word' id='word_1_252' title='bbox 2238 4028 2630 4096; x_wconf 84' lang='lat' dir='ltr'>vocabulum</span> 
     </span>
    </p>
   </div>
   <div class='ocr_carea' id='block_1_6' title="bbox 329 4139 2632 4553">
    <p class='ocr_par' dir='ltr' id='par_1_7' title="bbox 329 4139 2632 4553">
     <span class='ocr_line' id='line_1_33' title="bbox 1101 4139 2630 4222; baseline -0.002 -15"><span class='ocrx_word' id='word_1_253' title='bbox 1101 4161 1329 4209; x_wconf 88' lang='lat' dir='ltr'>asses</span> <span class='ocrx_word' id='word_1_254' title='bbox 1385 4141 1517 4205; x_wconf 85' lang='lat' dir='ltr'>sive</span> <span class='ocrx_word' id='word_1_255' title='bbox 1576 4161 1765 4205; x_wconf 84' lang='lat' dir='ltr'>axes</span> <span class='ocrx_word' id='word_1_256' title='bbox 1812 4139 2011 4222; x_wconf 90' lang='lat' dir='ltr'>(unde</span> <span class='ocrx_word' id='word_1_257' title='bbox 2066 4145 2295 4203; x_wconf 91' lang='lat' dir='ltr'>natum</span> <span class='ocrx_word' id='word_1_258' title='bbox 2352 4145 2454 4204; x_wconf 90' lang='lat' dir='ltr'>est</span> <span class='ocrx_word' id='word_1_259' title='bbox 2498 4140 2630 4204; x_wconf 87' lang='lat' dir='ltr'>Ita-</span> 
     </span>
     <span class='ocr_line' id='line_1_34' title="bbox 329 4247 2632 4331; baseline -0.002 -13"><span class='ocrx_word' id='word_1_260' title='bbox 329 4253 543 4319; x_wconf 90' lang='lat' dir='ltr'>lorum</span> <span class='ocrx_word' id='word_1_261' title='bbox 588 4270 796 4331; x_wconf 88' lang='lat' dir='ltr'>asse,</span> <span class='ocrx_word' id='word_1_262' title='bbox 868 4251 1212 4317; x_wconf 84' lang='lat' dir='ltr'>Gallorum</span> <span class='ocrx_word' id='word_1_263' title='bbox 1273 4251 1346 4314; x_wconf 92' lang='lat' dir='ltr'>ai</span> <span class='ocrx_word' id='word_1_264' title='bbox 1364 4247 1425 4329; x_wconf 89' lang='lat' dir='ltr'>s)</span> <span class='ocrx_word' id='word_1_265' title='bbox 1483 4269 1524 4313; x_wconf 91' lang='lat' dir='ltr'>a</span> <span class='ocrx_word' id='word_1_266' title='bbox 1567 4249 1844 4314; x_wconf 88' lang='lat' dir='ltr'>librario</span> <span class='ocrx_word' id='word_1_267' title='bbox 1913 4253 2289 4313; x_wconf 89' lang='lat' dir='ltr'>truncatum</span> <span class='ocrx_word' id='word_1_268' title='bbox 2357 4254 2489 4327; x_wconf 90' lang='lat' dir='ltr'>est,</span> <span class='ocrx_word' id='word_1_269' title='bbox 2555 4256 2632 4313; x_wconf 90' lang='lat' dir='ltr'>ut</span> 
     </span>
     <span class='ocr_line' id='line_1_35' title="bbox 329 4354 2631 4442; baseline -0.002 -16"><span class='ocrx_word' id='word_1_270' title='bbox 329 4366 702 4427; x_wconf 84' lang='lat' dir='ltr'>remaneret</span> <span class='ocrx_word' id='word_1_271' title='bbox 744 4367 1004 4426; x_wconf 86' lang='lat' dir='ltr'>tantum</span> <span class='ocrx_word' id='word_1_272' title='bbox 1039 4380 1122 4425; x_wconf 88' lang='lat' dir='ltr'>as</span> <span class='ocrx_word' id='word_1_273' title='bbox 1159 4360 1370 4442; x_wconf 85' lang='lat' dir='ltr'>(tigno</span> <span class='ocrx_word' id='word_1_274' title='bbox 1405 4378 1630 4423; x_wconf 89' lang='lat' dir='ltr'>asses</span> <span class='ocrx_word' id='word_1_275' title='bbox 1663 4358 1947 4421; x_wconf 91' lang='lat' dir='ltr'>tricenos</span> <span class='ocrx_word' id='word_1_276' title='bbox 1986 4356 2161 4438; x_wconf 87' lang='lat' dir='ltr'>longi</span> <span class='ocrx_word' id='word_1_277' title='bbox 2198 4354 2452 4439; x_wconf 90' lang='lat' dir='ltr'>pedes).</span> <span class='ocrx_word' id='word_1_278' title='bbox 2502 4356 2631 4422; x_wconf 89' lang='lat' dir='ltr'>Sed</span> 
     </span>
     <span class='ocr_line' id='line_1_36' title="bbox 329 4465 2632 4553; baseline -0.003 -18"><span class='ocrx_word' id='word_1_279' title='bbox 329 4471 476 4553; x_wconf 86' lang='lat' dir='ltr'>ipsa</span> <span class='ocrx_word' id='word_1_280' title='bbox 544 4470 861 4535; x_wconf 85' lang='lat' dir='ltr'>orationis</span> <span class='ocrx_word' id='word_1_281' title='bbox 927 4467 1138 4532; x_wconf 85' lang='lat' dir='ltr'>forma</span> <span class='ocrx_word' id='word_1_282' title='bbox 1204 4466 1554 4531; x_wconf 88' lang='lat' dir='ltr'>admonere</span> <span class='ocrx_word' id='word_1_283' title='bbox 1602 4466 1913 4545; x_wconf 84' lang='lat' dir='ltr'>debebat,</span> <span class='ocrx_word' id='word_1_284' title='bbox 1979 4465 2459 4530; x_wconf 82' lang='lat' dir='ltr'>substantivum</span> <span class='ocrx_word' id='word_1_285' title='bbox 2524 4465 2632 4529; x_wconf 88' lang='lat' dir='ltr'>hic</span> 
     </span>
    </p>
   </div>
  </div>
 </body>
</html>
