3230 5282
629 590 755 644 Lib.
793 589 962 643 XLII.
1724 579 1845 639 640

633 761 784 842 (vid.
835 762 919 826 ad
966 762 1077 841 ΙΙΙ,
1130 740 1181 840 l,
1234 761 1296 841 5)
1345 762 1915 828 Weissenboruius
1976 765 2322 830 emendare
2371 766 2591 846 voluit,
2640 768 2930 831 scribens
3156 761 3157 824 l

633 871 1077 935 advocatus
1127 880 1200 935 et
1246 872 1788 936 centuriones.
1883 871 2009 936 Sed
2056 874 2245 938 nimis
2292 876 2461 939 nude
2512 876 2753 940 dicitur
2799 876 2924 940 ad—

631 987 964 1044 vocatus
1035 986 1098 1043 et
1143 1001 1339 1063 prave
1398 988 1549 1043 ante
1609 981 1786 1062 ipsos
1847 982 2260 1046 centuriones
2308 984 2659 1049 advocatus
2706 1005 2928 1048 eorum

630 1090 1019 1153 nominatur.
1111 1088 1343 1171 Itaque
1395 1088 1758 1153 Gronovius
1806 1089 2252 1154 advocatus
2311 1093 2931 1157 centurionibus

632 1196 827 1261 scribi
864 1197 1095 1275 voluit3
1165 1197 1277 1260 sed
1333 1198 1428 1260 sic
1488 1197 1614 1279 ipsi
1662 1198 2074 1262 centuriones
2132 1221 2400 1282 prorsus
2447 1200 2931 1265 submoventur.

632 1305 905 1370 Accedit
952 1305 1034 1368 ad
1084 1314 1319 1382 cetera,
1367 1326 1510 1386 quae
1559 1304 2039 1370 dubitationem
2085 1307 2358 1382 habent,
2406 1310 2577 1391 quod
2627 1311 2787 1374 satis
2833 1311 2932 1373 in—

632 1415 967 1479 commode
1014 1415 1294 1498 primuni
1343 1413 1423 1475 M.
1473 1412 1789 1495 Popillius
1838 1414 2193 1480 advocatus
2242 1419 2615 1482 nominatur
2676 1429 2741 1481 et-
2786 1420 2930 1482 uni-

633 1545 813 1588 verse
863 1523 1218 1587 consularis
1266 1521 1655 1605 appellatur,
1726 1522 1960 1586 deinde
2020 1531 2167 1605 post
2226 1524 2388 1589 duos
2434 1547 2683 1599 versus,
2745 1529 2931 1609 quasi

631 1631 918 1696 nondum
966 1631 1369 1714 significatus
1418 1630 1518 1708 sit,
1568 1632 1661 1694 sic
1697 1631 2059 1695 inducitur:
2108 1632 2252 1696 Pro
2302 1635 2934 1699 centurionibus

632 1737 716 1802 M.
767 1739 1190 1822 Popillius,
1259 1739 1392 1820 qui
1459 1739 1783 1803 biennio
1832 1748 2036 1833 'ante
2106 1742 2391 1805 consul
2452 1742 2745 1822 fuerat,
2813 1744 2936 1807 ita

633 1848 875 1911 verba
919 1848 947 1910 s
960 1848 1137 1911 ecit.
1207 1846 1360 1910 Haec
1406 1846 1563 1910 mihi
1612 1848 2055 1912 consideranti
2098 1848 2316 1913 Livius
2359 1850 2615 1914 ridet-ur
2648 1853 2933 1934 primum

631 1956 1080 2020 tantummodo
1129 1976 1238 2019 eos
1284 1957 1674 2035 nominasse,
1725 1978 1888 2038 quos
1935 1958 2108 2020 inter
2154 1958 2559 2023 certabatur:
2606 1959 2713 2022 Eo
2761 1981 2935 2023 cen·

633 2066 994 2128 turiones
1043 2071 1116 2127 et
1165 2063 1453 2128 consul
1503 2075 1915 2136 venerunt.
1966 2064 2215 2142 deinde,
2265 2067 2656 2149 procedente
2706 2089 2935 2131 narra·

632 2173 840 2249 tione,
911 2193 1109 2254 quum
1180 2173 1505 2235 contionis
1568 2173 1899 2238 advocatae
1944 2167 2188 2237 mentio
2247 2174 2423 2238 facta
2467 2185 2667 2254 esset,
2713 2176 2935 2259 Popil-

631 2280 787 2344 lium
856 2300 1417 2343 commemorasse.
1509 2280 1841 2358 Librarius
1911 2280 2178 2363 aliquis,
2249 2284 2361 2365 qui
2429 2304 2649 2347 omnes
2718 2285 2934 2367 primo

634 2389 859 2452 statim
904 2387 1048 2452 loco
1095 2389 1414 2451 nominari
1462 2388 1685 2467 vellet,
1733 2389 2019 2454 addidit:
2089 2390 2174 2454 M.
2224 2390 2402 2474 Pop.
2453 2392 2936 2455 consularis

635 2495 1111 2572 advocatus,
1180 2473 1278 2559 vel
1326 2497 1545 2578 potius
1594 2496 1717 2561 hoc
1773 2506 1981 2563 totum
2044 2520 2121 2563 ex
2169 2498 2595 2564 adnotatione
2654 2501 2937 2581 margini

635 2604 716 2668 ad
765 2612 1214 2687 argumentum
1262 2604 1685 2669 indicandum
1731 2606 2095 2691 adscripta,
2166 2608 2395 2690 quales
2456 2605 2817 2691 permultas
2868 2609 2936 2672 in

633 2715 845 2797 prima
901 2713 1142 2777 decade
1201 2714 1795 2794 animadvertimus,
1841 2725 2054 2780 ortum
2101 2724 2217 2781 est.
2318 2716 2485 2780 Nam
2547 2716 2931 2780 huiusmodi

635 2823 1083 2887 adnotationis
1141 2821 1418 2886 alterum
1481 2823 1842 2906 exemplum
1900 2824 2503 2889 manifestissimum
2560 2833 2820 2888 tenetur
2867 2827 2937 2887 in

632 2931 744 2995 lib.
813 2929 1004 3007 XLV,
1062 2935 1162 3007 41,
1218 2936 1240 2992 1
1310 2932 1402 2995 sic
1463 2930 1625 2994 Livii
1694 2931 1906 2996 verbis
1976 2934 2393 2997 intermixtae:
2443 2931 2936 3015 Quamquam

635 3039 728 3103 ob
778 3060 1004 3122 quam
1051 3039 1112 3102 h.
1162 3041 1406 3121 paulo
1455 3041 1666 3104 ratio
1715 3039 1936 3116 (scrib.
1987 3040 2057 3103 L.
2104 3040 2332 3104 Pauli
2380 3040 2676 3120 oratio)
2725 3041 2824 3104 ad
2875 3065 2936 3123 p.

632 3169 682 3211 r.
731 3146 1178 3211 felicitate.

816 3254 969 3336 Cap.
1020 3258 1115 3330 34,
1167 3258 1241 3315 15
1289 3254 1380 3332 (in
1428 3256 1720 3320 oratione
1778 3256 1884 3339 Sp.
1943 3256 2267 3338 Ligustini
2328 3258 2760 3325 centurionis.
2824 3257 2938 3320 ubi

634 3363 1108 3426 commilitones
1144 3359 1546 3444 adloquitur)
1594 3386 1722 3427 non
1767 3364 1974 3443 videO,
2024 3365 2177 3448 quid
2223 3366 2288 3428 in
2334 3364 2437 3430 his
2483 3364 2727 3429 verbis:
2778 3364 2941 3429 etsi

636 3469 1242 3552 appellationis
1299 3469 1525 3533 vobis
1571 3473 1994 3555 usurpatis
2062 3474 2184 3537 ius
2232 3473 2488 3537 dativus
2534 3474 2936 3556 pronominis

637 3577 763 3641 sibi
830 3576 1015 3653 velit;
1084 3596 1203 3639 nec
1272 3579 1757 3644 centurionibus
1824 3581 2155 3663 peculiare
2212 3580 2335 3644 suit
2383 3582 2759 3665 appellandi
2807 3583 2927 3655 ius,

636 3682 814 3765 quod
860 3692 1269 3766 usurparent.
1363 3683 1580 3751 Codex
1627 3687 1853 3752 habet:
1905 3689 2054 3751 etsi
2100 3709 2253 3771 app
2274 3687 2745 3754 ellationem
2794 3709 2935 3752 uos

635 3792 1055 3875 usurpatis
1132 3793 1290 3872 ius;
1376 3794 1785 3860 efficiendum
1876 3802 2048 3860 erat:
2132 3797 2288 3860 etsi
2369 3797 2939 3881 appellatione

636 3907 1008 3965 nostrum
1054 3903 1488 3985 usurpatis
1543 3904 1761 3982 ius.¹)

465 3234 607 3303 (529)

688 4102 741 4167 ¹)
779 4101 842 4155 In
889 4101 989 4170 §9
1030 4121 1167 4171 quae
1222 4106 1396 4159 verba
1448 4106 1732 4161 Dukerdm
1788 4106 2141 4161 offenderunt
2197 4107 2548 4177 (deinceps
2601 4108 2739 4173 bis,
2796 4123 2938 4175 quse

775 4205 992 4241 annua
1028 4190 1391 4243 merebant
1427 4191 1775 4260 legionesi,
1816 4192 2183 4261 stipendia
2227 4193 2419 4259 feci),
2456 4210 2521 4245 ea
2557 4192 2940 4261 intellegenda

774 4279 910 4341 puto
968 4274 1035 4327 de
1089 4276 1290 4329 militia
1335 4277 1394 4329 in
1451 4278 1517 4329 iis
1570 4278 1916 4346 legionibu8‚
1970 4294 2093 4345 quae
2149 4278 2206 4330 in
2259 4277 2430 4331 Italia
2483 4279 2780 4345 quotannis
2838 4276 2934 4330 ad·

776 4376 968 4413 versus
1006 4360 1194 4414 Gallos
1231 4362 1579 4431 Liguresque
1620 4372 1676 4416 et
1713 4368 1773 4416 ut
1811 4364 1881 4417 ad
1919 4363 2110 4417 urbem
2141 4374 2354 4431 paratae
2387 4368 2589 4430 essent,
2629 4363 2943 4418 scribeban-

777 4450 870 4499 tur
906 4452 963 4498 et
1000 4452 1196 4500 aestate
1230 4448 1574 4502 circumacta
1611 4449 2063 4515 dimittebantur,
2114 4466 2285 4518 eaque
2325 4448 2606 4518 stipendia
2643 4450 2712 4503 ab
2751 4449 2818 4502 iis
2853 4466 2936 4501 se-
