3230 5282
510 596 636 651 Lib.
674 596 843 651 XXV.
1608 580 1730 642 362

512 775 665 854 post
709 788 760 849 c,
816 774 956 832 tum
1000 768 1079 832 in
1124 766 1439 832 additum.
1508 765 1757 832 Eodem
1803 766 2021 850 capite
2068 764 2130 848 [ἓ
2184 769 2280 845 14,
2326 763 2442 830 ubi
2485 761 2824 829 scribitur:

511 877 728 943 haud
797 876 1046 943 dubia
1111 897 1238 940 res
1309 883 1454 956 est,
1515 875 1887 940 necessario
1944 874 2305 957 requiritur
2358 878 2552 939 erat.
2639 876 2822 937 1862.

512 982 791 1067 Deinde]
841 983 874 1067 ξ
926 990 1002 1049 15
1051 983 1161 1066 (de
1206 1007 1444 1070 pugna,
1491 1004 1628 1069 qua
1661 980 2016 1048 Centenius
2063 982 2149 1048 ab
2194 981 2569 1048 Hannibale
2613 980 2826 1047 victus

512 1115 663 1159 cum
719 1096 1011 1159 exercitu
1068 1091 1345 1175 interiit)
1404 1091 1716 1159 scribitur
1759 1091 1826 1155 in
1871 1090 1952 1156 P:
2024 1091 2475 1174 Pugnatum
2529 1097 2826 1170 tamen,

513 1209 604 1268 ut
657 1204 734 1267 in
781 1202 1009 1267 nulla
1053 1202 1233 1286 pari
1279 1222 1392 1282 re,
1452 1200 1647 1265 duas
1693 1199 2033 1284 amplius
2078 1198 2352 1278 horas,
2408 1201 2828 1265 concitata

515 1317 607 1391 et,
656 1311 907 1375 donec
954 1310 1108 1375 dux
1152 1302 1582 1374 stetits'set
1626 1309 2061 1375 Romanam
2106 1309 2381 1373 aciem.
2449 1306 2822 1373 Edebatur:

513 1420 936 1484 concitata
1002 1423 1108 1497 et,
1176 1417 1435 1484 donec
1507 1417 1661 1483 dux
1731 1417 2144 1497 stetisset,
2211 1417 2563 1482 Romana
2632 1417 2825 1496 acie,

513 1527 672 1593 vitio
752 1528 819 1591 in
896 1526 1226 1610 particula
1303 1532 1383 1590 et
1461 1524 1773 1608 verbique
1839 1524 2033 1591 modo
2098 1523 2467 1590 manifesto.
2589 1509 2824 1609 Itaque

511 1634 1080 1700 Weissenbornius
1149 1633 1397 1717 Sigonii
1467 1631 1994 1716 Alschefskiique
2075 1634 2491 1698 coniecturas
2561 1639 2826 1698 secutus

510 1743 802 1826 scripsit:
897 1741 1326 1808 concitata
1392 1748 1495 1823 et,
1590 1741 1842 1807 donec
1927 1741 2082 1806 dux
2163 1741 2438 1821 stetit,
2518 1742 2825 1808 invicta

513 1853 871 1917 Romana
926 1851 1120 1915 acie.
1229 1850 1357 1915 Sed
1413 1851 1554 1935 ipse
1612 1849 1971 1930 intellexit,
2028 1850 2293 1915 minime
2348 1854 2502 1933 apte
2549 1853 2825 1915 conci·

510 1966 769 2025 tatam
835 1957 1039 2023 fuisse
1098 1960 1464 2025 Romanam
1533 1959 1745 2022 aciem
1806 1959 1966 2039 dici;
2035 1957 2293 2023 accedit
2347 1957 2660 2022 indicium
2719 1980 2824 2024 co·-

514 2067 682 2133 dicis
734 2068 803 2132 in
863 2068 1144 2131 stetits
1165 2072 1306 2131 set.
1415 2068 1802 2159 Requiritur
1856 2071 2393 2149 monstraturque
2449 2066 2825 2132 huiusmodi

515 2176 836 2242 orationis
882 2172 1125 2240 forma:
1176 2180 1702 2240 sustentante
1742 2173 2339 2256 (concitanteP),
2387 2174 2635 2241 donec
2673 2175 2826 2240 dux

514 2283 777 2362 stetit,
837 2304 917 2347 se
974 2283 1331 2348 Romana
1386 2285 1577 2348 acie.
1683 2281 2021 2365 (Ceterum
2078 2282 2425 2365 scrupulus
2481 2284 2550 2347 in
2607 2284 2824 2349 animo

513 2391 722 2456 haeret
768 2390 848 2455 de
893 2396 980 2456 ut
1025 2391 1384 2474 particula3
1451 2398 1632 2457 recte
1680 2391 2036 2457 diceretur:
2109 2398 2197 2456 ut
2251 2391 2332 2455 in
2378 2392 2607 2456 nulla
2651 2392 2826 2476 pari

514 2520 627 2577 re,
695 2521 853 2563 non
926 2497 1389 2564 infeliciter
1457 2500 1860 2580 similiterve,
1934 2498 2263 2583 particula
2326 2499 2665 2565 modulum
2731 2501 2828 2565 rei

516 2606 919 2674 aestimandae
977 2606 1419 2691 significante3
1488 2608 1572 2674 ad
1634 2608 1832 2674 duas
1892 2607 2242 2693 amplius
2297 2607 2542 2674 horas
2602 2609 2832 2693 inepta

512 2715 653 2781 haec
698 2715 1093 2798 significatio
1140 2714 1361 2798 est.)¹)

660 2821 843 2908 ,Cap
904 2829 1014 2904 21,
1085 2827 1122 2888 7
1193 2832 1636 2910 praeterquam
1694 2825 1873 2909 quod
1929 2847 2077 2890 cum
2129 2823 2463 2891 veteribus
2521 2822 2827 2889 editioni-

511 2932 636 2999 bus
706 2932 1124 2998 scribendum
1193 2939 1329 2998 est:
1412 2954 1908 3016 quacumque
1975 2935 2361 3018 impetum
2424 2930 2829 2999 fecissent

512 3040 816 3120 hostes,
909 3048 1451 3125 perrupturos
1535 3039 1714 3125 (prot
1804 3039 2154 3122 fecisse-t
2237 3041 2564 3121 hostis),
2662 3062 2825 3125 quo-

510 3149 690 3214 niam
754 3149 975 3214 Livius
1031 3150 1098 3213 in
1153 3156 1291 3213 tam
1352 3150 1530 3214 brevi
1587 3154 1654 3213 et
1712 3150 2069 3233 perspicua
2124 3150 2427 3215 oratione
2484 3172 2830 3215 numerum

512 3259 767 3324 variare
813 3278 944 3321 non
989 3258 1243 3340 potuit,
1303 3264 1609 3342 apparet,
1667 3256 1806 3321 haec
1850 3257 2082 3322 verba:
2139 3257 2385 3336 nihil,
2443 3258 2660 3342 quod
2705 3279 2827 3323 sa·-

511 3365 784 3431 lutare
832 3371 1072 3444 esset,
1116 3386 1270 3431 non
1318 3365 1545 3431 modo
1592 3365 1692 3429 ad
1727 3366 2094 3445 animum,
2145 3365 2289 3430 sed
2327 3386 2421 3430 ne
2457 3366 2554 3431 ad
2593 3387 2827 3432 aures

513 3472 836 3557 quidem
881 3471 1369 3537 admittebat
1411 3473 1605 3557 longe
1650 3474 1866 3539 minus
1911 3472 2248 3538 commode
2285 3473 2519 3539 referri
2555 3474 2639 3539 ad
2675 3473 2827 3538 Ful-

512 3580 687 3643 vium
734 3580 953 3663 ipsum
997 3579 1164 3644 nihil
1211 3581 1369 3646 boni
1416 3589 1822 3665 sperantem,
1881 3580 1997 3646 sed
2054 3582 2331 3664 impetui
2388 3583 2670 3648 militum
2727 3603 2830 3646 ce·

512 3686 778 3752 dentem
851 3708 1046 3769 quam
1117 3689 1200 3753 ad
1259 3690 1531 3770 milites,
1601 3710 1881 3774 quorum
1935 3689 2143 3755 libido
2204 3695 2270 3753 et
2329 3692 2670 3756 temeritas
2727 3711 2827 3754 re·-

513 3795 969 3880 prehenditur.
1073 3794 1310 3881 Itaque
1357 3798 1499 3863 sine
1548 3797 1748 3862 dubio
1797 3795 2219 3861 scribendum
2266 3804 2395 3863 est:
2455 3798 2829 3864 admitte-

512 3902 729 3967 bant.
776 3920 783 3926 ’
820 3899 1069 3984 (1862.)

522 4075 970 4085 -————.—-—--—-.

570 4174 618 4240 ¹)
657 4173 786 4242 Cap.
809 4176 890 4241 20,
912 4176 944 4228 5
975 4174 1068 4243 (ut
1102 4181 1301 4230 tanto
1340 4175 1772 4243 discrimine)
1811 4193 1926 4230 non
1955 4176 2136 4230 solum
2164 4178 2469 4246 requiritur
2499 4179 2587 4246 in,
2626 4177 2724 4231 sed
2756 4179 2829 4252 ut

650 4258 854 4326 (ortum
900 4276 969 4313 ex
1013 4262 1273 4330 sequenti
1319 4261 1367 4327 t)
1409 4279 1442 4314 a
1484 4261 1594 4315 loci
1641 4262 1921 4316 sententia
1966 4262 2206 4316 alienum
2257 4269 2371 4330 est,
2426 4264 2486 4318 in
2532 4281 2642 4333 qua
2688 4260 2828 4317 nihil

649 4349 804 4399 certo
841 4344 953 4398 fine
991 4347 1488 4401 circumscribitur.
