3230 5282
486 605 612 660 Lib.
647 604 818 659 XXV.
1583 588 1708 651 366

489 778 786 861 Apparet
839 776 1212 841 necessario
1268 774 1677 840 transeuntis
1736 773 1822 838 ad
1877 771 2252 839 Poenorum
2304 771 2462 838 belli
2517 793 2803 856 appara-

488 892 633 951 tum
689 882 1193 950 describendum
1250 883 1570 948 orationis
1615 889 1845 948 notam
1889 881 2177 964 aliquam
2222 880 2603 947 desiderari.
2702 879 2804 945 Ea

487 995 658 1059 latet
719 994 788 1056 in
852 991 970 1057 illo
1037 998 1233 1072 tum;
1299 989 1719 1056 scribendum
1785 997 1889 1055 est
1955 990 2158 1055 enim:
2227 1024 2313 1034 —
2378 1011 2470 1055 ea
2534 989 2800 1054 hieme

490 1102 585 1166 ad
664 1121 883 1166 arma
959 1100 1251 1164 excita.
1374 1097 1716 1161 lostin—
1795 1104 1971 1163 tres
2053 1099 2468 1164 exercitus
2535 1104 2802 1178 erant;

489 1207 956 1274 Hasdrubal
1002 1213 1124 1274 cet.
2785 1256 2788 1257 ν

661 1316 817 1400 Cap.
867 1319 978 1395 34,
1037 1318 1075 1380 9
1121 1321 1187 1381 et
1236 1318 1315 1380 10
1362 1313 1472 1397 (de
1517 1335 1768 1398 pugna,
1824 1315 1893 1378 in
1939 1336 2073 1399 qua
2116 1314 2186 1380 P.
2237 1313 2456 1400 Scipio
2502 1312 2799 1396 occidit):

490 1423 864 1491 Ceterum
930 1430 1009 1489 et
1063 1424 1390 1508 equites
1445 1422 1811 1487 Numidae
1867 1428 2244 1506 repente,
2315 1444 2514 1506 quos
2568 1421 2803 1487 fefel-

487 1533 691 1599 lisse
761 1554 841 1598 se
911 1530 1067 1597 dux
1134 1538 1362 1597 ratus
1432 1538 1639 1610 erat,
1707 1531 1804 1596 ab
1862 1530 2274 1597 lateribus
2332 1528 2803 1595 circumfusi

488 1661 847 1723 magnum
903 1645 1306 1705 terrorem
1362 1638 1745 1719 intulere,
1790 1646 1882 1719 et,
1929 1645 2358 1706 contracto
2405 1638 2802 1704 adversus

488 1747 878 1813 Numidas
925 1747 1374 1812 certamine
1417 1767 1651 1826 novo,
1712 1748 2023 1813 tertius
2080 1748 2421 1832 insuper
2478 1745 2805 1812 advenit

438 1868 455 1874 “
488 1856 760 1922 hostis
818 1861 942 1920 cet.
1055 1853 1254 1921 Posui
1309 1855 1555 1935 locum,
1625 1855 2181 1939 quemadmodum
2235 1854 2624 1921 scribendus
2682 1860 2803 1933 est,

490 1963 738 2044 addit0,
785 1962 962 2047 quod
1006 1969 1159 2048 post
1201 1983 1235 2025 e
1284 1962 1696 2046 (intulere,
1742 1963 1869 2027 vid.
1918 1964 2005 2029 ad
2049 1963 2223 2045 XXI,
2271 1968 2371 2043 37,
2417 1968 2453 2027 5
2501 1969 2571 2029 et
2615 1960 2802 2043 alibi)

490 2071 765 2152 excidit,
835 2076 943 2150 et,
1014 2072 1154 2136 sine
1212 2092 1343 2156 quo
1405 2076 1473 2136 et
1531 2072 1782 2154 pendet
1826 2073 2129 2155 superior
2171 2071 2506 2156 particula
2551 2070 2804 2151 (cete-

488 2202 657 2245 rum
713 2179 815 2262 et)
876 2184 941 2244 et
984 2185 1131 2244 tota
1175 2180 1390 2245 oratio
1438 2178 1769 2245 dissoluta
1814 2187 1935 2246 est.
2038 2180 2501 2247 Anacoluthon
2543 2180 2613 2244 in
2659 2199 2804 2243 sen-

488 2289 716 2353 tentiis
783 2308 1054 2372 prorsus
1120 2286 1206 2351 ad
1271 2287 1648 2352 institutam
1710 2286 1794 2353 ab
1850 2288 2040 2353 initio
2095 2285 2374 2354 formam
2430 2287 2626 2354 facile
2691 2285 2802 2351 de-

490 2394 909 2460 currentibus
953 2393 1120 2458 nihil
1163 2392 1370 2458 habet
1411 2393 1557 2460 loci.
1652 2393 1792 2477 [Sic
1837 2397 1969 2460 iam
2015 2393 2409 2478 Creverius.]

662 2500 818 2587 Cap.
881 2507 993 2583 35,
1074 2506 1112 2566 8
1184 2509 1250 2567 et
1317 2505 1354 2565 9
1425 2501 1536 2584 (de
1605 2501 1721 2568 Cn.
1781 2503 2088 2587 Scipione
2167 2511 2235 2569 et
2302 2505 2445 2570 eius
2512 2502 2803 2569 exercitu

488 2611 739 2678 frustra
796 2632 865 2677 se
909 2610 1143 2677 Poenis
1201 2607 1591 2675 subtrahere
1639 2611 2093 2695 conantibus):
2163 2612 2367 2679 Luce
2413 2619 2501 2677 ut
2545 2631 2806 2677 sense-

489 2727 681 2786 runt
737 2717 995 2802 (Poeni)
1052 2718 1478 2803 profectos
1547 2718 1860 2800 hostes,
1926 2722 2374 2804 praemissis
2432 2719 2806 2786 Numidis

491 2850 728 2914 quam
795 2832 1187 2911 poterant
1254 2827 1588 2893 maxime
1645 2829 1903 2894 citato
1962 2831 2278 2913 agmine
2338 2829 2566 2913 sequi
2627 2849 2808 2894 coe-

489 2943 809 3022 perunt.
918 2936 1121 3001 Ante
1186 2943 1507 3000 noctem
1574 2936 1955 3003 adsecuti
2009 2936 2371 3002 Numidae
2436 2958 2643 3002 nunc
2707 2935 2806 3001 ab

489 3052 742 3128 tergo,
787 3064 998 3109 nunc
1043 3045 1123 3108 in
1166 3043 1438 3110 latera
1480 3045 2036 3111 incursantes.
2118 3043 2594 3112 Consistere
2640 3065 2806 3110 coe-

418 3165 421 3170 “
491 3160 789 3238 perunt
834 3174 921 3218 ac
963 3153 1225 3218 tutari
1271 3173 1568 3235 agmen.
1672 3153 2076 3231 Quantum
2129 3160 2472 3237 possent
2515 3160 2805 3232 tamen,

318 3274 462 3343 (300)
498 3268 678 3327 tuto
745 3267 832 3326 ut
896 3259 1138 3325 simul
1205 3268 1668 3344 pugnarent
1721 3261 2469 3346 procederentque,
2528 3260 2804 3344 Scipio

489 3368 1014 3448 hortabatur,
1070 3369 1551 3451 priusquam
1606 3368 2039 3453 pedestres
2098 3371 2347 3454 copiae
2403 3369 2805 3451 adseque-

490 3483 799 3542 rentur.
901 3476 1078 3541 Male
1136 3475 1419 3542 cohaeret
1477 3477 1694 3541 oratio
1751 3477 1818 3542 in
1866 3477 2088 3542 subito
2132 3478 2252 3543 illo‘
2294 3478 2381 3543 ad
2426 3476 2607 3542 aliud
2651 3476 2805 3541 sub-

487 3586 759 3664 iectum,
826 3584 1004 3667 quod
1048 3605 1177 3649 non
1233 3585 1613 3648 nominatur
1660 3583 1775 3666 (ad
1819 3586 2200 3668 Romanos),
2246 3586 2571 3651 transitu:
2620 3604 2806 3649 con—

492 3693 790 3758 sistere
847 3699 1316 3775 coeperunt.
1431 3689 1711 3773 (Omitto
1771 3692 2198 3759 offensionem
2251 3695 2319 3758 in
2366 3692 2598 3759 eodem
2644 3692 2807 3758 dua-

489 3822 637 3865 rum
683 3801 1161 3865 sententiarum
1205 3806 1341 3864 tam
1386 3800 1749 3866 vicinarum
1794 3802 2005 3866 exitu:
2056 3802 2292 3886 sequi
2339 3807 2805 3885 coeperunt,

492 3909 954 3974 consistere
1014 3906 1516 3992 coeperunt.)
1632 3907 1761 3974 Sed
1818 3911 2084 3993 gravius
2144 3916 2247 3975 est
2307 3908 2490 3975 aliud
2544 3910 2806 3989 vitium;

493 4018 919 4103 participium
999 4017 1173 4080 enim
1251 4017 1782 4082 incursantes
1861 4019 1954 4082 sic
2034 4017 2328 4083 adhaeret
2393 4017 2593 4084 verbo
2663 4016 2806 4082 ad·

495 4127 755 4192 secuti
831 4130 1045 4205 sunt,
1113 4129 1190 4191 ut
1243 4124 1542 4190 Numidae
1613 4125 1952 4206 dicantur,
2023 4126 2180 4191 dum
2235 4127 2304 4190 in
2360 4125 2808 4191 Romanorum

492 4242 752 4319 tergum
819 4241 886 4299 et
937 4232 1152 4299 latera
1204 4234 1573 4313 incursent,
1643 4255 1757 4300 eos
1814 4234 2109 4299 adsecuti
2168 4255 2343 4314 esse,
2411 4232 2588 4316 quod
2645 4232 2806 4297 ridi-

494 4344 717 4410 culum
777 4349 898 4408 est.
1008 4341 1177 4407 Nam
1245 4362 1448 4424 quum
1506 4343 1872 4423 Romanos,
1943 4343 2058 4427 qui
2125 4342 2545 4427 aliquantum
2601 4339 2804 4424 spatii
