3230 5282
1401 603 1484 664 43

286 786 448 851 turis
502 785 706 855 homo
767 789 1270 872 superstitiosus
1327 788 1681 869 abstinuit,
1749 809 2029 872 quarum
2077 788 2409 872 specimen
2454 788 2601 870 capi

289 915 361 958 ex
404 894 514 975 IV,
561 900 622 976 2,
678 900 753 960 12
802 903 1043 980 potest.
1146 898 1382 981 Itaque
1439 897 1768 963 bonorum
1815 896 2117 963 codicum
2163 896 2411 961 auxilio
2458 917 2601 961 cor-

286 1004 736 1087 ruptissimam
816 1003 1035 1071 effecit
1113 1005 1279 1071 Livii
1358 1008 1746 1072 orationem.
1773 1006 1830 1089 l)
1955 1003 2426 1070 Successerunt
2491 1003 2602 1067 Al-

287 1110 610 1179 schefskio
656 1113 1235 1180 Weissenbornius
1295 1120 1363 1179 et
1408 1115 1718 1180 Hertzius
1778 1112 1913 1194 (hic
1961 1112 2227 1198 quidem
2273 1112 2488 1177 adhuc
2534 1113 2602 1177 in

288 1220 492 1303 prima
561 1227 825 1287 tantum
894 1221 1199 1303 decade),
1268 1222 1568 1288 homines
1629 1223 1838 1302 docti,
1911 1221 2028 1287 sed
2084 1222 2197 1304 qui
2255 1227 2476 1286 tamen
2538 1227 2604 1284 et

288 1328 404 1411 ipsi
462 1331 891 1414 antiquitatis
949 1330 1299 1415 splendore
1359 1333 1539 1415 capti
1597 1331 1679 1396 de
1737 1330 2036 1396 codicum
2097 1328 2250 1410 (hoc
2296 1336 2426 1409 est,
2495 1351 2604 1394 co-

285 1437 443 1503 dicis
500 1437 876 1522 archetypi)
940 1441 1344 1505 auctoritate
1405 1440 1569 1505 satis
1627 1438 1836 1504 libere
1895 1458 2187 1522 quaerere
2246 1443 2314 1502 et
2357 1438 2426 1501 in
2472 1438 2602 1502 sin-

282 1544 443 1627 gulis
488 1546 664 1612 locis
711 1567 857 1611 eam
902 1568 1050 1612 cum
1094 1548 1373 1614 rationis
1417 1549 1767 1613 momentis
1813 1546 2174 1631 prudenter
2220 1566 2604 1630 comparare

282 1676 406 1720 non
452 1676 722 1739 semper
767 1655 1107 1735 auderent,
1143 1656 1719 1722 Weissenbornius
1764 1654 2028 1739 quidem
2073 1655 2274 1718 etiam
2321 1654 2405 1718 ad
2452 1675 2603 1718 con-

282 1770 522 1829 tortam
591 1762 1158 1847 artificiosamque
1228 1764 1733 1848 explicationem
1791 1770 1858 1828 et
1915 1784 2214 1828 errorum
2271 1761 2595 1827 defensio·
2634 1778 2741 1843 (37)

283 1892 425 1937 nem
492 1894 649 1937 cum
705 1892 941 1957 pamm
998 1878 1195 1939 cauto
1254 1872 1704 1956 exemplorum
1758 1872 2423 1953 testimoniorumque
2480 1892 2605 1935 usu

285 1987 348 2045 et
422 1982 932 2064 comparatione
1011 1981 1211 2065 paulo
1292 1981 1705 2064 propensior.
1829 1980 2066 2063 Itaque
2145 1980 2460 2044 maiorem
2540 1988 2605 2042 et

283 2086 650 2154 foediorem
714 2093 975 2172 partem
1041 2094 1488 2154 monstrorum
1543 2086 2194 2153 Alschefskianorum
2260 2087 2328 2151 hi
2387 2093 2603 2152 sustu-

281 2194 493 2261 lerunt
539 2196 763 2280 (prior
785 2195 1419 2279 Weissenbornius);
1467 2196 1583 2261 sed
1627 2197 1902 2261 nimium
1951 2203 2067 2275 est,
2116 2195 2294 2279 quod
2339 2197 2602 2261 tertiam

284 2302 411 2369 fere
456 2312 729 2388 partem
771 2305 1212 2384 retinuerunt,
1269 2304 1479 2369 multa
1522 2326 1657 2369 non
1701 2305 2046 2388 recepturi,
2105 2305 2358 2387 opinor,
2418 2305 2472 2369 si
2518 2305 2602 2369 ab

284 2411 703 2478 Alschefskio
759 2419 1030 2496 recepta
1084 2433 1217 2477 non
1272 2412 1584 2492 fuissent3
1653 2434 1837 2478 novae
1896 2413 2161 2496 quidem
2208 2419 2273 2476 et
2318 2414 2603 2497 propriae

283 2520 774 2586 emendationis
832 2522 898 2585 in
956 2519 1059 2585 his
1119 2520 1343 2585 decem
1400 2519 1587 2585 libris
1645 2543 1781 2586 non
1838 2522 1934 2586 ita
1977 2521 2282 2600 multum,
2350 2520 2603 2604 aliquid

283 2635 500 2695 tamen
547 2628 955 2709 attulerunt,
1015 2629 1164 2714 plus
1210 2627 1818 2710 Weissenbornius3
1887 2629 1954 2693 in
2009 2629 2210 2695 tertia
2257 2629 2501 2695 decade
2546 2631 2603 2694 is

287 2738 613 2821 permulta
662 2737 955 2802 codicem
988 2737 1399 2803 Puteaneum
1446 2744 1710 2802 secutus
1759 2737 2127 2803 emendavit
2162 2746 2229 2803 et
2263 2739 2331 2802 in
2367 2744 2602 2820 quarta

287 2848 655 2931 quintaque
701 2846 1042 2928 complura
1088 2847 1468 2912 coniectura
1511 2844 1793 2910 feliciter
1837 2852 1905 2910 et
1948 2847 2282 2927 ingeniose
2331 2849 2602 2913 sanavit.

285 2953 409 3019 Sed
488 2953 678 3038 quod
744 2954 825 3019 de
894 2953 1184 3038 expulsis
1250 2954 1633 3038 relictisque
1700 2954 1919 3037 pravis
1989 2955 2359 3038 scripturiS,
2439 2977 2605 3039 quas

286 3060 740 3127 Alschefskius
786 3069 1134 3144 posuerat,
1204 3061 1365 3141 dixi,
1435 3061 1805 3127 cuiusmodi
1851 3063 1964 3141 sit,
2032 3063 2097 3125 in
2145 3062 2328 3126 XXX
2374 3065 2603 3147 primis

286 3171 622 3254 capitibus
668 3169 821 3235 libri
864 3170 1061 3253 primi
1108 3169 1472 3236 ostendam.
1573 3168 1725 3235 Non
1771 3169 2045 3251 legimus
2090 3172 2223 3234 iam
2269 3169 2370 3250 (ut
2417 3172 2606 3236 omit·

284 3287 418 3342 tam
475 3276 848 3362 gemmulas
907 3276 1056 3342 illas
1117 3276 1669 3361 orthographicas
1731 3278 2126 3342 stimolab
2145 3283 2284 3343 ant
2341 3284 2407 3343 et
2452 3278 2606 3343 Ro-

287 3407 566 3452 manos
634 3385 1041 3451 nominativo
1101 3407 1258 3450 casu
1315 3407 1447 3451 uno
1506 3385 1654 3450 loco
1717 3386 2062 3469 scriptum,
2135 3392 2398 3451 centum
2455 3387 2608 3451 Ro·

289 3514 589 3573 manuS,
638 3498 705 3558 et
751 3494 1191 3559 antestitis
1238 3514 1273 3557 e
1318 3492 1461 3558 cod.
1496 3491 1573 3574 P)
1623 3493 1690 3556 in
1736 3492 1916 3577 praef.
1957 3492 1989 3576 ξ
2027 3499 2063 3558 9
2113 3493 2608 3559 dissidentis

290 3624 585 3680 morea,
639 3623 775 3667 non
827 3606 905 3665 10
964 3608 1283 3685 tuaeque
1340 3623 1424 3665 re
1475 3600 1822 3683 publicae
1870 3623 1904 3666 e
1950 3601 2032 3682 P,
2094 3624 2224 3667 non
2272 3623 2414 3686 cap.
2468 3607 2522 3681 1,
2573 3609 2608 3661 9

292 3708 425 3773 ubi
472 3710 631 3794 (pro
680 3707 815 3789 ibi,
875 3710 1056 3793 apud
1100 3710 1232 3789 W.;
1289 3730 1443 3774 nam
1487 3707 1568 3772 H.
1615 3710 1937 3790 retinuit),
1995 3732 2128 3776 non
2174 3730 2224 3773 c.
2277 3713 2344 3789 3,
2405 3714 2440 3773 3
2488 3732 2612 3774 re-·

290 3816 601 3902 linquit
638 3852 726 3862 —
760 3816 1135 3883 condidit
1179 3817 1287 3900 (ex
1331 3815 1608 3899 PH1)²),
1657 3838 1711 3880 c.
1752 3821 1808 3897 3,
1856 3824 1896 3882 4
1942 3817 2356 3883 diductam
2402 3819 2609 3884 colo·

292 3927 499 3991 niam
561 3925 672 4006 (ex
727 3923 823 4006 M)
881 3931 998 3989 aut
1045 3929 1081 3987 7
1129 3926 1440 3991 eductae
1499 3925 1872 4006 coloniae,
1933 3922 1966 4008 ἓ
2013 3929 2052 3989 8
2114 3926 2197 3990 in
2252 3926 2608 3992 traiecto

294 4034 638 4112 Albulae,
709 4054 765 4098 c.
813 4038 871 4111 7,
948 4037 1021 4097 12
1092 4032 1401 4098 ibidum
1467 4055 1589 4116 pro
1659 4033 1778 4099 ibi
1843 4042 2035 4113 tum,
2106 4056 2160 4098 c.
2214 4039 2319 4113 10,
2389 4038 2425 4098 3
2471 4055 2610 4099 nec

349 4312 393 4376 ¹)
435 4311 790 4380 [Editionem
825 4309 1160 4365 Alschefskii
1197 4311 1463 4377 omnium,
1501 4328 1627 4380 quae
1675 4316 1915 4378 exstant,
1951 4312 2069 4365 sine
2107 4310 2278 4365 dnbio
2316 4311 2483 4379 longe
2520 4309 2612 4363 de-

426 4397 724 4451 terrimam
759 4396 1007 4465 appellat
1040 4395 1446 4450 Mommsenius
1484 4414 1536 4465 p.
1580 4394 1716 4464 157]

352 4484 400 4547 ²)
440 4481 584 4551 [Hoc
622 4499 658 4535 a
694 4480 780 4534 W.
817 4481 877 4536 in
913 4487 1120 4550 quarta
1155 4481 1402 4537 editione
1440 4487 1770 4537 revocatum
1805 4480 2009 4548 video]
