3230 5282
1672 588 1793 650 766

588 770 979 828 Rebellium
1030 791 1144 828 non
1180 773 1445 828 Latinum
1479 773 1583 826 629
1618 790 1671 826 ιι.
1760 773 2044 828 Struere
2079 777 2137 826 et
2170 772 2515 825 instruere
2551 772 2739 844 3352.

586 861 933 917 Recensus
967 862 1084 916 688.

587 946 870 1002 Referre
906 946 1259 1002 decretum
1296 944 1422 999 dub.
1459 947 1542 999 98.

586 1032 871 1104 Repetitio
924 1033 1171 1088 eiusdem
1225 1031 1486 1087 vocabuli
1535 1048 1708 1100 prava

657 1122 774 1187 368,
809 1123 929 1189 423,
968 1122 1085 1188 609,
1122 1121 1239 1187 655,
1276 1120 1379 1174 668
1414 1137 1485 1185 n.‚
1521 1120 1638 1172 701.

586 1205 934 1261 Reversus
970 1223 1086 1261 non
1119 1205 1417 1260 Livianum
1452 1207 1569 1258 700.

587 1291 936 1347 Revocare
1035 1291 1116 1346 ad
1211 1291 1707 1356 coniecturam,

655 1378 832 1431 simm.
875 1380 975 1432 120
1007 1395 1059 1430 ιι.

587 1463 820 1519 Risias
854 1481 1060 1519 nomen
1092 1481 1208 1518 non
1247 1462 1502 1516 Graecum
1537 1465 1654 1517 480.

589 1635 985 1707 Saguntus?
1022 1637 1125 1689 260
1159 1653 1211 1689 ιι.

588 1721 739 1793 Salyi
778 1724 889 1776 144.

588 1807 1024 1878 Sanguineas
1060 1811 1121 1862 et
1156 1811 1485 1862 cruentus
1523 1809 1603 1861 55.

590 1892 797 1948 Sarta
832 1897 1018 1948 tecta
1051 1893 1282 1947 locare
1316 1894 1432 1947 619.

588 1979 787 2041 Scivi,
824 1980 864 2033 i.
901 1998 946 2034 e.
985 1979 1226 2048 cognovi
1261 1982 1364 2033 613
1397 1997 1450 2033 n.

588 2064 907 2120 Secundo
933 2082 1037 2135 pro
1067 2066 1313 2119 iterum
1341 2080 1575 2133 pravum
1591 2064 1710 2118 633.

588 2150 975 2206 Secundum
1039 2152 1336 2220 aliquem
1399 2149 1536 2219 quid
1596 2167 1712 2204 non

657 2236 933 2308 significet
965 2240 1048 2291 71.

588 2323 827 2377 Serere
863 2322 1166 2378 circulos
1201 2324 1318 2376 505.

588 2408 879 2464 Servare
914 2414 973 2463 et
1006 2425 1377 2463 reservare
1413 2410 1528 2463 358.

588 2493 1016 2549 Sestertium
1075 2494 1306 2549 decies
1369 2492 1711 2549 declinatum

656 2583 756 2634 715
791 2598 844 2635 ιι.

590 2666 658 2720 Si
720 2678 836 2721 non·
899 2668 959 2722 in
1023 2666 1403 2736 comparando
1458 2670 1582 2735 1413
1654 2669 1712 2724 si

656 2752 842 2807 forte
897 2752 1144 2822 elliptice
1185 2753 1433 2823 positum
1470 2756 1597 2821 146;
1656 2754 1712 2808 si

657 2839 839 2894 licet
873 2839 1006 2894 item
1050 2842 1171 2908 1763
1208 2840 1373 2894 siut
1409 2838 1714 2894 conflatum

656 2925 715 2978 in
750 2925 940 2980 sicut
979 2927 1090 2980 175.

589 3008 762 3081 Signa
794 3010 1062 3065 militaria
1096 3015 1154 3065 et
1188 3010 1394 3080 capt-ivi
1429 3010 1715 3066 ment-ione

654 3096 941 3150 coniuncti
973 3098 1088 3151 325.
1676 3078 1709 3114 ⁸

589 3180 798 3250 Signa
831 3181 1004 3237 ferri
1039 3183 1279 3237 iubere
1314 3185 1430 3238 499.

589 3265 907 3336 Signare,
945 3268 1324 3338 obsignare
1358 3271 1477 3323 671.

589 3350 1028 3421 Significationis
1046 3353 1347 3409 vsserborum
1372 3355 1711 3410 transversio

655 3440 726 3492 50
759 3454 832 3504 ιι.,
873 3442 987 3507 149,
1026 3441 1123 3493 201
1165 3439 1252 3509 (7),
1289 3442 1407 3494 224.

589 3522 850 3577 Similis
886 3526 1046 3594 veri,
1083 3526 1347 3580 similia
1379 3527 1556 3581 veris
1598 3529 1709 3581 141.

588 3608 805 3663 Simul
876 3615 942 3666 et
990 3639 1058 3650 —
1112 3612 1309 3666 simul
1366 3616 1434 3667 et
1476 3630 1708 3683 pravum

653 3697 756 3749 422
790 3712 843 3749 ιι.

587 3780 1042 3837 Simulacrum
1077 3783 1211 3836 viri
1247 3784 1339 3837 vix
1372 3782 1495 3837 Lat.
1533 3785 1650 3838 726.

587 3865 747 3920 Sine
824 3884 949 3921 cum
1028 3869 1324 3939 participio
1396 3869 1567 3937 (sine
1637 3886 1712 3923 re

655 3951 863 4021 facta)
902 3956 1012 4008 101.

586 4037 895 4107 Singularis
916 4039 1066 4109 apud
1092 4039 1450 4094 distributiva
1481 4040 1567 4108 (in
1595 4040 1707 4093 mi-

653 4124 866 4191 litem)
908 4127 1022 4180 119.

587 4207 944 4279 Spectare,
985 4216 1388 4282 exspectare
1423 4213 1542 4266 281.

1762 859 2100 929 Subigere
2141 860 2251 911 102.

1760 946 2125 1001 Subiicere
2177 943 2319 998 male
2381 959 2488 1013 pro
2554 943 2880 1014 subigere

1761 1119 2160 1175 Subsistere
2196 1118 2312 1172 394.

1762 1205 2040 1260 Sumere
2077 1203 2153 1257 de
2190 1203 2425 1272 aliquo
2459 1204 2575 1257 719.

1762 1290 1984 1361 Super
2018 1286 2282 1359 (praeter),
2320 1305 2432 1343 non
2468 1305 2679 1356 supra
2710 1291 2796 1343 61.

1762 1367 2093 1446 Superari
2143 1376 2342 1443 (minus
2386 1373 2591 1440 valere)
2647 1373 2883 1443 pedite

1829 1466 1947 1518 371.

1763 1548 2141 1618 Superlativus
2179 1546 2461 1601 sententia
2489 1546 2721 1600 relativa
2757 1562 2882 1600 auc-

1827 1638 1918 1690 tus
1953 1636 2070 1689 503.

1762 1720 1984 1791 Supra
2019 1720 2087 1775 de
2122 1719 2250 1773 loco
2287 1721 2404 1773 728.

1763 1804 2881 1874 Suscenserenondeindignandol'n.

1762 1893 2128 1948 Sustinere
2165 1907 2263 1959 se,
2302 1896 2538 1945 tenere
2575 1907 2643 1944 se
2680 1892 2762 1944 72.

1763 1979 1936 2033 Suus
1974 1979 2266 2048 quisque
2303 1977 2500 2032 eodem
2535 1993 2671 2031 casu
2706 1978 2824 2031 647.

1762 2149 1799 2204 'l'
1835 2150 1894 2204 in
1939 2151 2242 2204 verborum
2284 2148 2678 2204 terminatione
2725 2147 2883 2202 addi-

1832 2241 1951 2290 tum
1989 2239 2045 2290 et
2078 2235 2392 2290 detractum
2426 2236 2547 2303 631,
2584 2236 2703 2288 753.

1764 2321 2063 2377 Tabellae
2101 2327 2158 2375 et
2192 2320 2447 2375 tabulae
2481 2323 2601 2375 671.

1764 2408 2080 2481 Tacitum
2114 2407 2366 2462 habere
2399 2408 2517 2461 627.

1766 2494 1926 2548 Tam
1978 2511 2112 2549 num
2167 2494 2461 2548 omittatur
2502 2496 2634 2546 ante
2668 2508 2887 2561 quam,

1834 2583 1952 2648 383,
1987 2582 2113 2647 517;
2169 2581 2413 2634 tam'ex
2448 2577 2751 2648 ancipiti
2787 2576 2889 2645 (ex

1832 2671 1969 2721 tam
2005 2668 2081 2733 a.)
2116 2668 2213 2721 511
2252 2684 2305 2720 ιι.

1765 2753 1993 2809 Taurini
2027 2755 2145 2807 270.

1764 2838 1964 2909 Tegi‚
2002 2839 2229 2908 integi
2267 2841 2364 2892 177
2400 2856 2453 2893 ιι.

1766 2925 2043 2996 Tempora
2062 2926 2382 2991 verborum;
2413 2941 2462 2977 v.
2485 2923 2760 2990 Proesens,
2780 2921 2890 2976 Im·

1832 3011 1989 3081 perf„
2025 3010 2191 3079 Pers„
2226 3009 2580 3079 Plusquamp.

1766 3097 2054 3168 Tempus
2091 3101 2224 3163 est,
2260 3114 2401 3151 non:
2455 3095 2891 3165 aptissimum

1833 3188 2099 3253 tempus
2137 3188 2240 3237 est
2278 3182 2544 3252 aliquid
2578 3181 2739 3236 fieri
2774 3183 2889 3235 126-

1767 3269 2027 3324 Tenere
2070 3285 2184 3324 non
2229 3269 2583 3323 intransitive
2633 3267 2701 3320 de
2748 3267 2889 3321 locis

1765 3441 1988 3496 Tenus
2025 3458 2151 3496 cum
2187 3441 2451 3512 genetivo
2487 3442 2591 3494 708
2624 3458 2679 3494 ιι.

1764 3526 2080 3597 Tergum3
2117 3542 2152 3579 a
2184 3530 2378 3596 tergo
2412 3528 2528 3580 709.

1766 3612 2034 3668 Timere
2068 3612 2482 3667 lassitudini
2507 3629 2743 3681 pravum
2767 3614 2888 3666 467.

1765 3698 2153 3767 Transpositio
2216 3714 2415 3753 vocum
2475 3698 2535 3753 in
2599 3698 2889 3753 codicibus

1832 3785 1979 3839 Livii
2010 3784 2410 3854 antiquissimis
2438 3790 2497 3838 et
2525 3784 2784 3839 omnibus
2807 3787 2890 3851 13,

1830 3873 1951 3937 284,
1990 3872 2110 3937 343,
2150 3872 2269 3939 387,
2301 3873 2420 3936 598,
2445 3872 2564 3937 608,
2600 3872 2726 3939 714,
2766 3870 2889 3939 plu·

1831 3956 1975 4009 rium
2016 3957 2318 4011 verborum
2360 3960 2720 4024 totorumque
2762 3973 2885 4011 ver·

1832 4058 1993 4099 suum
2052 4044 2166 4110 193,
2223 4044 2341 4111 290,
2406 4044 2527 4110 298,
2593 4043 2712 4109 392,
2766 4043 2890 4111 429,

1830 4129 1949 4195 479,
1985 4129 2104 4196 525,
2144 4130 2264 4196 568,
2302 4130 2426 4196 642,
2465 4129 2580 4181 710.

1762 4212 2096 4283 Triumphus
2131 4214 2251 4268 sine
2286 4213 2524 4283 captivis
2558 4215 2674 4268 576.

587 4292 685 4362 st3
741 4312 958 4351 errores
1004 4313 1075 4351 ex
1124 4297 1232 4369 hac
1277 4298 1554 4368 scriptura
1592 4299 1709 4366 104,
1764 4297 1928 4353 Τιιιιι
1964 4304 2096 4369 post
2140 4299 2475 4353 sententiam
2530 4299 2891 4354 condiciona-

653 4382 772 4449 278,
812 4383 932 4451 575,
973 4384 1092 4437 705.

586 4464 861 4537 Stipendii
897 4467 1217 4524 distributio
1253 4470 1369 4525 556.

1833 4385 1944 4441 lem
1979 4387 2109 4453 2913
2148 4390 2288 4439 tum
2323 4425 2369 4439 ..
2408 4385 2464 4439 si
2497 4387 2566 4439 89
2602 4402 2655 4439 ιι.
