3230 5282
575 597 699 651 Lib.
735 595 961 649 XXVII.
1664 584 1789 644 402

576 789 792 832 mare
838 766 1289 832 abscedere
1337 764 1596 844 dicitur,
1646 787 1847 849 quum
1894 767 2112 849 agitur
2157 766 2237 830 de
2285 766 2448 830 duce
2484 771 2552 830 et
2585 767 2881 830 exercitu

577 877 661 940 ab
716 873 1022 940 inferiore
1078 878 1266 956 parte
1326 874 1531 936 amnis
1586 874 1674 938 ad
1732 874 2076 956 superiora
2129 894 2357 938 versus
2404 873 2532 938 iter
2575 872 2878 952 faciente,

575 985 673 1049 ita
737 989 812 1048 ut
879 1001 1057 1045 mare
1113 979 1317 1045 oculis
1372 1001 1501 1044 non
1557 980 1925 1046 subiectum
1981 982 2085 1045 sit.
2199 979 2334 1062 [Sic
2380 982 2510 1045 iam
2556 982 2882 1045 editiones

575 1090 873 1173 quaedam
918 1085 1291 1169 veteres.]¹)

750 1196 903 1280 Cap.
951 1199 1053 1275 49,
1101 1199 1158 1274 3,
1216 1194 1329 1258 ubi
1375 1195 1718 1260 scribitur:
1778 1194 2043 1259 fessos
2091 1195 2705 1277 abnuentesque
2749 1201 2879 1260 tae·

575 1305 707 1369 dio
754 1311 829 1370 et
883 1303 1198 1380 labore,
1267 1302 1455 1365 valde
1514 1303 1813 1385 suspicor
1871 1302 2284 1367 scribendum
2340 1324 2480 1367 esse
2526 1302 2878 1368 abnuen-

563 1415 858 1497 tesque
904 1410 1143 1475 taedio
1188 1408 1579 1489 laborem3
1626 1430 1777 1473 nam
1820 1409 2176 1475 abnuere
2221 1409 2502 1475 labore
2547 1411 2711 1474 nihil
2754 1417 2873 1476 est.

574 1518 822 1602 (1863.)
882 1516 999 1600 ξ9,
1040 1516 1152 1581 ubi
1188 1517 1255 1581 in
1279 1516 1330 1580 P
1356 1522 1459 1580 est
1496 1516 1797 1600 aliiqui
1834 1518 2118 1592 nuntii,
2156 1516 2573 1582 scribendum
2602 1518 2878 1594 videtur,

569 1626 879 1692 retractis
922 1624 1191 1701 litteris,
1249 1643 1395 1705 quae
1451 1629 1723 1706 propter
1769 1624 2264 1689 similitudinem
2308 1626 2482 1689 inter
2527 1646 2596 1689 se
2641 1646 2880 1691 nocue-

569 1741 752 1799 runt:
814 1731 1020 1810 Quin
1069 1731 1485 1813 supersint
1531 1730 1814 1814 aliqui,
1874 1730 2141 1810 inquit,
2186 1733 2454 1797 nuntii
2501 1739 2621 1797 cet.
2728 1733 2876 1799 Non

571 1848 813 1926 potest,
863 1841 1120 1923 opinor,
1175 1837 1444 1902 verbum
1491 1837 1722 1902 abesse
1769 1839 1835 1902 in
1880 1839 1998 1902 tali
2045 1841 2360 1904 orationis
2405 1838 2632 1918 forma,
2689 1863 2876 1924 pror·

574 1971 686 2013 sus
754 1948 1084 2031 pendente
1152 1946 1479 2029 particula
1544 1950 1629 2008 ut
1697 1943 2085 2026 (diceret).
2200 1947 2391 2025 Quod
2448 1954 2669 2013 autem
2728 1955 2879 2031 post

571 2062 687 2133 ut,
742 2054 1040 2135 longiore
1093 2052 1437 2117 verborum
1483 2051 1736 2116 ambitu
1783 2053 2196 2137 interpositO,
2245 2056 2541 2136 sequitur
2585 2057 2875 2139 inquit,

463 2161 470 2169 ’
569 2163 639 2226 id
682 2162 759 2227 fit
806 2163 1037 2227 eodem
1081 2160 1294 2238 modo,
1353 2180 1482 2241 quo
1532 2159 1756 2224 Livius
1804 2159 1910 2238 IV,
1973 2165 2073 2238 28,
2125 2165 2161 2225 3
2209 2163 2503 2246 scripsit:
2573 2185 2876 2246 poenas

569 2269 1058 2334 rebellionis
1127 2267 1580 2345 dedissent,
1648 2268 1730 2331 ni
1798 2267 2129 2333 Vettius
2196 2269 2550 2334 Messius
2615 2307 2704 2315 —
2757 2271 2875 2334 in-

571 2377 767 2460 quit,
813 2376 881 2439 id
927 2381 1026 2439 cst
1068 2375 1283 2458 plane,
1331 2374 1699 2453 dixisset,
1748 2380 1814 2438 et
1848 2373 2079 2440 Cicero
2126 2375 2207 2440 de
2243 2375 2425 2441 Orat.
2452 2378 2533 2454 II,
2572 2384 2671 2455 64,
2719 2382 2873 2442 260:

571 2483 778 2566 quod
825 2484 1056 2547 aiunt
1100 2482 1731 2564 Maluginensem
1766 2518 1854 2526 —
1892 2483 2162 2546 Virum
2208 2483 2527 2562 bonum,
2585 2486 2875 2569 inquit,

570 2591 638 2657 id
685 2597 804 2669 est,
853 2591 1184 2656 dixisse.
1275 2589 1445 2655 Nam
1506 2611 1709 2674 quum
1754 2589 1938 2655 verbi
1996 2591 2269 2674 inquit
2314 2593 2762 2659 coniunctivus
2809 2598 2875 2658 et

568 2699 927 2764 infinitivus
1006 2699 1294 2777 deesset,
1373 2697 1579 2761 libere
1660 2699 2213 2763 constructionem
2290 2707 2650 2765 mutarunt.
2774 2700 2873 2767 Ob

570 2807 844 2871 eandem
891 2828 1156 2871 causam
1203 2807 1422 2871 Livius
1469 2805 1516 2883 Ι,
1580 2808 1678 2882 39,
1739 2808 1795 2882 3,
1856 2804 1967 2883 IX,
2033 2811 2127 2886 16,
2181 2811 2275 2885 16,
2322 2807 2580 2887 XXXV,
2633 2814 2727 2887 14,
2778 2814 2874 2887 11,

569 2913 867 2991 XXXIX,
926 2918 1028 2993 42,
1092 2917 1159 2976 11
1213 2914 1279 2976 in
1325 2912 1544 2977 media
1592 2913 1894 2977 oratione
1943 2913 2210 2995 obliqua
2254 2914 2582 2979 interiecit
2625 2916 2875 2980 finitam

570 3022 963 3085 sententiam
1022 3043 1141 3104 per
1196 3022 1482 3101 inquit.
1552 3019 1797 3101 (1863.)
1889 3018 2091 3102 [Quid
2148 3021 2437 3086 dicemus
2496 3023 2576 3086 de
2634 3024 2872 3088 omisso

567 3129 765 3193 verbo
813 3128 1208 3193 coniunctivi
1254 3126 1428 3191 modi
1474 3133 1626 3210 post
1670 3147 1908 3208 quum
1954 3128 2345 3206 venisset,
2406 3135 2648 3211 atque
2694 3130 2872 3214 apud

569 3234 944 3302 Ciceronem
989 3235 1067 3299 N.
1116 3234 1191 3298 D.
1240 3233 1353 3311 ΙΙΙ,
1400 3231 1628 3315 89?]²)

396 3353 535 3421 (329)
746 3342 901 3426 Cap.
952 3346 1050 3420 50,
1104 3346 1165 3404 1:
1234 3341 1445 3404 Nero
1504 3363 1599 3406 ea
1642 3351 1909 3420 nocte,
1968 3362 2132 3423 quae
2179 3348 2466 3407 secuta
2510 3351 2631 3407 est
2676 3364 2872 3426 pug-

566 3471 767 3528 nam,
837 3449 1268 3525 citatiore,
1349 3468 1578 3528 quam
1651 3450 1839 3514 inde
1907 3456 2278 3527 venerat,
2358 3451 2673 3531 agmine
2744 3450 2870 3515 die

568 3563 797 3621 sexto
847 3556 940 3620 ad
991 3554 1299 3618 stativa
1343 3575 1484 3618 sua
1529 3561 1778 3637 atque
1816 3556 2128 3620 hostem
2165 3558 2557 3639 pervenit.
2629 3557 2870 3622 Omnes

575 3729 856 3740 p—vvfi—
909 3728 1023 3733 —-.-

620 3827 666 3891 ι)
704 3823 862 3894 [Quae
917 3829 1193 3892 praeterea
1236 3825 1304 3878 de
1350 3826 1461 3880 hoc
1499 3826 1625 3878 loco
1663 3832 2039 3891 tentaveram,
2093 3842 2288 3878 eorum
2336 3827 2573 3879 alterum
2622 3826 2870 3880 Alschef-

698 3912 820 3964 skio
857 3910 1053 3962 melius
1090 3915 1454 3976 successerat,
1491 3911 1729 3963 alterum
1768 3911 2147 3976 (subsistit)
2180 3910 2466 3964 Sertorius
2502 3916 2867 3980 praeceperat.

700 3994 920 4047 Codicis
965 3993 1009 4046 P
1056 4011 1300 4048 errorem
1359 3996 1416 4048 in
1462 3995 1662 4062 signa
1706 3993 1885 4049 ferre
1933 3995 2130 4048 iubet
2176 4013 2325 4049 nunc
2370 3996 2865 4050 Weissenbornius

698 4078 944 4148 abiecit]

616 4163 736 4232 ²)§
791 4167 824 4216 2
876 4181 1055 4233 neque
1120 4164 1403 4232 regendi
1466 4180 1608 4231 spes
1660 4169 1815 4217 recte
1870 4164 2076 4218 dicitur
2125 4181 2230 4232 pro
2284 4164 2627 4234 regimine
2682 4182 2868 4233 neque

699 4250 924 4303 vincit
973 4266 1184 4318 spem,
1238 4250 1334 4317 qui
1391 4248 1556 4301 tollit.
1656 4247 1864 4300 Verum
1917 4253 2028 4314 est,
2084 4249 2236 4317 quod
2294 4249 2752 4304 Weissenbornio
2807 4250 2867 4303 in

693 4341 941 4388 mentem
994 4335 1150 4388 venit
1203 4333 1467 4401 quodque
1517 4331 1641 4400 ipse
1695 4332 2054 4386 adnotatam:
2120 4334 2235 4387 ubi
2296 4334 2612 4404 regentis
2668 4350 2863 4402 spre-

696 4421 976 4473 vissent.
