3230 5282
518 628 643 683 Lib.
679 626 849 680 XXX.
1608 612 1733 674 436

520 806 703 864 tasse
763 797 1181 862 scribendum
1228 803 1358 861 est:
1403 796 1610 859 —in
1674 816 1944 861 omnes
2003 816 2244 860 casus
2305 817 2499 874 sum,
2562 816 2826 877 quum,

522 928 758 990 quem
803 941 888 951 —
930 910 1479 982 tremuerunt,
1536 904 1668 968 hic
1715 901 2053 985 cernas]

352 1025 495 1095 (355)
705 1013 861 1097 Cap.
914 1016 1012 1092 32,
1063 1017 1099 1077 5
1145 1011 1254 1094 (de
1302 1012 1535 1076 animis
1580 1011 1891 1090 militum,
1948 1033 2149 1094 quum
2208 1012 2531 1096 proelium
2575 1010 2660 1076 ad
2706 1011 2827 1076 Za-

521 1145 695 1188 mam
737 1121 966 1186 inituri
1011 1120 1256 1200 erant):
1320 1119 2239 1202 contemplantibusque
2296 1120 2527 1183 modo
2586 1140 2825 1196 suam,

523 1231 752 1295 modo
821 1229 1178 1294 hostium
1247 1229 1537 1306 aciem,
1618 1248 1851 1309 quum
1930 1226 2193 1291 oculis
2276 1227 2526 1309 magis
2596 1247 2827 1311 quam

522 1338 854 1403 ratione
905 1342 1355 1421 pensarent
1398 1337 1647 1414 vires,
1706 1334 1942 1399 simul
1987 1335 2194 1413 laeta,
2251 1335 2490 1399 simul
2536 1335 2829 1399 tristia

523 1445 1209 1512 obversabantur.
1321 1442 1390 1508 Si
1450 1443 1675 1508 stolidi
1722 1442 1956 1520 oculis,
2029 1464 2158 1507 non
2204 1443 2494 1520 ratione,
2560 1463 2829 1527 pensas·

522 1561 667 1618 sent
724 1554 924 1630 vires,
992 1550 1155 1615 nihil
1221 1549 1400 1614 aliud
1465 1552 1594 1615 nisi
1662 1572 1928 1615 suorum
1996 1557 2063 1615 et
2127 1549 2416 1614 hostium
2475 1550 2829 1615 multitudo

523 1661 950 1738 occurrisset;
1019 1659 1389 1724 mirandum
1460 1664 1683 1722 tamen
1743 1664 1942 1737 esset,
2011 1678 2126 1721 cur
2189 1657 2411 1722 Livius
2465 1657 2640 1722 hunc
2695 1665 2829 1722 stu-

523 1790 749 1852 porem
795 1767 1410 1832 commemoratione
1457 1765 1727 1849 dignum
1773 1771 2091 1849 putasset.
2190 1765 2320 1830 Sed
2368 1772 2434 1830 et
2478 1787 2621 1847 quae
2667 1787 2830 1850 prae-

523 1876 768 1941 cedunt
833 1881 900 1939 et
965 1895 1110 1956 quae
1179 1881 1574 1956 sequuntur,
1645 1872 2030 1952 ostendunt,
2100 1894 2248 1937 eum
2313 1873 2437 1937 hoc
2501 1895 2826 1951 narrasse,

523 1984 799 2048 militum
858 1984 1090 2047 animis
1148 1983 1353 2046 totius
1410 1981 1566 2046 belli
1625 1983 1894 2062 eiusque
1953 2001 2222 2045 casuum
2279 1982 2658 2045 memoriam
2715 1981 2828 2046 ob·

520 2098 851 2157 versatam
921 2112 1064 2155 esse
1123 2111 1366 2172 eosque
1424 2090 1601 2154 varie
1659 2087 1971 2153 affecisse.
2085 2089 2316 2170 Itaque
2378 2096 2530 2153 ante
2587 2089 2829 2152 multos

523 2221 731 2264 annos
794 2197 1263 2263 adnotaveram
1333 2196 1752 2261 scribendum
1810 2217 1983 2261 esse:
2054 2217 2288 2277 quum
2363 2216 2507 2258 non
2565 2196 2828 2260 oculis

523 2307 773 2389 magis
819 2326 1047 2389 quam
1093 2305 1422 2369 ratione
1463 2288 1908 2388 pensarent
1953 2304 2199 2383 vires;
2268 2305 2574 2386 idemque
2621 2304 2829 2369 Weis-

524 2413 874 2480 senbornio
933 2414 998 2476 in
1056 2419 1340 2477 mentem
1398 2413 1683 2488 venisse,
1752 2432 1925 2475 nunc
1982 2412 2199 2492 vide0,
2266 2434 2386 2477 nec
2443 2418 2665 2477 tamen
2721 2411 2828 2476 fir-

524 2523 716 2586 miter
772 2520 1292 2604 conprehensum
1349 2540 1511 2584 esse.
1626 2517 1916 2583 Similem
1979 2520 2296 2584 orationis
2356 2518 2631 2584 formam
2689 2519 2830 2583 haec

523 2629 773 2695 habent
838 2630 903 2693 in
969 2627 1183 2707 XLII,
1256 2632 1365 2707 14,
1434 2631 1502 2691 2:
1583 2628 2193 2711 praeoccupatis
2272 2649 2428 2692 non
2495 2627 2830 2693 auribus

526 2737 779 2820 magis
875 2757 1109 2820 quam
1205 2736 1512 2799 animis.
1638 2732 2048 2799 Contrariam
2144 2736 2540 2800 sententiam
2615 2736 2832 2800 Livius

522 2846 746 2928 posuit
790 2844 899 2925 VI,
949 2847 1048 2923 13,
1100 2848 1165 2906 1:
1235 2842 1682 2907 multitudo
1739 2841 2131 2922 hostium,
2187 2841 2395 2907 nulli
2453 2844 2574 2908 rei
2632 2865 2831 2927 prae-

524 2959 893 3034 terquam
971 2971 1299 3015 numero
1383 2950 1612 3015 freta
1690 2956 1767 3013 et
1846 2950 2111 3014 oculis
2177 2957 2606 3034 utramque
2675 2972 2830 3015 me-

526 3061 743 3124 tiens
790 3060 1071 3123 aciem.

353 3179 497 3248 (356)
705 3163 863 3249 Cap.
914 3170 1025 3243 35,
1082 3170 1121 3228 4
1180 3172 1247 3229 et
1305 3170 1373 3229 5:
1441 3163 1853 3229 Hannibal
1897 3164 2606 3233 —Hadrumetum
2649 3187 2831 3249 per-

522 3274 769 3356 fugit,
837 3274 1101 3337 omnia
1157 3279 1237 3336 et
1294 3273 1372 3336 in
1432 3272 1751 3355 proelio
1815 3279 1897 3337 et
1952 3278 2145 3337 ante
2195 3274 2483 3352 aciem,
2550 3274 2830 3356 prius-

525 3402 760 3464 quam
833 3378 1276 3444 excederet
1337 3400 1629 3462 pugna‚
1700 3386 2099 3462 expertus
2160 3386 2237 3443 et
2293 3379 2829 3445 confessione

528 3491 774 3554 etiam
851 3486 1270 3569 Scipionis
1361 3487 1878 3568 omniumque
1973 3488 2433 3570 peritorum
2510 3488 2831 3552 militiae

527 3617 827 3660 omnem
872 3593 1100 3658 illam
1145 3593 1459 3657 laudem
1506 3593 1869 3677 adeptus,
1916 3594 2316 3676 singulari
2362 3602 2536 3660 arte
2582 3596 2829 3660 aciem

526 3723 617 3768 eo
666 3702 790 3766 die
837 3700 1366 3766 instruxisse.
1449 3700 1556 3765 Sic
1603 3701 1883 3782 codice8‚
1928 3702 2056 3766 nisi
2101 3703 2278 3784 quod
2323 3702 2829 3785 Bambergensis

526 3810 685 3889 (non
743 3807 820 3889 C)
878 3814 945 3872 et
997 3807 1174 3890 Lips.
1235 3814 1312 3872 et
1379 3815 1530 3891 post
1592 3809 1924 3891 proelio
1996 3810 2335 3889 omittunt;
2403 3809 2517 3894 sed
2583 3809 2831 3874 frustra

523 3916 750 3998 figura}
797 3915 1107 3978 auxilium
1155 3914 1515 3980 advocatur
1559 3917 1626 3979 in
1674 3915 2101 3980 defendendis
2135 3916 2268 3981 illis
2308 3924 2494 3981 ante
2540 3918 2828 3995 aciem3

524 4044 677 4087 nam
756 4028 832 4087 ut
896 4022 1118 4086 Livius
1200 4023 1513 4106 temporis
1594 4022 1890 4087 ordinem
1957 4024 2330 4103 inverterit,
2411 4032 2633 4089 tamen
2701 4046 2829 4088 non

524 4130 745 4213 potuit
821 4130 1223 4213 interpositis
1308 4129 1436 4194 illis
1515 4136 1707 4193 ante
1790 4130 2047 4193 aciem
2115 4152 2423 4213 separare
2492 4152 2601 4209 ea,
2684 4152 2829 4213 quae
2862 4172 2876 4185 ·

526 4236 889 4300 arctissime
938 4235 1296 4301 cohaerent:
1356 4239 1433 4300 in
1478 4236 1820 4319 proelio,
1868 4237 2341 4320 priusquam
2391 4238 2829 4303 excederet

524 4364 820 4427 pugna3
878 4350 946 4408 et
1002 4364 1148 4424 quae
1206 4349 1391 4408 ante
1449 4343 1698 4407 aciem
1742 4343 2073 4409 Hannibal
2131 4345 2215 4409 ad
2272 4345 2659 4410 vincendum
2719 4368 2827 4410 ex-

525 4456 753 4532 pertus
808 4455 911 4514 est
970 4450 1149 4531 (nam
1205 4472 1283 4515 ea
1338 4450 1478 4515 sola
1533 4471 1639 4514 res
1685 4449 1792 4514 hic
1837 4452 2073 4534 agitur,
2123 4453 2406 4518 exclusis
2451 4452 2613 4531 illis,
2682 4472 2827 4534 quae
