3230 5282
512 623 644 678 Lib.
680 621 855 675 xxn.
935 591 943 596 ’
1624 606 1747 666 300

521 801 661 860 tum
707 799 808 858 est
851 791 1072 870 inde,
1140 795 1284 855 tum
1343 789 1642 854 additum
1684 790 1902 871 ipsum
1949 787 2209 868 uidet3
2296 788 2550 867 XXIII,
2619 793 2688 867 9,
2761 794 2834 853 11

523 923 723 986 quum
782 897 1201 965 scribendum
1272 904 1445 963 esset
1501 895 2010 961 defectionis
2068 895 2165 961 ab
2221 896 2638 975 Romanis,
2704 897 2840 979 pri·

520 1031 699 1074 mum
756 1008 1042 1092 positum
1098 1011 1202 1070 est
1258 1004 1727 1069 defectione
1788 1002 1903 1084 (ob
1951 1023 2118 1068 cum
2164 1003 2333 1068 male
2378 1002 2833 1085 intellectum),

523 1116 759 1181 deinde
824 1116 895 1179 in
962 1112 1266 1179 addendo
1332 1113 1458 1177 nis
1518 1113 1613 1177 sic
1672 1111 2083 1194 aberratum,
2151 1117 2227 1176 ut
2268 1116 2655 1177 nasceretur
2701 1112 2839 1177 de·

521 1222 1281 1289 fectioneinissaab
1329 1222 1403 1286 R.
1515 1220 1730 1302 Atque
1788 1219 1929 1283 haec
1988 1239 2117 1283 non
2165 1219 2234 1284 in
2278 1218 2330 1283 P
2377 1225 2527 1285 orta
2572 1218 2838 1300 (saltem

521 1353 654 1398 non
712 1329 989 1412 omnia),
1061 1328 1178 1394 sed
1234 1330 1302 1393 in
1362 1328 1738 1410 antiquiore
1785 1325 2045 1407 codice,
2115 1327 2603 1411 apertissimum
2645 1326 2722 1393 fit
2764 1329 2835 1391 in

521 1440 718 1504 huius
774 1437 928 1503 libri
985 1458 1039 1502 o.
1087 1442 1201 1516 41,
1261 1441 1335 1516 73
1401 1436 1495 1502 ibi
1570 1437 1744 1501 enim
1802 1456 1883 1500 ex
1941 1434 2284 1500 mediam
2340 1433 2588 1500 factum
2647 1436 2840 1501 aber·

521 1547 732 1613 raudo
801 1552 869 1610 et
937 1544 1328 1628 corrigendo
1406 1543 1922 1623 mediumam3
2005 1543 2242 1608 deinde
2322 1564 2531 1608 novus
2597 1544 2836 1623 scriba,

524 1676 724 1737 quum
768 1676 899 1719 non
944 1652 1241 1733 haberet,
1285 1652 1445 1734 quid
1489 1651 1745 1735 syllaba
1791 1672 1910 1715 am
1954 1651 2223 1730 faceret,
2271 1650 2506 1731 effecit,
2552 1652 2725 1733 quod
2770 1654 2841 1717 in

525 1764 575 1827 P
623 1768 757 1842 est,
812 1761 1154 1827 medium
1211 1780 1547 1840 amnem,
1606 1781 1686 1823 ex
1731 1780 1861 1843 quo
1906 1759 1976 1823 in
2023 1756 2072 1823 C
2118 1780 2159 1824 a
2205 1779 2403 1824 manu
2448 1779 2609 1838 sec.,
2656 1761 2723 1824 in
2766 1759 2838 1824 Μ

525 1871 801 1954 aliisque
868 1870 1117 1934 factum
1183 1868 1528 1933 medium
1586 1887 1887 1949 agmen.
2001 1865 2175 1931 Illud
2244 1868 2512 1946 mirum,
2586 1889 2714 1933 uno
2769 1875 2845 1933 et

525 1978 736 2044 altero
802 1976 950 2042 loco
1010 1982 1208 2040 rectae
1267 1974 1536 2059 syllab'ae
1591 1975 2036 2059 postpositam
2092 1995 2390 2057 pravam,
2456 1982 2532 2040 ut
2590 1977 2657 2040 in
2713 1975 2841 2041 hoc

524 2086 693 2151 libro
742 2105 796 2149 c.
848 2089 962 2163 35,
1019 2089 1061 2147 4
1105 2085 1310 2148 isius
1355 2104 1475 2167 pro
1522 2084 1592 2148 is
1642 2089 1706 2147 et
1750 2082 1982 2160 XXIV,
2047 2086 2142 2161 16,
2203 2087 2240 2145 3
2288 2080 2564 2166 (pugna)
2610 2086 2840 2149 inex·

525 2193 892 2279 peditior
937 2213 1058 2275 pro
1105 2192 1604 2275 impeditior,
1652 2190 1829 2274 quod
1872 2189 2174 2255 vocabuli
2219 2198 2583 2255 monstrum
2629 2192 2840 2258 Weis-

527 2300 919 2368 senbornius
975 2300 1251 2365 retinuit
1295 2299 1834 2382 comparavitque
1882 2318 2029 2362 cum
2076 2318 2183 2377 eo,
2241 2298 2419 2382 quod
2464 2307 2564 2363 est
2608 2302 2840 2366 inex-

526 2406 1051 2491 superabilis.
1143 2406 1854 2490 (Inexsuperabile
1902 2405 2176 2485 dicitur,
2225 2405 2422 2489 quod,
2483 2427 2838 2492 exsupe-

526 2517 701 2581 rari
761 2516 1010 2598 nequit,
1069 2535 1110 2579 a
1153 2514 1355 2578 verbo
1416 2513 1809 2595 composito,
1878 2533 2097 2597 pugna
2152 2513 2542 2597 expedita
2597 2521 2665 2580 et
2703 2517 2838 2581 im·

529 2681 808 2764 pe·dita
852 2687 969 2760 est,
1014 2701 1144 2745 non
1192 2677 1673 2762 expeditur.)
1746 2678 1982 2744 Fuitne
2023 2680 2090 2743 in
2125 2678 2484 2763 archetypo
2535 2644 2660 2797 5:1⁸8
2708 2647 2846 2798 gi?

356 2855 500 2920 (246)
540 2837 573 2922 ξ
626 2844 703 2902 12
747 2860 1017 2922 prorsus
1072 2839 1385 2903 inusitate
1446 2844 1513 2902 et
1567 2838 1800 2903 vitiose
1847 2838 2118 2903 dicitur:
2187 2848 2843 2923 praeoccupatum

529 2945 933 3012 inferiore
988 2947 1167 3012 loco
1214 2945 1667 3011 succedens
1712 2945 2103 3011 tumulum
2148 2968 2271 3029 pro
2318 2967 2426 3025 eo,
2489 2949 2665 3030 quod
2711 2956 2840 3014 est:

529 3073 607 3116 cx
675 3053 1073 3119 inferiore
1142 3053 1355 3133 loco;
1448 3073 1601 3117 nam
1679 3074 1892 3137 neque
1960 3053 2249 3118 tumulus
2315 3053 2628 3130 inferiore
2692 3056 2840 3121 loco

530 3171 1034 3247 praeoccupatur
1108 3182 1319 3244 neque
1396 3159 1710 3225 inferiore
1787 3159 1933 3225 loco
2016 3160 2428 3226 succedimus
2492 3163 2837 3228 tumulum.

531 3267 837 3334 Ceterum
882 3270 1113 3347 miror,
1173 3289 1289 3332 cur
1336 3267 1556 3333 Livius
1605 3271 1702 3333 sic
1749 3269 2037 3333 scribere
2082 3267 2398 3333 voluerit:
2465 3267 2667 3336 levis
2713 3291 2841 3335 ar-

529 3383 845 3441 matura
895 3413 984 3422 —
1043 3375 1489 3458 suceedens
1550 3375 1972 3453 tumulum,
2041 3375 2279 3458 pulsa
2334 3374 2840 3461 detrusaque

529 3489 930 3548 terrorem
989 3486 1070 3548 in
1116 3475 1686 3548 succedentem
1730 3483 2022 3549 intulit
2068 3484 2455 3565 equitem,
2517 3505 2718 3570 quum
2761 3484 2842 3550 li-

530 3598 738 3670 ceret,
803 3591 1013 3656 vitata
1078 3591 1509 3674 repetitione,
1591 3590 2225 3674 subsequentem
2281 3591 2596 3672 scribere,
2664 3593 2844 3674 quod

529 3699 745 3780 ipsum
804 3697 884 3762 de
941 3697 1170 3762 ordine
1228 3698 1507 3779 agminis
1569 3705 1638 3763 et
1693 3700 1948 3763 itineris
2006 3696 2145 3780 (qui
2189 3720 2360 3764 unus
2408 3697 2842 3782 significatur,

528 3825 657 3868 non
718 3806 1005 3886 equitem
1056 3804 1220 3870 levis
1278 3811 1632 3872 armaturae
1690 3807 1835 3870 loco
1894 3828 2182 3890 pugnam
2239 3806 2602 3891 excepisse)
2648 3807 2842 3889 longe

531 3918 631 3976 est
686 3912 1015 3977 usitatius,
1128 3911 1314 3996 (Cap.
1363 3918 1474 3994 29,
1546 3918 1621 3978 11
1688 3914 2003 3997 quoniam
2049 3914 2415 3999 asyndeton
2461 3935 2842 3998 perversum

531 4025 649 4098 est,
695 4019 1117 4085 scribendum
1163 4043 1384 4086 arma
1429 4041 1509 4084 ac
1555 4021 1912 4086 dexterae
1955 4028 2356 4088 texerunt.
2454 4021 2666 4103 1862.)

702 4124 895 4210 *Cap
946 4131 1055 4208 30,
1117 4133 1175 4208 9,
1234 4129 1349 4193 ubi
1395 4129 1642 4193 editur:
1714 4130 1943 4193 cuius
1990 4129 2459 4195 terribilem
2506 4151 2676 4194 eam
2720 4128 2845 4192 fa-

529 4255 723 4299 mam
771 4254 811 4298 a
854 4236 1234 4318 patribus
1281 4237 1838 4319 accepissent,
1899 4236 2316 4302 scribendum
2362 4243 2463 4301 est
2509 4237 2847 4301 terribi-

529 4340 682 4406 lem
738 4343 1046 4406 famam.
1160 4343 1362 4408 Recte
1430 4345 1601 4409 enim
1675 4344 2005 4410 diceretur
2075 4346 2144 4408 in
2201 4344 2712 4409 demonstranda
2767 4357 2848 4410 re

410 4465 417 4470 ·
532 4449 714 4514 clara
780 4450 1243 4515 terribilem
1311 4449 1539 4514 illam
1604 4453 1920 4531 famam3
1988 4453 2056 4517 is
2113 4473 2471 4535 pronomen
2533 4454 2692 4535 poni
2744 4454 2852 4518 ita
