3230 5282
566 618 691 672 Lib.
730 617 931 671 xxm.
1142 573 1147 577 ’
1663 605 1784 666 316

573 789 771 873 pelli
819 789 1211 853 vinum'ut
1257 794 1604 871 potaret,
1651 809 1920 872 prorsus
1967 789 2255 854 alienum
2303 797 2404 854 est
2448 790 2578 855 vini
2625 812 2880 872 nomen,

572 901 671 963 ita
714 896 1077 980 praesertim
1123 896 1442 980 positum,
1511 903 1587 962 ut
1645 896 1976 979 singulare
2023 896 2293 979 aliquod
2338 898 2596 981 pondus
2641 897 2885 965 habere

572 1007 905 1085 videatur3
971 1024 1186 1087 neque
1245 1006 1419 1069 enim
1475 1005 1601 1070 nisi
1661 1006 1881 1069 vinum
1942 1004 2104 1085 (sive
2159 1027 2410 1070 merum
2456 1007 2589 1070 sive
2633 1013 2884 1090 tempe-

573 1113 821 1194 ratum)
869 1112 1225 1197 potabant3
1283 1113 1511 1196 itaque
1557 1113 1901 1197 potandi
1946 1113 2166 1191 verbo,
2223 1134 2358 1177 non
2401 1115 2565 1179 vini
2614 1121 2886 1180 strenua

577 1221 852 1286 convivii
899 1220 1321 1303 participatio
1367 1221 1544 1303 apud
1590 1227 1848 1286 veteres
1895 1220 2326 1302 significanda
2371 1227 2534 1301 erat,
2592 1222 2885 1306 latetque

575 1330 646 1395 id
704 1328 973 1394 verbum
1027 1328 1095 1391 in
1155 1328 1397 1393 litteris
1455 1328 1648 1395 foede
1707 1329 2050 1394 distractis
2097 1335 2164 1393 et
2207 1329 2611 1412 perturbatis
2656 1331 2888 1396 hola-

576 1438 869 1515 vinum,
923 1436 1053 1501 hoc
1099 1442 1220 1515 est,
1278 1436 1743 1519 potandum.
1844 1435 2179 1501 Habemus
2224 1438 2426 1520 igitur
2469 1438 2610 1502 haec
2654 1435 2888 1503 funda-

577 1553 801 1610 menta
845 1550 913 1608 et
956 1542 1128 1607 hanc
1173 1543 1450 1608 formam
1495 1544 1624 1610 loci
1660 1544 2039 1629 supplendi:
2087 1544 2304 1610 Unus
2348 1566 2492 1610 nec
2538 1545 2890 1611 domino-

578 1675 747 1718 rum
804 1652 1307 1717 invitatione
1363 1673 1511 1716 nec
1567 1652 1835 1735 ipsius
1893 1653 2034 1717 int.
2095 1652 2594 1719 Hannibalis
2653 1653 2890 1719 Cala-

579 1761 757 1825 vius
818 1759 1051 1824 filius
1108 1780 1249 1843 per
1304 1759 1398 1840 ††
1453 1760 1894 1843 potandum
1951 1762 2246 1842 potuit.
2358 1760 2621 1826 Excidit
2677 1761 2891 1827 infini-

579 1870 749 1933 tivus
805 1873 871 1932 et
915 1867 1041 1946 ad3
1095 1867 1324 1951 itaque
1370 1867 1658 1947 adscito,
1716 1867 1893 1949 quod
1937 1869 2005 1932 in
2051 1869 2275 1934 codice
2318 1870 2565 1934 recenti
2611 1869 2893 1949 (Beroli-

582 1976 796 2058 nensi)
856 1976 1018 2039 scite
1074 1976 1516 2057 excogitatum
1574 1976 1856 2058 legitur,
1924 1976 2129 2041 verbo
2188 1977 2383 2057 satis,
2450 1982 2526 2040 ut
2571 1978 2636 2040 in
2684 1999 2754 2041 re
2798 1978 2896 2042 in-

584 2091 784 2163 certa,
848 2081 1287 2167 probabiliter
1332 2083 1436 2146 edi
1483 2083 1762 2165 poterit:
1833 2082 2216 2149 Calavius
2261 2084 2496 2149 filius
2544 2084 2893 2168 perpelli

587 2193 683 2258 ad
749 2189 1192 2275 potandum
1258 2189 1630 2272 potuit.¹)
1742 2190 1993 2256 Eodem
2052 2193 2269 2274 capite
2330 2192 2363 2273 ξ
2425 2196 2462 2255 9
2524 2194 2620 2256 sic
2673 2194 2741 2256 in
2788 2214 2894 2257 co-

590 2299 844 2364 dicibus
914 2296 1043 2362 fide
1102 2297 1315 2380 dignis
1374 2297 1714 2362 scribitur:
1797 2297 2276 2378 Consilium,
2343 2299 2620 2380 inquit
2676 2299 2896 2379 (Cala-

589 2408 733 2471 vius
779 2405 1011 2487 filius),
1072 2404 1372 2484 adfero,
1428 2412 1680 2489 pater,
1729 2427 1881 2488 quo
1928 2427 2082 2472 non
2130 2407 2364 2472 venia
2409 2407 2667 2471 solum
2711 2428 2897 2491 pec-

590 2515 784 2591 cati,
864 2512 1074 2596 quod
1144 2511 1591 2577 defecimus
1659 2514 1754 2578 ad
1823 2513 2389 2593 Hannibalem,
2455 2516 2896 2597 impetraui

590 2625 712 2689 (sic
757 2622 807 2686 P
854 2644 937 2686 m.
993 2627 1056 2701 13
1125 2640 1297 2685 man.
1346 2624 1384 2684 2
1431 2618 1552 2685 CM
1598 2622 1933 2704 ceterique
1979 2621 2435 2705 impetrari)
2484 2622 2578 2687 ab
2626 2622 2897 2688 Roma·

590 2734 713 2797 nis
774 2738 851 2795 et
906 2732 986 2795 in
1044 2729 1296 2794 multo
1353 2731 1656 2794 maiore
1714 2730 2126 2812 dignitate
2186 2737 2264 2795 et
2322 2731 2592 2813 gratia
2650 2733 2900 2797 simus

592 2839 975 2924 Campani
1033 2858 1260 2920 quam
1322 2858 1664 2920 unquam
1723 2837 2039 2903 fuimus.
2142 2838 2361 2916 Recte,
2408 2839 2661 2921 opinor,
2709 2839 2900 2903 Valla

591 2957 657 3015 et
713 2948 1037 3014 editiones
1094 2945 1181 3010 ad
1237 2953 1535 3010 nostram
1581 2952 1879 3010 aetatem:
1951 2946 2257 3009 veniam
2303 2943 2599 3028 (venia)
2647 2948 2898 3029 impe·

592 3057 893 3122 traturi
952 3054 1097 3136 (cfr.
1146 3053 1226 3117 de
1274 3053 1598 3117 similibus
1646 3053 1898 3118 mendis
1946 3053 2191 3117 codicis
2241 3053 2515 3117 Vindob.
2566 3056 2653 3119 ad
2697 3054 2898 3132 XLII,

592 3171 707 3242 25,
765 3165 863 3244 8);
920 3162 1035 3228 sed
1079 3162 1222 3226 iure
1267 3168 1578 3243 negatur,
1638 3163 1893 3226 simus
1941 3159 2136 3225 simul
2181 3180 2328 3224 cum
2375 3162 2902 3245 impetraturi

592 3272 897 3352 coniungi
953 3278 1019 3335 et
1074 3270 1140 3333 in
1200 3268 1415 3335 altero
1476 3270 1766 3334 membro
1822 3268 2126 3334 absolute
2186 3269 2328 3333 sine
2373 3271 2722 3353 participio
2770 3270 2898 3333 dici

590 3400 816 3463 posse,
896 3397 1098 3460 quum
1175 3379 1543 3459 praesertim
1610 3377 1786 3441 idem
1855 3383 2114 3459 tempus
2183 3384 2466 3459 utroque
2531 3378 2677 3444 loco
2743 3379 2899 3460 poni
3006 3385 3022 3394 ’

593 3486 854 3551 debeat.
965 3484 1199 3566 Itaque
1268 3484 1363 3548 sic
1422 3483 1841 3548 scribendum
1889 3492 2082 3566 puto:
2152 3508 2306 3568 quo
2373 3507 2525 3550 non
2589 3486 2898 3549 veniam

593 3593 846 3658 solum
910 3627 995 3637 —
1060 3591 1597 3674 impetraturi
1667 3591 1762 3655 ab
1832 3590 2245 3671 RomaniS‚
2314 3598 2438 3657 set
2503 3595 2584 3656 in
2651 3594 2899 3657 multo

424 3717 564 3786 (260)
600 3700 907 3764 maiore
964 3698 1371 3781 dignitate
1425 3705 1504 3763 et
1558 3699 1831 3780 gratia
1887 3700 2138 3764 simus
2186 3699 2598 3783 Campani,
2669 3722 2900 3783 quam

648 3953 694 4019 ¹)
735 3952 929 4021 [Recte
992 3950 1157 4006 Valla
1233 3953 1850 4020 perturbationem.
1960 3951 2457 4008 Interturbare
2526 3953 2676 4023 apud
2751 3954 2901 4007 solos

730 4039 977 4094 comicos
1013 4037 1219 4106 legitur
1245 4037 1314 4092 de
1342 4039 1428 4106 iis,
1460 4038 1554 4106 qui
1580 4038 1948 4108 interpellant
1974 4043 2029 4092 et
2056 4038 2378 4093 interventu
2405 4036 2679 4106 turbant]
2725 4038 2903 4093 Paulo

731 4131 860 4177 ante
900 4121 1030 4190 (§6)
1069 4139 1198 4177 vere
1234 4122 1613 4192 Kreyssigius:
1652 4123 2016 4178 in-domo
2054 4123 2183 4177 diti
2223 4140 2295 4178 ac
2333 4124 2713 4191 luxuriosa,
2752 4123 2904 4192 quod

730 4226 960 4278 prorsus
1022 4206 1268 4262 efficitur
1320 4226 1388 4263 ex
1431 4208 1688 4277 vestigiis
1732 4210 1937 4263 veteris
1983 4210 2277 4277 scripturfe
2329 4209 2897 4275 (mododiuadua·

732 4294 973 4360 riona),
1029 4293 1205 4347 nihilo
1256 4293 1523 4347 incertius
1563 4310 1728 4361 quam
1766 4293 1988 4348 infinita
2023 4294 2156 4360 alia,
2212 4311 2336 4361 quae
2375 4311 2444 4348 ex
2479 4295 2821 4363 perturbatis
2858 4294 2904 4346 P

733 4380 940 4433 litteris
978 4383 1273 4444 eruuntur3
1331 4378 1561 4432 domus
1609 4377 1725 4432 diu
1771 4380 2128 4434 luxuriosa
2175 4396 2281 4448 pro
2331 4395 2425 4446 e0‚
2481 4379 2630 4447 quod
2667 4385 2755 4433 est
2789 4395 2898 4433 ve·

615 4497 627 4509 ·
732 4465 902 4519 teris
941 4464 1252 4530 luxuriae,
1290 4463 1405 4518 dici
1440 4464 1653 4532 nequit.
