3230 5282
678 600 800 654 Lib.
837 599 1031 654 xmv.
1626 661 1633 666 ‚
1768 589 1890 650 702

853 770 1005 855 Cap.
1056 776 1152 850 33,
1210 778 1236 836 1
1305 773 1486 856 (post
1529 773 1862 850 lacunam,
1931 773 2041 838 ubi
2112 773 2192 838 de
2248 772 2319 837 L.
2380 773 2647 840 AEmilio
2718 776 2985 840 consule

682 901 868 965 aquae
907 880 1160 964 inopiae‚
1196 902 1329 963 qua
1365 882 1697 945 exercitus
1730 881 2096 961 laborabat,
2137 903 2520 947 succurrere
2558 891 2799 948 conato
2833 906 2986 948 nar·

680 987 927 1070 ratur):
995 989 1415 1054 Postremo
1477 990 1710 1072 sequi
1778 1010 1856 1055 se
1916 991 2281 1055 utrarios
2327 991 2425 1055 ad
2471 1011 2724 1069 mare,
2769 991 2985 1075 quod

680 1098 943 1162 minus
990 1103 1415 1162 trecentos
1461 1119 1750 1181 passus
1796 1097 2121 1176 aberat,
2185 1100 2439 1164 iussit
2494 1106 2573 1163 et
2616 1099 2694 1163 in
2739 1083 2991 1165 litore

681 1206 889 1271 alios
934 1205 1138 1271 alibi
1197 1205 1547 1270 modicis
1617 1206 2091 1271 intervallis
2158 1206 2457 1272 fodere.
2547 1206 2990 1285 Utrariorum‚

683 1314 859 1399 quod
903 1336 1139 1380 nomen
1185 1312 1342 1378 alibi
1407 1336 1543 1378 non
1588 1296 1949 1398 reperitur,
2007 1315 2153 1398 quis
2211 1337 2371 1380 usus
2416 1315 2614 1380 fuerit
2657 1316 2724 1379 in
2771 1317 2992 1398 puteis

682 1423 1026 1501 fodiendiS,
1064 1421 1328 1487 difficile
1367 1427 1464 1485 est
1505 1421 1877 1502 intellectu3
1925 1423 1980 1486 si
2015 1443 2202 1506 aquae
2237 1425 2427 1507 copia
2461 1434 2700 1507 parata
2732 1423 2992 1500 fuisset,

681 1532 939 1597 utribus
986 1552 1129 1596 eam
1172 1531 1240 1594 in
1287 1536 1510 1595 castra
1552 1530 1799 1595 milites
1845 1531 1975 1615 ipsi
2020 1537 2427 1614 portassent,
2472 1553 2601 1596 non
2648 1533 2995 1614 proprium

684 1639 953 1722 aliquod
1040 1639 1374 1703 hominum
1460 1659 1683 1721 genus.
1774 1637 2025 1705 Codex:
2118 1641 2349 1723 sequi
2440 1638 2989 1705 sedutrari08.

687 1748 906 1813 Livius
974 1748 1356 1830 scripserat:
1428 1747 1660 1831 sequi
1704 1768 1783 1812 se
1828 1747 2224 1828 putearios
2272 1747 2334 1828 (p
2392 1770 2513 1831 pro
2559 1747 2646 1828 «1).
2740 1747 2996 1813 Eorum

683 1855 789 1921 hic
833 1856 1024 1921 labor
1068 1861 1213 1920 erat
1256 1862 1602 1939 puteorum
1636 1854 2119 1935 fodiendorum3
2165 1877 2399 1921 nomen
2436 1862 2539 1921 est
2576 1857 2779 1921 etiam
2813 1856 2997 1940 apud

511 1962 656 2033 (583)
694 1963 977 2029 Plinium
1022 1965 1355 2029 Maiorem.
1447 1963 1637 2041 Quod
1694 1971 1915 2028 autem
1961 1964 2307 2029 subiicitur
2352 1962 2413 2046 (ἓ
2460 1965 2546 2046 2),
2592 1971 2851 2030 montes
2896 1967 2997 2030 in-

687 2075 898 2156 gentis
966 2072 1338 2137 altitudinis
1407 2093 1590 2155 spem
1656 2072 1907 2151 fecisse,
1978 2094 2065 2137 eo
2125 2074 2418 2155 magis,
2477 2073 2669 2155 quia
2714 2073 2998 2138 nullos

689 2188 1021 2265 apertos
1069 2184 1545 2262 evergerent
1588 2181 1835 2259 rivos,
1896 2181 2263 2245 occultos
2311 2183 2736 2246 continere
2784 2179 2998 2263 (recte

688 2287 1019 2353 Dukerus:
1068 2287 1504 2368 contineri)
1549 2287 1886 2367 latices,
1933 2310 2064 2353 non
2107 2288 2318 2355 solum
2361 2289 2520 2354 alibi
2563 2311 2697 2355 non
2745 2292 2999 2372 reperi-

687 2403 797 2461 tur
866 2417 1282 2478 evergere,
1354 2395 1474 2460 sed
1538 2417 1620 2460 ne
1679 2417 2015 2479 vergere
2073 2396 2334 2480 quidem
2390 2398 2605 2481 ipsum
2650 2399 3000 2463 transitive

606 2583 614 2591 Ι
688 2505 931 2569 (licitur
975 2504 1102 2568 nisi
1148 2504 1324 2587 apud
1370 2511 1600 2587 poetas
1650 2501 2129 2588 significatione
2164 2504 2294 2570 alio
2329 2505 2709 2582 inclinante,
2759 2505 2843 2570 de
2881 2507 3001 2571 hu·

689 2634 868 2678 more
913 2613 979 2677 in
1025 2633 1139 2677 vas
1185 2611 1583 2678 infundendo
1633 2611 2075 2696 (eingiessen).
2165 2613 2240 2677 In
2285 2612 2507 2680 codice
2564 2619 2696 2680 est:
2769 2634 3000 2680 ever-

688 2724 1181 2803 genttrivos3
1251 2721 1391 2785 fieri
1448 2727 1700 2804 potest,
1770 2729 1843 2786 ut
1904 2722 2221 2804 scriptum
2265 2721 2466 2787 fuerit
2510 2722 2667 2787 olim
2723 2744 2999 2805 egere·

685 2839 867 2896 rent
912 2836 1029 2895 aut
1075 2832 1491 2911 erigerent
1536 2828 1955 2910 (ἀναπέμπειν).
2046 2829 2252 2894 Paulo
2299 2835 2454 2912 post
2499 2827 2561 2912 (ξ
2608 2829 2691 2912 5),
2749 2830 2867 2895 ubi
2915 2829 2997 2895 de

685 2940 1005 3004 institutis
1049 2938 1295 3003 AEmilii
1338 2939 1408 3004 in
1437 2954 1440 2957 ’
1465 2960 1536 3003 re
1592 2937 1865 3002 militari
1921 2938 2168 3020 agitur,
2237 2938 2375 3002 haec
2440 2938 2778 3019 leguntur:
2847 2937 2996 3002 His

690 3050 891 3114 satis
939 3046 1392 3132 exploratis
1439 3045 1585 3110 illa
1630 3066 1949 3128 quoque
1996 3046 2371 3129 primum,
2434 3051 2522 3110 ut
2566 3045 2854 3111 ordine
2906 3067 2992 3110 ac

687 3158 856 3223 sine
923 3156 1280 3221 tumultu
1343 3155 1607 3218 omnia
1653 3153 1752 3217 ad
1809 3160 2084 3219 nutum
2128 3154 2711 3237 imperiumque
2761 3154 2992 3218 ducis

686 3265 1017 3343 fierent,
1077 3262 1455 3347 providit.
1545 3260 1692 3325 Non
1738 3269 1955 3344 potest
1999 3263 2092 3343 sic
2135 3262 2505 3344 pronomini
2550 3260 2826 3343 pluralis
2871 3283 2993 3325 nu-

687 3374 867 3453 meri,
936 3391 1033 3449 ea,
1102 3392 1245 3453 quae
1312 3370 1728 3434 subiecturus
1796 3371 2080 3453 scriptor
2160 3376 2289 3449 est,
2357 3370 2654 3434 universe
2722 3369 2990 3434 demon-

687 3480 942 3558 stranti,
988 3480 1230 3557 statim,
1274 3477 1563 3542 nondum
1606 3477 1826 3560 posito
1885 3478 2101 3557 verb0,
2150 3477 2453 3560 subiungi
2499 3477 2877 3560 partitionis
2925 3484 2991 3540 et

685 3588 877 3671 primi
922 3586 1195 3651 membri
1237 3593 1421 3651 nota.
1444 3585 1513 3669 (p
1528 3586 1873 3668 rimum);
1940 3606 2209 3669 prorsus
2254 3586 2427 3651 enim
2481 3585 2878 3650 obscuratur
2924 3590 2993 3649 et

686 3696 1000 3760 evertitur
1043 3696 1190 3778 ipsa
1234 3695 1706 3759 demonstratio
1776 3701 1842 3758 et
1899 3694 2303 3777 pronominis
2363 3691 2776 3777 significatio.
2866 3692 2990 3757 Po-

685 3809 861 3867 terat
908 3801 1068 3866 dici:
1132 3802 1285 3866 illa
1350 3822 1666 3885 quoque
1734 3802 2143 3884 providit,
2210 3802 2546 3886 primum
2591 3805 2677 3865 ut
2722 3805 2869 3877 cet.¹
2916 3806 2989 3863 ut

686 3931 804 3994 pro
872 3910 1079 3975 altero
1147 3909 1437 3974 membro
1517 3908 1752 3973 deinde
1830 3916 2086 3975 mutata
2150 3916 2484 3975 structura
2549 3906 2987 3973 subiiceretur

685 4018 877 4083 illud:
945 4017 1261 4102 Vigiles
1309 4020 1555 4082 etiam
1602 4023 1724 4081 cet.
1816 4016 2226 4101 Quamquam
2281 4017 2389 4082 hic
2436 4035 2698 4101 quoque
2744 4034 2987 4098 prono-

685 4127 877 4191 minis
922 4147 1097 4206 usus,
1144 4126 1400 4191 adiecto
1447 4126 1810 4209 praesertim
1845 4127 2273 4207 -anacoluth0‚
2319 4124 2654 4191 Ciceronis
2700 4122 2985 4188 orationi

684 4234 892 4315 magis
938 4235 1312 4298 conveniret
1355 4255 1550 4316 quam
1594 4232 1781 4298 Livii.
1870 4234 2126 4299 Accidit
2168 4234 2292 4313 hic,
2337 4233 2514 4318 quod
2558 4233 2624 4296 in
2670 4230 2981 4314 proximis

684 4343 1131 4426 superioribus
1198 4342 1515 4407 accidisse
1560 4343 1993 4420 recentiorem,
2053 4343 2314 4425 cognita
2371 4341 2613 4406 codicis
2660 4340 2982 4423 scriptura

685 4450 747 4533 (ἓ
794 4454 868 4515 4ἑ
937 4452 1112 4535 ipse
1160 4472 1328 4516 cum
1385 4449 1748 4515 tribunis
1809 4451 2284 4534 primisquae
2342 4447 2771 4517 ordinibus
2817 4465 2978 4530 quae
