3230 5282
1484 607 1606 666 441
2016 633 2023 640 ’
2369 620 2494 674 Lib.
2532 619 2702 674 XXX.

385 789 517 872 ipsi
563 789 855 855 editores
900 791 967 854 in
1015 811 1094 855 ea
1138 789 1548 874 expedienda
1592 790 1774 856 nullo
1822 790 2015 856 modo
2062 790 2190 855 sibi
2226 788 2700 856 satisfecerant.

392 896 670 963 Ostendi
725 897 890 977 illic,
963 904 1031 962 et
1097 919 1176 963 ex
1241 899 1352 975 iis,
1423 918 1565 980 quae
1625 898 2042 982 praecedunt,
2111 904 2179 963 et
2235 919 2315 964 ex
2370 899 2485 977 iis,
2555 920 2702 981 quae

390 1010 762 1089 sequuntur
851 1005 1110 1087 (nulla
1187 1027 1469 1089 magna
1549 1007 1849 1071 civitas
1930 1005 2113 1086 cet),
2208 1006 2700 1090 apertissimum

391 1134 557 1191 esse,
613 1113 1054 1179 Hannibalem
1103 1136 1237 1180 non
1283 1114 1364 1178 de
1411 1113 1595 1178 odio
1642 1113 1842 1195 loqui,
1891 1113 2134 1178 sed-de
2185 1115 2372 1192 otio,
2418 1120 2485 1178 et
2531 1113 2701 1178 hanc

390 1242 532 1286 esse
592 1222 1013 1300 sententiam,
1069 1219 1242 1286 falsa
1298 1226 1367 1286 ct
1410 1222 1590 1285 inani
1637 1221 2108 1286 consolationis
2155 1223 2369 1304 specie
2416 1220 2584 1298 ludi,
2643 1222 2699 1286 si

390 1329 502 1413 qui
557 1329 677 1394 illa
720 1350 1056 1395 armorum
1101 1330 1497 1413 naviumque
1544 1329 1962 1412 ademptione
2009 1336 2075 1393 et
2118 1329 2445 1394 bellorum
2490 1329 2691 1394 inter·
2727 1342 2868 1412 (360)

391 1436 678 1502 dictione
748 1437 885 1502 otio
953 1458 1068 1501 suo
1136 1436 1512 1502 consultum
1580 1443 1922 1520 putarent;
1989 1459 2110 1520 pro
2179 1437 2464 1502 externis
2531 1437 2702 1502 enim

387 1544 581 1609 bellis
648 1546 946 1610 internas
1014 1544 1248 1610 turbas
1306 1546 1650 1609 saevituras
1708 1566 1872 1610 esse.
1985 1545 2222 1628 Itaque
2281 1544 2701 1610 scribendum

390 1673 532 1716 esse
591 1652 756 1716 dixi:
825 1673 971 1717 nec
1037 1657 1192 1731 est,
1261 1674 1400 1716 cur
1467 1674 1604 1717 vos
1679 1654 1850 1716 otio
1907 1659 2185 1717 vestro
2243 1653 2700 1717 consultum

389 1758 485 1824 ab
555 1759 937 1825 Romanis
1005 1759 1396 1825 credatis.
1520 1761 1614 1824 Ac
1682 1759 2285 1839 Weissenbornius,
2365 1783 2563 1843 quum
2634 1762 2700 1824 in

389 1867 679 1932 editione
724 1867 1184 1932 Teubneriana
1241 1868 1648 1951 scripsisset,
1724 1866 1967 1946 „idem‚
2036 1867 2212 1950 quod
2271 1889 2391 1951 ego
2449 1868 2700 1947 vellem,

390 1975 689 2040 codicum
765 1975 1049 2040 lectione
1117 1977 1366 2040 maiore
1436 1977 1637 2040 etiam
1706 1976 1766 2038 vi
1834 1974 2151 2039 indicari“
2228 1974 2432 2057 (quod
2501 1977 2699 2060 quale

388 2084 501 2161 sit,
561 2104 641 2147 ne
696 2105 813 2166 per
868 2082 1170 2147 umbram
1227 2083 1492 2166 quidem
1537 2082 1907 2164 intellego),
1966 2088 2201 2165 postea
2246 2083 2487 2148 edidit:
2557 2104 2701 2147 nec

389 2211 636 2254 causa
693 2197 848 2270 est,
906 2212 1046 2255 cur
1100 2212 1240 2255 vos
1300 2192 1469 2255 otio
1516 2197 1799 2255 vestro
1848 2212 1901 2254 c.
1950 2211 1989 2254 a
2034 2191 2109 2256 R.
2159 2212 2244 2269 c.‚
2305 2191 2567 2255 adiecto
2615 2191 2700 2255 ad

389 2318 601 2362 meam
668 2297 1193 2362 emendationem
1258 2297 1583 2363 vocabulo
1646 2319 1927 2377 causa,
1998 2297 2229 2378 credo,
2295 2306 2370 2363 ut
2427 2301 2701 2382 propius

389 2404 736 2470 accederet
802 2405 887 2470 ad
954 2427 1288 2471 necesse
1357 2411 1512 2485 est;
1591 2427 1713 2489 ego
1781 2406 1906 2470 hoc
1974 2427 2178 2490 prava
2243 2408 2701 2471 coniunctione

392 2512 758 2594 (necest),
837 2512 989 2578 dein
1067 2515 1510 2595 geminatione
1578 2513 1952 2578 litterarum
2021 2521 2238 2579 ortum
2307 2536 2451 2580 esse
2521 2521 2700 2598 put0,

391 2619 940 2704 quemadmodum
985 2643 1038 2686 c.
1087 2625 1200 2702 21,
1259 2627 1328 2701 9,
1395 2644 1595 2704 quum
1656 2644 1735 2687 ex
1794 2644 1933 2687 nec
1991 2644 2164 2688 esse
2221 2620 2472 2688 factum
2529 2628 2702 2688 esset

391 2749 758 2808 necesse,
816 2729 1116 2794 additum
1162 2736 1263 2795 est
1308 2730 1483 2794 fuit.
1588 2730 1716 2796 Sed
1764 2735 1985 2795 tamen
2032 2732 2199 2796 adeo
2248 2753 2380 2795 non
2426 2730 2701 2795 firmiter

393 2836 963 2902 Weissenbornius
1019 2859 1242 2903 verum
1289 2840 1533 2916 tenuit,
1592 2844 1693 2916 ut,
1750 2838 2051 2921 relapsus
2108 2837 2193 2901 ad
2241 2837 2529 2917 odium,
2594 2839 2700 2902 Li-

389 2946 565 3008 vium
610 2944 892 3010 fortasse
939 2946 1278 3028 scripsisse
1317 2947 1795 3029 suspicaretur:
1845 2966 1985 3010 nec
2032 2966 2279 3010 causa
2325 2952 2464 3023 est,
2514 2947 2702 3029 quin

391 3052 598 3117 odio.
678 3050 851 3129 Quid
898 3054 1024 3117 erit
1068 3054 1271 3137 igitur
1315 3053 1458 3132 hoc,
1504 3054 1907 3117 Romanos
1954 3052 2467 3117 consuluisse
2516 3053 2699 3117 odio

392 3158 1249 3243 Carthaginiensium?

569 3265 727 3351 Cap.
775 3272 891 3346 45,
943 3272 1005 3353 ‚7
1067 3268 1417 3334 edebatur:
1488 3289 1999 3353 nequaquam
2054 3268 2407 3333 victoria
2462 3289 2700 3351 pares

395 3374 749 3455 (homines)
807 3376 1176 3459 insignes
1235 3378 1672 3459 imaginum
1730 3376 2030 3441 titulos
2088 3375 2482 3459 claraque
2529 3397 2701 3459 cog·

392 3485 712 3549 nomina
758 3483 1091 3548 familiae
1136 3483 1429 3549 fecere.
1510 3484 2076 3549 Weissenbornius
2124 3505 2158 3548 e
2202 3483 2431 3549 Bamb.
2481 3486 2703 3569 posuit

390 3592 708 3657 nomina
763 3591 1093 3656 familiae
1151 3593 1610 3676 liquerunt,
1679 3591 1882 3657 verbo
1941 3592 2201 3674 poetico
2249 3598 2316 3657 et
2362 3593 2700 3670 inusitatO,

392 3721 522 3782 quo
550 3699 772 3763 Livius
807 3701 1094 3764 omnium
1133 3701 1394 3764 minime
1418 3698 1659 3763 librum
1685 3699 2181 3780 conclusissset;
2206 3701 2423 3783 agitur
2447 3700 2525 3765 de
2551 3720 2704 3783 cog-

390 3806 786 3886 nominibus,
830 3827 961 3871 non
1008 3806 1087 3870 de
1133 3807 1523 3872 nominibus.
1593 3807 1753 3872 Pall.
1810 3812 1837 3870 1
1889 3812 1956 3872 et
2002 3812 2039 3871 2
2085 3809 2560 3891 cognomina
2595 3808 2703 3873 fa-

390 3913 632 3978 miliae
683 3914 1177 3995 habuerunt3
1227 3914 1643 3980 Colbertinus
1685 3917 2163 3998 cognomina
2201 3916 2702 3981 familiarum

533 4193 694 4259 tavit,
734 4193 891 4247 odio
929 4192 1618 4262 Carthaginiensium
1655 4194 2020 4249 consulere
2057 4212 2201 4249 esse:
2238 4195 2298 4248 id
2336 4200 2603 4264 spectare,
2640 4201 2704 4249 ut

532 4278 1022 4347 Carthaginienses
1061 4278 1206 4333 odiis
1243 4279 1525 4335 intestinis
1563 4298 1623 4334 se
1663 4278 1966 4335 conficiant
2001 4285 2059 4334 et
2088 4279 2346 4349 perdant,
2383 4285 2442 4334 et
2477 4297 2702 4335 necesse

529 4381 665 4431 esse,
706 4364 1198 4432 Carthaginienses
1234 4365 1487 4434 credant,
1525 4366 1634 4421 hoc
1670 4366 1954 4421 Romanos
1991 4366 2151 4419 velle.
