3230 5282
1541 627 1571 685 l
1585 624 1614 684 l
1625 624 1663 685 '7
2501 636 2627 692 Lib.
2664 636 2758 691 1v.

439 808 1024 893 populabundi
1112 808 1722 874 descenderent
1798 811 1879 874 in
1957 830 2229 892 agrum
2306 810 2757 876 Romanum.

437 916 589 983 Duo
646 918 717 982 in
771 917 900 984 hoc
954 917 1305 984 verborum
1363 917 1644 982 circuitu
1689 916 2041 984 manifesta
2085 918 2542 984 additamenta
2586 925 2759 999 sunt,

438 1048 645 1091 unum
690 1046 734 1091 a
779 1026 852 1091 T.
898 1025 1119 1091 Fabro
1165 1025 1726 1106 animadversum,
1785 1028 1891 1092 cui
1935 1045 2104 1093 unus
2147 1027 2373 1111 paruit
2418 1027 2575 1092 civis
2621 1028 2761 1093 eius

434 1132 632 1218 longe
675 1122 952 1199 inferior
993 1133 1365 1200 Douiatius.
1454 1133 1627 1199 Nam
1670 1135 1988 1219 pestilens
2034 1154 2244 1202 annus
2288 1156 2421 1201 non
2464 1142 2758 1200 metum

434 1243 773 1308 vastitatis
819 1242 1043 1321 efficit,
1101 1242 1219 1308 sed
1262 1243 1771 1324 vastitatem,
1820 1266 1942 1310 nec
1986 1249 2201 1309 metus
2244 1245 2591 1324 vastitatis,
2639 1243 2793 1309 sed·

435 1352 722 1417 vastitas
778 1357 877 1430 et,
946 1350 1223 1416 desertis
1268 1351 1447 1434 agris
1493 1350 1962 1435 domibusque,
2028 1352 2184 1435 fuga
2228 1352 2566 1417 hominum
2609 1374 2757 1436 pro-

437 1459 660 1539 hibet,
717 1481 801 1525 ne
848 1460 1195 1543 quisquam
1240 1458 1580 1543 praedandi
1625 1480 1829 1525 causa
1874 1467 2083 1526 exeat.
2187 1459 2421 1541 Itaque
2466 1466 2756 1525 metum
2804 1530 2808 1534 Α

435 1574 722 1653 apparet
764 1568 850 1633 ab
895 1568 1121 1652 aliquo
1167 1567 1496 1647 additum,
1566 1568 1680 1650 qui
1723 1589 1854 1634 non
1899 1568 2313 1647 attendisset,
2383 1589 2511 1650 quo
2559 1568 2757 1650 signi-

435 1676 644 1742 ficatu
686 1682 1002 1742 tantum
1045 1676 1487 1742 vastitatis
1534 1675 1886 1742 diceretur.
1985 1676 2159 1742 Illud
2204 1676 2573 1742 cuiusmodi
2619 1698 2760 1742 esse

437 1785 687 1864 dicam,
755 1784 933 1868 quod
976 1784 1550 1850 Weissenbornius
1605 1784 1694 1849 ad
1752 1784 2233 1850 defendendum
2287 1784 2462 1849 hunc
2518 1792 2761 1851 metum

443 1894 785 1959 vastitatis
853 1893 1192 1976 pestilenti
1249 1913 1422 1959 anno
1483 1891 1792 1959 effectum
1844 1899 2216 1977 comparat,
2286 1892 2463 1974 quod
2517 1893 2757 1972 XXIII,

448 2006 554 2080 14,
601 2005 639 2066 ¹7
684 2001 1005 2081 homineS,
1073 2002 1188 2083 qui
1232 2003 1488 2080 timent,
1556 2023 1639 2066 ne
1685 2021 1881 2083 agros
1929 2022 2086 2067 suos
2130 2001 2343 2066 hostis
2386 2001 2760 2085 populetur,

435 2116 689 2174 metum
767 2130 1076 2191 agrorum
1140 2108 1594 2194 populationis
1661 2130 2030 2194 proponere
2099 2109 2332 2174 animis
2402 2109 2756 2176 dicuntur?

437 2216 695 2283 Deinde
754 2224 977 2283 autem
1033 2217 1317 2302 pupugit
1372 2217 1667 2281 animum
1724 2216 2061 2301 diligentis
2107 2218 2420 2297 hominis,
2487 2218 2756 2298 Dukeri,

437 2345 844 2391 murorum
909 2326 994 2392 ab
1064 2325 1364 2409 oppido
1434 2326 1769 2409 separatio
1837 2325 2005 2408 (aut
2070 2347 2243 2409 opp.
2312 2333 2453 2390 aut
2515 2333 2755 2393 mont.

436 2441 585 2498 aut
637 2434 955 2515 muris);
1019 2435 1247 2516 itaque
1304 2454 1528 2499 muros
1584 2433 2010 2499 castellorum
2054 2440 2172 2499 aut
2215 2434 2504 2498 vicorum
2547 2436 2756 2500 muni-

434 2548 659 2606 torum
727 2541 1209 2625 intellegendos
1275 2547 1485 2625 putat.
1610 2540 1740 2607 Sed
1806 2562 2018 2624 neque
2084 2562 2349 2607 muros
2417 2544 2511 2607 sic
2578 2545 2757 2626 quis-

437 2672 643 2734 quam
688 2651 995 2718 absolute
1040 2651 1239 2730 dixit,
1306 2652 1670 2734 praesertim
1726 2650 1970 2735 oppido
2028 2651 2096 2715 in
2153 2651 2384 2716 eadem
2432 2654 2759 2717 sententia

433 2757 809 2842 appellato,
877 2777 1088 2841 neque
1145 2758 1521 2824 huiusmodi
1579 2759 1856 2825 castella
1907 2759 2112 2824 muris
2157 2760 2413 2825 munita
2455 2761 2523 2824 in
2566 2760 2757 2825 Fide-

434 2867 580 2930 nati
645 2887 809 2950 agro
879 2873 997 2932 aut
1063 2872 1661 2932 commemorantur
1727 2888 2015 2949 unquam
2083 2888 2125 2932 a
2178 2867 2360 2934 Livio
2429 2874 2546 2933 aut
2613 2890 2756 2934 esse

431 2980 814 3058 potuerunt.
937 2974 1214 3041 Addidit
1292 2981 1432 3040 aut
1509 2974 1808 3059 oppido
1888 2974 2157 3058 aliquis,
2239 2976 2352 3060 qui
2434 2976 2750 3061 oppidum

430 3101 771 3148 murorum
827 3083 1273 3167 appellatione
1331 3083 1657 3149 contineri
1702 3104 1831 3148 non
1875 3082 2160 3147 videbat.
2275 3082 2571 3165 [Omittit
2614 3085 2754 3150 haec

431 3189 638 3256 verba
695 3191 903 3256 codex
960 3191 1379 3258 Veronensis.
1491 3190 1805 3273 Idemque
1863 3189 2206 3256 confirmat
2260 3190 2549 3273 Ussingii
2605 3213 2756 3257 con-

428 3298 760 3363 iecturam
797 3298 1043 3381 (1861),
1080 3319 1236 3364 non
1282 3305 1437 3364 ante
1473 3300 1746 3364 exiret
1778 3298 2143 3364 tollendum
2179 3319 2353 3377 esse3
2404 3299 2545 3364 iure
2582 3301 2755 3365 enim

424 3407 687 3472 amicus
737 3427 924 3472 meus
973 3413 1192 3489 negat,
1237 3428 1394 3472 non
1439 3406 1667 3471 modo
1714 3408 2146 3489 quisquam
2180 3442 2268 3452 --
2306 3428 2463 3473 non
2500 3429 2617 3491 pro
2653 3430 2749 3487 ec,

423 3514 612 3598 quod
670 3521 774 3579 est
828 3536 983 3581 non
1043 3515 1272 3580 modo
1330 3536 1585 3593 nemo,
1649 3514 1884 3579 Latine
1940 3514 2100 3595 dici,
2155 3536 2277 3580 nec
2335 3517 2404 3579 in
2460 3517 2757 3582 oratione

423 3643 630 3706 prosa
676 3624 1112 3706 quisquam
1161 3630 1278 3688 aut
1327 3623 1545 3688 ullus
1582 3623 1918 3704 negationi
1951 3624 2387 3707 praeponitur3
2433 3645 2587 3689 nam
2624 3624 2754 3690 Cic.

419 3730 504 3795 N.
544 3729 625 3794 D.
686 3730 736 3809 1,
793 3735 876 3795 24
929 3732 1083 3797 boni
1130 3731 1388 3797 codices
1433 3730 1683 3796 habent
1735 3738 1975 3813 neget
2029 3729 2274 3796 ullam
2319 3738 2388 3797 et
2431 3732 2599 3797 Phil.
2649 3732 2758 3813 VI,

426 3844 467 3902 ’7
509 3837 660 3903 Vat.
699 3837 975 3904 horam
1034 3841 1408 3918 eximere,
1469 3841 1710 3904 omisso
1757 3839 2025 3904 ullam.
2121 3837 2399 3906 Sublato
2460 3862 2612 3906 non
2646 3841 2753 3906 hic

415 3947 614 4012 locus
648 3946 928 4012 eandem
961 3947 1166 4013 habet
1203 3949 1524 4014 orationis
1563 3946 1865 4027 formam,
1903 3968 2049 4030 quse
2088 3954 2189 4012 est
2220 3947 2451 4027 XXIV,
2495 3953 2600 4029 40,
2644 3953 2751 4013 12:

416 4062 521 4119 nt
568 4076 722 4119 non
767 4056 996 4120 modo
1043 4055 1261 4121 alius
1308 4057 1744 4139 quisquam
1790 4077 2012 4121 arma
2056 4062 2395 4140 caperet
2443 4107 2564 4136 ...,
2612 4058 2751 4123 sed

421 4163 689 4227 etiam
733 4164 912 4248 ipse
958 4184 1096 4228 rex
1288 4162 1806 4248 perfugerit]

599 4268 758 4355 Cap.
805 4275 923 4351 24,
994 4277 1030 4336 5
1090 4271 1233 4353 (ubi
1291 4273 1642 4355 exponitur
1695 4271 1890 4336 Mam.
1983 4272 2229 4337 AEmilii
2299 4273 2379 4337 de
2451 4295 2747 4339 censurae

417 4378 864 4444 diuturnitate
932 4380 1287 4445 minuenda
1346 4380 1624 4462 oratio):
1694 4401 1937 4463 grave
2006 4401 2183 4445 esse
2251 4381 2543 4447 iisdem
2610 4404 2750 4465 per

412 4493 549 4552 tot
608 4507 856 4553 annos
903 4509 1193 4571 magna
1237 4496 1472 4572 parte
1517 4489 1706 4554 vitae
1751 4489 2156 4556 obnoxios
2201 4491 2496 4555 vivere.
2598 4490 2747 4555 Non
