<?xml version="1.0" encoding="UTF-8"?>
<!DOCTYPE html PUBLIC "-//W3C//DTD XHTML 1.0 Transitional//EN"
    "http://www.w3.org/TR/xhtml1/DTD/xhtml1-transitional.dtd">
<html xmlns="http://www.w3.org/1999/xhtml" xml:lang="en" lang="en">
 <head>
  <title>
</title>
<meta http-equiv="Content-Type" content="text/html;charset=utf-8" />
  <meta name='ocr-system' content='tesseract 3.04.00' />
  <meta name='ocr-capabilities' content='ocr_page ocr_carea ocr_par ocr_line ocrx_word'/>
</head>
<body>
  <div class='ocr_page' id='page_1' title='image "./emendationesliv03madvgoog_0144.png"; bbox 0 0 3230 5282; ppageno 0'>
   <div class='ocr_carea' id='block_1_1' title="bbox 511 626 1734 696">
    <p class='ocr_par' dir='ltr' id='par_1_1' title="bbox 511 626 1734 696">
     <span class='ocr_line' id='line_1_1' title="bbox 511 626 1734 696; baseline -0.008 -1"><span class='ocrx_word' id='word_1_1' title='bbox 511 642 634 696; x_wconf 90' lang='lat' dir='ltr'><strong>Lib.</strong></span> <span class='ocrx_word' id='word_1_2' title='bbox 674 641 740 695; x_wconf 83' lang='lat' dir='ltr'>V.</span> <span class='ocrx_word' id='word_1_3' title='bbox 1613 626 1734 686; x_wconf 88' lang='grc'>134</span> 
     </span>
    </p>
   </div>
   <div class='ocr_carea' id='block_1_2' title="bbox 341 808 2864 4349">
    <p class='ocr_par' dir='ltr' id='par_1_2' title="bbox 429 808 2831 1867">
     <span class='ocr_line' id='line_1_2' title="bbox 514 808 2831 894; baseline -0.003 -15"><span class='ocrx_word' id='word_1_4' title='bbox 514 813 829 879; x_wconf 89' lang='lat' dir='ltr'>Claudius</span> <span class='ocrx_word' id='word_1_5' title='bbox 875 812 1058 892; x_wconf 80' lang='lat' dir='ltr'>dixit,</span> <span class='ocrx_word' id='word_1_6' title='bbox 1103 809 1427 894; x_wconf 90' lang='lat' dir='ltr'>tempore)</span> <span class='ocrx_word' id='word_1_7' title='bbox 1478 810 1979 893; x_wconf 82' lang='lat' dir='ltr'><strong>stipendium</strong></span> <span class='ocrx_word' id='word_1_8' title='bbox 2025 816 2519 892; x_wconf 80' lang='lat' dir='ltr'>extorquere</span> <span class='ocrx_word' id='word_1_9' title='bbox 2563 808 2831 873; x_wconf 86' lang='lat' dir='ltr'>volue-</span> 
     </span>
     <span class='ocr_line' id='line_1_3' title="bbox 513 916 2824 1002; baseline -0.003 -15"><span class='ocrx_word' id='word_1_10' title='bbox 513 927 720 1001; x_wconf 90' lang='lat' dir='ltr'>runt,</span> <span class='ocrx_word' id='word_1_11' title='bbox 768 940 964 984; x_wconf 80' lang='lat' dir='ltr'>nunc</span> <span class='ocrx_word' id='word_1_12' title='bbox 1010 919 1466 985; x_wconf 86' lang='lat' dir='ltr'>consultum</span> <span class='ocrx_word' id='word_1_13' title='bbox 1511 924 1853 1002; x_wconf 90' lang='lat' dir='ltr'>repente</span> <span class='ocrx_word' id='word_1_14' title='bbox 1897 918 2198 984; x_wconf 86' lang='lat' dir='ltr'>volunt.</span> <span class='ocrx_word' id='word_1_15' title='bbox 2290 916 2425 999; x_wconf 89' lang='lat' dir='ltr'>(Sic</span> <span class='ocrx_word' id='word_1_16' title='bbox 2471 917 2615 983; x_wconf 91' lang='lat' dir='ltr'>cod.</span> <span class='ocrx_word' id='word_1_17' title='bbox 2666 917 2824 982; x_wconf 83' lang='lat' dir='ltr'>Lov.</span> 
     </span>
     <span class='ocr_line' id='line_1_4' title="bbox 519 1025 2831 1114; baseline -0.002 -20"><span class='ocrx_word' id='word_1_18' title='bbox 519 1031 602 1112; x_wconf 88' lang='grc'>1.)</span> <span class='ocrx_word' id='word_1_19' title='bbox 713 1029 790 1093; x_wconf 96' lang='lat' dir='ltr'>In</span> <span class='ocrx_word' id='word_1_20' title='bbox 854 1028 1168 1114; x_wconf 80' lang='lat' dir='ltr'>proximis</span> <span class='ocrx_word' id='word_1_21' title='bbox 1235 1027 1453 1092; x_wconf 83' lang='lat' dir='ltr'>verbis</span> <span class='ocrx_word' id='word_1_22' title='bbox 1523 1027 1714 1092; x_wconf 82' lang='lat' dir='ltr'>valde</span> <span class='ocrx_word' id='word_1_23' title='bbox 1774 1025 2040 1105; x_wconf 90' lang='lat' dir='ltr'>dubit0,</span> <span class='ocrx_word' id='word_1_24' title='bbox 2109 1026 2531 1110; x_wconf 87' lang='lat' dir='ltr'>scripseritne</span> <span class='ocrx_word' id='word_1_25' title='bbox 2587 1025 2831 1103; x_wconf 78' lang='lat' dir='ltr'>LiviuS‚</span> 
     </span>
     <span class='ocr_line' id='line_1_5' title="bbox 514 1132 2827 1220; baseline -0.002 -18"><span class='ocrx_word' id='word_1_26' title='bbox 514 1136 695 1220; x_wconf 91' lang='lat' dir='ltr'>quod</span> <span class='ocrx_word' id='word_1_27' title='bbox 752 1158 925 1201; x_wconf 87' lang='lat' dir='ltr'>nunc</span> <span class='ocrx_word' id='word_1_28' title='bbox 983 1158 1016 1201; x_wconf 92' lang='lat' dir='ltr'>e</span> <span class='ocrx_word' id='word_1_29' title='bbox 1065 1135 1400 1201; x_wconf 83' lang='lat' dir='ltr'>codicibus</span> <span class='ocrx_word' id='word_1_30' title='bbox 1458 1134 1709 1200; x_wconf 77' lang='lat' dir='ltr'>editur:</span> <span class='ocrx_word' id='word_1_31' title='bbox 1778 1134 2084 1198; x_wconf 87' lang='lat' dir='ltr'>vallum</span> <span class='ocrx_word' id='word_1_32' title='bbox 2140 1132 2637 1217; x_wconf 84' lang='lat' dir='ltr'><strong>fossamque,</strong></span> <span class='ocrx_word' id='word_1_33' title='bbox 2704 1134 2827 1198; x_wconf 92' lang='lat' dir='ltr'>in-</span> 
     </span>
     <span class='ocr_line' id='line_1_6' title="bbox 513 1242 2827 1327; baseline -0.003 -16"><span class='ocrx_word' id='word_1_34' title='bbox 513 1247 782 1327; x_wconf 88' lang='lat' dir='ltr'>gentis</span> <span class='ocrx_word' id='word_1_35' title='bbox 840 1251 1272 1326; x_wconf 89' lang='lat' dir='ltr'>utrumque</span> <span class='ocrx_word' id='word_1_36' title='bbox 1327 1264 1490 1308; x_wconf 90' lang='lat' dir='ltr'>rem</span> <span class='ocrx_word' id='word_1_37' title='bbox 1549 1242 1825 1326; x_wconf 87' lang='lat' dir='ltr'>operis</span> <span class='ocrx_word' id='word_1_38' title='bbox 1884 1262 2004 1324; x_wconf 91' lang='lat' dir='ltr'>pro</span> <span class='ocrx_word' id='word_1_39' title='bbox 2051 1247 2503 1327; x_wconf 87' lang='lat' dir='ltr'>utramque,</span> <span class='ocrx_word' id='word_1_40' title='bbox 2572 1242 2827 1325; x_wconf 88' lang='lat' dir='ltr'>potius-</span> 
     </span>
     <span class='ocr_line' id='line_1_7' title="bbox 515 1350 2830 1437; baseline -0.002 -20"><span class='ocrx_word' id='word_1_41' title='bbox 515 1374 640 1437; x_wconf 89' lang='lat' dir='ltr'>que</span> <span class='ocrx_word' id='word_1_42' title='bbox 709 1353 1028 1432; x_wconf 77' lang='lat' dir='ltr'>arbitror,</span> <span class='ocrx_word' id='word_1_43' title='bbox 1107 1354 1190 1418; x_wconf 89' lang='lat' dir='ltr'>ab</span> <span class='ocrx_word' id='word_1_44' title='bbox 1275 1353 1414 1417; x_wconf 87' lang='lat' dir='ltr'>eius</span> <span class='ocrx_word' id='word_1_45' title='bbox 1482 1373 1684 1416; x_wconf 90' lang='lat' dir='ltr'>manu</span> <span class='ocrx_word' id='word_1_46' title='bbox 1752 1371 1895 1416; x_wconf 89' lang='lat' dir='ltr'>esse</span> <span class='ocrx_word' id='word_1_47' title='bbox 1962 1350 2326 1433; x_wconf 85' lang='lat' dir='ltr'>ingentis</span> <span class='ocrx_word' id='word_1_48' title='bbox 2392 1355 2830 1435; x_wconf 88' lang='lat' dir='ltr'>utrumque</span> 
     </span>
     <span class='ocr_line' id='line_1_8' title="bbox 514 1457 2830 1545; baseline -0.002 -20"><span class='ocrx_word' id='word_1_49' title='bbox 514 1461 816 1545; x_wconf 90' lang='lat' dir='ltr'>operis,</span> <span class='ocrx_word' id='word_1_50' title='bbox 873 1460 1171 1525; x_wconf 87' lang='lat' dir='ltr'>additum</span> <span class='ocrx_word' id='word_1_51' title='bbox 1215 1481 1377 1524; x_wconf 88' lang='lat' dir='ltr'>rem</span> <span class='ocrx_word' id='word_1_52' title='bbox 1422 1459 1506 1525; x_wconf 93' lang='lat' dir='ltr'>ab</span> <span class='ocrx_word' id='word_1_53' title='bbox 1553 1460 1809 1543; x_wconf 90' lang='lat' dir='ltr'>aliqu0,</span> <span class='ocrx_word' id='word_1_54' title='bbox 1869 1460 1984 1543; x_wconf 90' lang='lat' dir='ltr'>qui</span> <span class='ocrx_word' id='word_1_55' title='bbox 2029 1465 2461 1542; x_wconf 87' lang='lat' dir='ltr'>utrumque</span> <span class='ocrx_word' id='word_1_56' title='bbox 2505 1480 2627 1543; x_wconf 89' lang='lat' dir='ltr'>pro</span> <span class='ocrx_word' id='word_1_57' title='bbox 2675 1457 2830 1523; x_wconf 89' lang='lat' dir='ltr'>sub-</span> 
     </span>
     <span class='ocr_line' id='line_1_9' title="bbox 511 1565 2831 1652; baseline -0.001 -19"><span class='ocrx_word' id='word_1_58' title='bbox 511 1570 796 1633; x_wconf 86' lang='lat' dir='ltr'>stantivo</span> <span class='ocrx_word' id='word_1_59' title='bbox 843 1569 1001 1652; x_wconf 92' lang='lat' dir='ltr'>poni</span> <span class='ocrx_word' id='word_1_60' title='bbox 1046 1590 1175 1632; x_wconf 93' lang='lat' dir='ltr'>non</span> <span class='ocrx_word' id='word_1_61' title='bbox 1220 1566 1716 1649; x_wconf 87' lang='lat' dir='ltr'>meminisset.¹)</span> <span class='ocrx_word' id='word_1_62' title='bbox 1807 1565 1868 1649; x_wconf 76' lang='lat'>(§</span> <span class='ocrx_word' id='word_1_63' title='bbox 1915 1572 1975 1647; x_wconf 84' lang='lat'>8,</span> <span class='ocrx_word' id='word_1_64' title='bbox 2023 1567 2139 1633; x_wconf 91' lang='lat' dir='ltr'>ubi</span> <span class='ocrx_word' id='word_1_65' title='bbox 2186 1567 2435 1633; x_wconf 80' lang='lat' dir='ltr'>editur:</span> <span class='ocrx_word' id='word_1_66' title='bbox 2506 1567 2831 1649; x_wconf 88' lang='lat' dir='ltr'>Loquor</span> 
     </span>
     <span class='ocr_line' id='line_1_10' title="bbox 512 1675 2823 1759; baseline -0.001 -18"><span class='ocrx_word' id='word_1_67' title='bbox 512 1677 604 1741; x_wconf 93' lang='lat' dir='ltr'>de</span> <span class='ocrx_word' id='word_1_68' title='bbox 662 1697 898 1759; x_wconf 90' lang='lat' dir='ltr'>opere</span> <span class='ocrx_word' id='word_1_69' title='bbox 946 1682 1023 1741; x_wconf 88' lang='lat' dir='ltr'>et</span> <span class='ocrx_word' id='word_1_70' title='bbox 1068 1675 1162 1741; x_wconf 93' lang='lat' dir='ltr'>de</span> <span class='ocrx_word' id='word_1_71' title='bbox 1209 1676 1597 1759; x_wconf 90' lang='lat' dir='ltr'>temporis</span> <span class='ocrx_word' id='word_1_72' title='bbox 1645 1676 2003 1753; x_wconf 88' lang='lat' dir='ltr'>iactura,</span> <span class='ocrx_word' id='word_1_73' title='bbox 2060 1675 2241 1740; x_wconf 88' lang='lat' dir='ltr'>Ver.:</span> <span class='ocrx_word' id='word_1_74' title='bbox 2291 1676 2384 1740; x_wconf 92' lang='lat' dir='ltr'>de</span> <span class='ocrx_word' id='word_1_75' title='bbox 2434 1696 2679 1759; x_wconf 90' lang='lat' dir='ltr'>opera</span> <span class='ocrx_word' id='word_1_76' title='bbox 2724 1680 2823 1738; x_wconf 88' lang='lat' dir='ltr'>et.</span> 
     </span>
     <span class='ocr_line' id='line_1_11' title="bbox 429 1783 2338 1867; baseline 0.002 -23"><span class='ocrx_word' id='word_1_77' title='bbox 429 1839 434 1844; x_wconf 87' lang='lat'><strong>.</strong></span> <span class='ocrx_word' id='word_1_78' title='bbox 513 1785 714 1850; x_wconf 88' lang='lat' dir='ltr'>Recte</span> <span class='ocrx_word' id='word_1_79' title='bbox 759 1784 1144 1867; x_wconf 87' lang='lat' dir='ltr'>Ussingius:</span> <span class='ocrx_word' id='word_1_80' title='bbox 1193 1784 1285 1849; x_wconf 93' lang='lat' dir='ltr'>de</span> <span class='ocrx_word' id='word_1_81' title='bbox 1332 1804 1582 1867; x_wconf 77' lang='lat' dir='ltr'>operae</span> <span class='ocrx_word' id='word_1_82' title='bbox 1631 1789 1712 1848; x_wconf 93' lang='lat' dir='ltr'>et</span> <span class='ocrx_word' id='word_1_83' title='bbox 1758 1783 1850 1847; x_wconf 93' lang='lat' dir='ltr'>de</span> <span class='ocrx_word' id='word_1_84' title='bbox 1895 1788 1942 1848; x_wconf 92' lang='lat' dir='ltr'>t.</span> <span class='ocrx_word' id='word_1_85' title='bbox 1990 1783 2031 1847; x_wconf 93' lang='lat' dir='ltr'>i.</span> <span class='ocrx_word' id='word_1_86' title='bbox 2127 1783 2338 1857; x_wconf 86' lang='grc'><strong>1873.)</strong></span> 
     </span>
    </p>

    <p class='ocr_par' dir='ltr' id='par_1_3' title="bbox 511 1889 2827 2299">
     <span class='ocr_line' id='line_1_12' title="bbox 684 1889 2818 1975; baseline -0.001 -19"><span class='ocrx_word' id='word_1_87' title='bbox 684 1890 925 1975; x_wconf 87' lang='lat' dir='ltr'>Cap.6,</span> <span class='ocrx_word' id='word_1_88' title='bbox 966 1897 1077 1957; x_wconf 91' lang='lat'>15:</span> <span class='ocrx_word' id='word_1_89' title='bbox 1119 1890 1516 1975; x_wconf 89' lang='lat' dir='ltr'>quidquid</span> <span class='ocrx_word' id='word_1_90' title='bbox 1551 1892 1935 1956; x_wconf 87' lang='lat' dir='ltr'>tribunus</span> <span class='ocrx_word' id='word_1_91' title='bbox 1972 1890 2194 1973; x_wconf 91' lang='lat' dir='ltr'>plebi</span> <span class='ocrx_word' id='word_1_92' title='bbox 2229 1889 2617 1973; x_wconf 89' lang='lat' dir='ltr'>loquitur,</span> <span class='ocrx_word' id='word_1_93' title='bbox 2657 1890 2818 1955; x_wconf 89' lang='lat' dir='ltr'>etsi</span> 
     </span>
     <span class='ocr_line' id='line_1_13' title="bbox 511 1998 2827 2084; baseline -0 -20"><span class='ocrx_word' id='word_1_94' title='bbox 511 2000 943 2084; x_wconf 86' lang='lat' dir='ltr'>prodendae</span> <span class='ocrx_word' id='word_1_95' title='bbox 1002 2001 1289 2084; x_wconf 87' lang='lat' dir='ltr'>patriae</span> <span class='ocrx_word' id='word_1_96' title='bbox 1347 1999 2052 2081; x_wconf 70' lang='lat' dir='ltr'>dissolvendaeque</span> <span class='ocrx_word' id='word_1_97' title='bbox 2106 1999 2225 2063; x_wconf 86' lang='lat' dir='ltr'>rei</span> <span class='ocrx_word' id='word_1_98' title='bbox 2282 1998 2629 2082; x_wconf 74' lang='lat' dir='ltr'>publicae</span> <span class='ocrx_word' id='word_1_99' title='bbox 2688 2004 2827 2076; x_wconf 86' lang='lat' dir='ltr'>est,</span> 
     </span>
     <span class='ocr_line' id='line_1_14' title="bbox 513 2106 2823 2191; baseline -0 -19"><span class='ocrx_word' id='word_1_100' title='bbox 513 2108 936 2173; x_wconf 77' lang='lat' dir='ltr'>adsuestis</span> <span class='ocrx_word' id='word_1_101' title='bbox 996 2109 1199 2191; x_wconf 84' lang='lat' dir='ltr'>aequi</span> <span class='ocrx_word' id='word_1_102' title='bbox 1247 2108 1551 2173; x_wconf 90' lang='lat' dir='ltr'>audire.</span> <span class='ocrx_word' id='word_1_103' title='bbox 1645 2106 2045 2172; x_wconf 90' lang='lat' dir='ltr'>Inusitatum</span> <span class='ocrx_word' id='word_1_104' title='bbox 2091 2127 2363 2190; x_wconf 85' lang='lat' dir='ltr'>aequus</span> <span class='ocrx_word' id='word_1_105' title='bbox 2410 2106 2655 2170; x_wconf 92' lang='lat' dir='ltr'>audio</span> <span class='ocrx_word' id='word_1_106' title='bbox 2702 2126 2823 2190; x_wconf 92' lang='lat' dir='ltr'>pro</span> 
     </span>
     <span class='ocr_line' id='line_1_15' title="bbox 513 2211 2780 2299; baseline -0.001 -19"><span class='ocrx_word' id='word_1_107' title='bbox 513 2236 734 2298; x_wconf 87' lang='lat' dir='ltr'>aequo</span> <span class='ocrx_word' id='word_1_108' title='bbox 783 2216 1067 2280; x_wconf 89' lang='lat' dir='ltr'>animo.</span> <span class='ocrx_word' id='word_1_109' title='bbox 1150 2214 1351 2280; x_wconf 89' lang='lat' dir='ltr'>Codd.</span> <span class='ocrx_word' id='word_1_110' title='bbox 1400 2216 1555 2299; x_wconf 90' lang='lat' dir='ltr'>qui.</span> <span class='ocrx_word' id='word_1_111' title='bbox 1626 2215 1864 2279; x_wconf 83' lang='lat' dir='ltr'>Fuitne</span> <span class='ocrx_word' id='word_1_112' title='bbox 1911 2214 2214 2298; x_wconf 75' lang='lat' dir='ltr'>quieti?</span> <span class='ocrx_word' id='word_1_113' title='bbox 2261 2212 2399 2296; x_wconf 84' lang='lat' dir='ltr'>[Sic</span> <span class='ocrx_word' id='word_1_114' title='bbox 2443 2211 2780 2295; x_wconf 89' lang='lat' dir='ltr'>Welzius.]</span> 
     </span>
    </p>

    <p class='ocr_par' dir='ltr' id='par_1_4' title="bbox 341 2321 2864 4349">
     <span class='ocr_line' id='line_1_16' title="bbox 341 2321 2828 2419; baseline -0.001 -32"><span class='ocrx_word' id='word_1_115' title='bbox 341 2353 481 2419; x_wconf 85' lang='lat'>(113)</span> <span class='ocrx_word' id='word_1_116' title='bbox 693 2322 850 2407; x_wconf 89' lang='lat' dir='ltr'>Cap.</span> <span class='ocrx_word' id='word_1_117' title='bbox 906 2328 999 2402; x_wconf 89' lang='lat'>10,</span> <span class='ocrx_word' id='word_1_118' title='bbox 1048 2327 1118 2387; x_wconf 88' lang='lat'>5:</span> <span class='ocrx_word' id='word_1_119' title='bbox 1191 2328 1578 2405; x_wconf 90' lang='lat' dir='ltr'>quantum</span> <span class='ocrx_word' id='word_1_120' title='bbox 1636 2329 1906 2388; x_wconf 92' lang='lat' dir='ltr'>autem</span> <span class='ocrx_word' id='word_1_121' title='bbox 1963 2321 2425 2404; x_wconf 79' lang='lat' dir='ltr'>augebatur</span> <span class='ocrx_word' id='word_1_122' title='bbox 2479 2322 2828 2387; x_wconf 90' lang='lat' dir='ltr'>militum</span> 
     </span>
     <span class='ocr_line' id='line_1_17' title="bbox 510 2428 2825 2519; baseline -0 -24"><span class='ocrx_word' id='word_1_123' title='bbox 510 2453 920 2511; x_wconf 78' lang='lat' dir='ltr'>numeruS,</span> <span class='ocrx_word' id='word_1_124' title='bbox 1014 2436 1247 2496; x_wconf 87' lang='lat' dir='ltr'>tanto</span> <span class='ocrx_word' id='word_1_125' title='bbox 1339 2428 1647 2519; x_wconf 32' lang='lat' dir='ltr'>mai-ore</span> <span class='ocrx_word' id='word_1_126' title='bbox 1732 2430 2086 2515; x_wconf 88' lang='lat' dir='ltr'>pecunia</span> <span class='ocrx_word' id='word_1_127' title='bbox 2163 2430 2243 2494; x_wconf 93' lang='lat' dir='ltr'>in</span> <span class='ocrx_word' id='word_1_128' title='bbox 2322 2429 2825 2514; x_wconf 89' lang='lat' dir='ltr'>stipendium</span> 
     </span>
     <span class='ocr_line' id='line_1_18' title="bbox 515 2537 2823 2623; baseline -0.001 -18"><span class='ocrx_word' id='word_1_129' title='bbox 515 2561 714 2623; x_wconf 91' lang='lat' dir='ltr'>opus</span> <span class='ocrx_word' id='word_1_130' title='bbox 796 2544 1004 2617; x_wconf 86' lang='lat' dir='ltr'>erat,</span> <span class='ocrx_word' id='word_1_131' title='bbox 1100 2559 1361 2622; x_wconf 88' lang='lat' dir='ltr'>eaque</span> <span class='ocrx_word' id='word_1_132' title='bbox 1440 2539 1760 2605; x_wconf 88' lang='lat' dir='ltr'>tributo</span> <span class='ocrx_word' id='word_1_133' title='bbox 1840 2537 2453 2617; x_wconf 87' lang='lat' dir='ltr'>conferebatur,</span> <span class='ocrx_word' id='word_1_134' title='bbox 2532 2538 2823 2603; x_wconf 85' lang='lat' dir='ltr'>invitis</span> 
     </span>
     <span class='ocr_line' id='line_1_19' title="bbox 511 2646 2819 2731; baseline -0.001 -18"><span class='ocrx_word' id='word_1_135' title='bbox 511 2646 1162 2727; x_wconf 88' lang='lat' dir='ltr'>conferentibus,</span> <span class='ocrx_word' id='word_1_136' title='bbox 1258 2648 1392 2731; x_wconf 91' lang='lat' dir='ltr'>qui</span> <span class='ocrx_word' id='word_1_137' title='bbox 1486 2647 1696 2712; x_wconf 92' lang='lat' dir='ltr'>domi</span> <span class='ocrx_word' id='word_1_138' title='bbox 1773 2648 2337 2725; x_wconf 87' lang='lat' dir='ltr'>remanebant,</span> <span class='ocrx_word' id='word_1_139' title='bbox 2429 2648 2620 2729; x_wconf 89' lang='lat' dir='ltr'>quia</span> <span class='ocrx_word' id='word_1_140' title='bbox 2697 2652 2819 2712; x_wconf 86' lang='lat' dir='ltr'>eet.</span> 
     </span>
     <span class='ocr_line' id='line_1_20' title="bbox 510 2753 2821 2840; baseline 0 -20"><span class='ocrx_word' id='word_1_141' title='bbox 510 2756 653 2820; x_wconf 90' lang='lat' dir='ltr'>Non</span> <span class='ocrx_word' id='word_1_142' title='bbox 701 2755 966 2839; x_wconf 87' lang='lat' dir='ltr'>elegans</span> <span class='ocrx_word' id='word_1_143' title='bbox 1013 2753 1308 2840; x_wconf 87' lang='lat' dir='ltr'>profecto</span> <span class='ocrx_word' id='word_1_144' title='bbox 1352 2754 1494 2820; x_wconf 87' lang='lat' dir='ltr'>haec</span> <span class='ocrx_word' id='word_1_145' title='bbox 1540 2757 1784 2820; x_wconf 88' lang='lat' dir='ltr'>oratio:</span> <span class='ocrx_word' id='word_1_146' title='bbox 1856 2754 2472 2834; x_wconf 85' lang='lat' dir='ltr'>conferebatur,</span> <span class='ocrx_word' id='word_1_147' title='bbox 2529 2755 2821 2820; x_wconf 82' lang='lat' dir='ltr'>invitis</span> 
     </span>
     <span class='ocr_line' id='line_1_21' title="bbox 512 2862 2825 2948; baseline 0 -21"><span class='ocrx_word' id='word_1_148' title='bbox 512 2864 1154 2944; x_wconf 81' lang='lat' dir='ltr'>conferentibuS,</span> <span class='ocrx_word' id='word_1_149' title='bbox 1217 2865 1353 2947; x_wconf 91' lang='lat' dir='ltr'>qui</span> <span class='ocrx_word' id='word_1_150' title='bbox 1397 2899 1500 2944; x_wconf 91' lang='lat'>—,</span> <span class='ocrx_word' id='word_1_151' title='bbox 1559 2885 1761 2948; x_wconf 90' lang='lat' dir='ltr'>quum</span> <span class='ocrx_word' id='word_1_152' title='bbox 1804 2864 2174 2947; x_wconf 76' lang='lat' dir='ltr'>praesertim</span> <span class='ocrx_word' id='word_1_153' title='bbox 2219 2862 2602 2927; x_wconf 86' lang='lat' dir='ltr'>facillimum</span> <span class='ocrx_word' id='word_1_154' title='bbox 2648 2868 2825 2928; x_wconf 89' lang='lat' dir='ltr'>esset</span> 
     </span>
     <span class='ocr_line' id='line_1_22' title="bbox 513 2970 2822 3055; baseline -0.001 -17"><span class='ocrx_word' id='word_1_155' title='bbox 513 2970 940 3038; x_wconf 88' lang='lat' dir='ltr'>offensionem</span> <span class='ocrx_word' id='word_1_156' title='bbox 1009 2974 1218 3037; x_wconf 85' lang='lat' dir='ltr'>vitare</span> <span class='ocrx_word' id='word_1_157' title='bbox 1276 2972 1596 3055; x_wconf 87' lang='lat' dir='ltr'>(invitis</span> <span class='ocrx_word' id='word_1_158' title='bbox 1656 2971 2208 3051; x_wconf 76' lang='lat' dir='ltr'>solventibuS,</span> <span class='ocrx_word' id='word_1_159' title='bbox 2280 2970 2822 3055; x_wconf 88' lang='lat' dir='ltr'>querentibus</span> 
     </span>
     <span class='ocr_line' id='line_1_23' title="bbox 510 3079 2823 3163; baseline -0 -20"><span class='ocrx_word' id='word_1_160' title='bbox 510 3080 628 3159; x_wconf 91' lang='lat' dir='ltr'>iis,</span> <span class='ocrx_word' id='word_1_161' title='bbox 698 3079 1058 3162; x_wconf 89' lang='lat' dir='ltr'>similiter);</span> <span class='ocrx_word' id='word_1_162' title='bbox 1139 3081 1256 3146; x_wconf 88' lang='lat' dir='ltr'>sed</span> <span class='ocrx_word' id='word_1_163' title='bbox 1335 3101 1417 3144; x_wconf 92' lang='lat' dir='ltr'>ne</span> <span class='ocrx_word' id='word_1_164' title='bbox 1495 3085 1749 3145; x_wconf 88' lang='lat' dir='ltr'>rectum</span> <span class='ocrx_word' id='word_1_165' title='bbox 1826 3079 2093 3163; x_wconf 90' lang='lat' dir='ltr'>quidem</span> <span class='ocrx_word' id='word_1_166' title='bbox 2160 3084 2278 3144; x_wconf 89' lang='lat' dir='ltr'>aut</span> <span class='ocrx_word' id='word_1_167' title='bbox 2345 3079 2655 3143; x_wconf 91' lang='lat' dir='ltr'>Latinum</span> <span class='ocrx_word' id='word_1_168' title='bbox 2722 3085 2823 3144; x_wconf 90' lang='lat' dir='ltr'>est</span> 
     </span>
     <span class='ocr_line' id='line_1_24' title="bbox 509 3188 2823 3271; baseline -0.001 -18"><span class='ocrx_word' id='word_1_169' title='bbox 509 3189 932 3271; x_wconf 86' lang='lat' dir='ltr'>pecuniam</span> <span class='ocrx_word' id='word_1_170' title='bbox 991 3189 1365 3253; x_wconf 82' lang='lat' dir='ltr'>conferre</span> <span class='ocrx_word' id='word_1_171' title='bbox 1425 3188 1775 3267; x_wconf 83' lang='lat' dir='ltr'>tribut03</span> <span class='ocrx_word' id='word_1_172' title='bbox 1842 3209 1994 3251; x_wconf 88' lang='lat' dir='ltr'>nam</span> <span class='ocrx_word' id='word_1_173' title='bbox 2050 3193 2167 3251; x_wconf 90' lang='lat' dir='ltr'>aut</span> <span class='ocrx_word' id='word_1_174' title='bbox 2224 3188 2574 3271; x_wconf 88' lang='lat' dir='ltr'>pecunia</span> <span class='ocrx_word' id='word_1_175' title='bbox 2631 3208 2823 3252; x_wconf 86' lang='lat' dir='ltr'>con-</span> 
     </span>
     <span class='ocr_line' id='line_1_25' title="bbox 508 3293 2824 3379; baseline 0 -20"><span class='ocrx_word' id='word_1_176' title='bbox 508 3295 804 3375; x_wconf 88' lang='lat' dir='ltr'>fertur,</span> <span class='ocrx_word' id='word_1_177' title='bbox 872 3297 1116 3362; x_wconf 89' lang='lat' dir='ltr'>omissa</span> <span class='ocrx_word' id='word_1_178' title='bbox 1169 3297 1403 3361; x_wconf 90' lang='lat' dir='ltr'>tributi</span> <span class='ocrx_word' id='word_1_179' title='bbox 1448 3296 1813 3374; x_wconf 82' lang='lat' dir='ltr'>mentione,</span> <span class='ocrx_word' id='word_1_180' title='bbox 1884 3300 2002 3359; x_wconf 90' lang='lat' dir='ltr'>aut</span> <span class='ocrx_word' id='word_1_181' title='bbox 2046 3294 2461 3359; x_wconf 87' lang='lat' dir='ltr'>tributum.</span> <span class='ocrx_word' id='word_1_182' title='bbox 2575 3293 2824 3379; x_wconf 91' lang='lat' dir='ltr'>Opinor</span> 
     </span>
     <span class='ocr_line' id='line_1_26' title="bbox 509 3402 2822 3488; baseline 0 -22"><span class='ocrx_word' id='word_1_183' title='bbox 509 3402 762 3468; x_wconf 85' lang='lat' dir='ltr'>Livium</span> <span class='ocrx_word' id='word_1_184' title='bbox 828 3405 1197 3488; x_wconf 83' lang='lat' dir='ltr'>scripsisse:</span> <span class='ocrx_word' id='word_1_185' title='bbox 1279 3424 1531 3487; x_wconf 90' lang='lat' dir='ltr'>eaque</span> <span class='ocrx_word' id='word_1_186' title='bbox 1609 3403 1929 3468; x_wconf 85' lang='lat' dir='ltr'>tributo</span> <span class='ocrx_word' id='word_1_187' title='bbox 1997 3402 2638 3482; x_wconf 73' lang='lat' dir='ltr'>conficiebatur,</span> <span class='ocrx_word' id='word_1_188' title='bbox 2704 3404 2822 3466; x_wconf 88' lang='lat' dir='ltr'>in-</span> 
     </span>
     <span class='ocr_line' id='line_1_27' title="bbox 512 3509 2821 3595; baseline 0.001 -22"><span class='ocrx_word' id='word_1_189' title='bbox 512 3511 706 3575; x_wconf 84' lang='lat' dir='ltr'>vitis</span> <span class='ocrx_word' id='word_1_190' title='bbox 775 3511 1423 3590; x_wconf 87' lang='lat' dir='ltr'>conferentibus,</span> <span class='ocrx_word' id='word_1_191' title='bbox 1492 3512 1629 3593; x_wconf 89' lang='lat' dir='ltr'>qui</span> <span class='ocrx_word' id='word_1_192' title='bbox 1697 3516 1819 3575; x_wconf 89' lang='lat' dir='ltr'>cet.</span> <span class='ocrx_word' id='word_1_193' title='bbox 1934 3509 2464 3576; x_wconf 88' lang='lat' dir='ltr'>Commemorata</span> <span class='ocrx_word' id='word_1_194' title='bbox 2529 3512 2821 3595; x_wconf 84' lang='lat' dir='ltr'>pecuniae</span> 
     </span>
     <span class='ocr_line' id='line_1_28' title="bbox 511 3618 2820 3704; baseline 0 -22"><span class='ocrx_word' id='word_1_195' title='bbox 511 3619 920 3697; x_wconf 86' lang='lat' dir='ltr'>necessitate,</span> <span class='ocrx_word' id='word_1_196' title='bbox 977 3619 1213 3684; x_wconf 90' lang='lat' dir='ltr'>deinde</span> <span class='ocrx_word' id='word_1_197' title='bbox 1261 3619 1483 3683; x_wconf 86' lang='lat' dir='ltr'>Livius</span> <span class='ocrx_word' id='word_1_198' title='bbox 1531 3618 1877 3702; x_wconf 86' lang='lat' dir='ltr'>significat,</span> <span class='ocrx_word' id='word_1_199' title='bbox 1936 3640 2081 3704; x_wconf 85' lang='lat' dir='ltr'>quae</span> <span class='ocrx_word' id='word_1_200' title='bbox 2127 3618 2269 3684; x_wconf 86' lang='lat' dir='ltr'>eius</span> <span class='ocrx_word' id='word_1_201' title='bbox 2315 3619 2627 3704; x_wconf 74' lang='lat' dir='ltr'>parandae</span> <span class='ocrx_word' id='word_1_202' title='bbox 2672 3640 2820 3684; x_wconf 87' lang='lat' dir='ltr'>con-</span> 
     </span>
     <span class='ocr_line' id='line_1_29' title="bbox 511 3725 2821 3812; baseline 0.001 -23"><span class='ocrx_word' id='word_1_203' title='bbox 511 3725 929 3807; x_wconf 84' lang='lat' dir='ltr'>ficiendaeque</span> <span class='ocrx_word' id='word_1_204' title='bbox 999 3727 1101 3790; x_wconf 87' lang='lat' dir='ltr'>via</span> <span class='ocrx_word' id='word_1_205' title='bbox 1168 3749 1210 3791; x_wconf 88' lang='lat' dir='ltr'>a</span> <span class='ocrx_word' id='word_1_206' title='bbox 1263 3748 1334 3791; x_wconf 90' lang='lat' dir='ltr'>re</span> <span class='ocrx_word' id='word_1_207' title='bbox 1381 3726 1649 3810; x_wconf 89' lang='lat' dir='ltr'>publica</span> <span class='ocrx_word' id='word_1_208' title='bbox 1693 3728 1860 3792; x_wconf 91' lang='lat' dir='ltr'>inita</span> <span class='ocrx_word' id='word_1_209' title='bbox 1905 3729 2022 3807; x_wconf 80' lang='lat' dir='ltr'>sit3</span> <span class='ocrx_word' id='word_1_210' title='bbox 2091 3732 2232 3791; x_wconf 93' lang='lat' dir='ltr'>tum</span> <span class='ocrx_word' id='word_1_211' title='bbox 2279 3727 2366 3791; x_wconf 91' lang='lat' dir='ltr'>ad</span> <span class='ocrx_word' id='word_1_212' title='bbox 2411 3729 2821 3812; x_wconf 85' lang='lat' dir='ltr'>privatorum</span> 
     </span>
     <span class='ocr_line' id='line_1_30' title="bbox 511 3833 2822 3916; baseline 0.001 -19"><span class='ocrx_word' id='word_1_213' title='bbox 511 3833 810 3898; x_wconf 84' lang='lat' dir='ltr'>solvendi</span> <span class='ocrx_word' id='word_1_214' title='bbox 865 3833 1301 3916; x_wconf 87' lang='lat' dir='ltr'>(conferendi)</span> <span class='ocrx_word' id='word_1_215' title='bbox 1359 3835 1764 3900; x_wconf 85' lang='lat' dir='ltr'>voluntatem</span> <span class='ocrx_word' id='word_1_216' title='bbox 1819 3836 2013 3900; x_wconf 80' lang='lat' dir='ltr'>venit.</span> <span class='ocrx_word' id='word_1_217' title='bbox 2128 3834 2506 3900; x_wconf 88' lang='lat' dir='ltr'>Reficere</span> <span class='ocrx_word' id='word_1_218' title='bbox 2563 3841 2631 3900; x_wconf 93' lang='lat' dir='ltr'>et</span> <span class='ocrx_word' id='word_1_219' title='bbox 2694 3856 2822 3900; x_wconf 92' lang='lat' dir='ltr'>re-</span> 
     </span>
     <span class='ocr_line' id='line_1_31' title="bbox 509 3940 2820 4026; baseline 0 -21"><span class='ocrx_word' id='word_1_220' title='bbox 509 3940 723 4005; x_wconf 86' lang='lat' dir='ltr'>ferre</span> <span class='ocrx_word' id='word_1_221' title='bbox 770 3947 1174 4007; x_wconf 86' lang='lat' dir='ltr'>commutata</span> <span class='ocrx_word' id='word_1_222' title='bbox 1216 3942 1498 4007; x_wconf 87' lang='lat' dir='ltr'>vidimus</span> <span class='ocrx_word' id='word_1_223' title='bbox 1544 3943 1716 4008; x_wconf 90' lang='lat' dir='ltr'>libro</span> <span class='ocrx_word' id='word_1_224' title='bbox 1764 3942 1846 4022; x_wconf 92' lang='lat'>11,</span> <span class='ocrx_word' id='word_1_225' title='bbox 1894 3947 1995 4021; x_wconf 84' lang='lat'>65,</span> <span class='ocrx_word' id='word_1_226' title='bbox 2044 3947 2099 4007; x_wconf 85' lang='lat'>5.</span> <span class='ocrx_word' id='word_1_227' title='bbox 2192 3942 2533 4025; x_wconf 88' lang='lat' dir='ltr'>(Extremo</span> <span class='ocrx_word' id='word_1_228' title='bbox 2583 3944 2820 4026; x_wconf 86' lang='lat' dir='ltr'>capite,</span> 
     </span>
     <span class='ocr_line' id='line_1_32' title="bbox 512 4044 2823 4134; baseline 0.002 -24"><span class='ocrx_word' id='word_1_229' title='bbox 512 4044 545 4129; x_wconf 57' lang='grc' dir='ltr'>ὅ</span> <span class='ocrx_word' id='word_1_230' title='bbox 610 4051 714 4127; x_wconf 90' lang='grc'>11,</span> <span class='ocrx_word' id='word_1_231' title='bbox 783 4064 1182 4132; x_wconf 86' lang='lat' dir='ltr'>quamquam</span> <span class='ocrx_word' id='word_1_232' title='bbox 1248 4056 1501 4116; x_wconf 89' lang='lat' dir='ltr'>certum</span> <span class='ocrx_word' id='word_1_233' title='bbox 1567 4050 1857 4129; x_wconf 87' lang='lat' dir='ltr'>videtur,</span> <span class='ocrx_word' id='word_1_234' title='bbox 1922 4049 2134 4134; x_wconf 88' lang='lat' dir='ltr'>legem</span> <span class='ocrx_word' id='word_1_235' title='bbox 2204 4050 2284 4116; x_wconf 92' lang='lat' dir='ltr'>de</span> <span class='ocrx_word' id='word_1_236' title='bbox 2352 4050 2637 4116; x_wconf 86' lang='lat' dir='ltr'>tribunis</span> <span class='ocrx_word' id='word_1_237' title='bbox 2691 4072 2823 4116; x_wconf 94' lang='lat' dir='ltr'>non</span> 
     </span>
     <span class='ocr_line' id='line_1_33' title="bbox 513 4157 2824 4242; baseline 0.002 -23"><span class='ocrx_word' id='word_1_238' title='bbox 513 4157 900 4239; x_wconf 86' lang='lat' dir='ltr'>cooptandis</span> <span class='ocrx_word' id='word_1_239' title='bbox 977 4179 1108 4221; x_wconf 93' lang='lat' dir='ltr'>non</span> <span class='ocrx_word' id='word_1_240' title='bbox 1187 4159 1481 4242; x_wconf 89' lang='lat' dir='ltr'>potuisse</span> <span class='ocrx_word' id='word_1_241' title='bbox 1558 4157 1769 4241; x_wconf 87' lang='lat' dir='ltr'>legis</span> <span class='ocrx_word' id='word_1_242' title='bbox 1838 4157 2308 4223; x_wconf 66' lang='lat' dir='ltr'>tribuniciae</span> <span class='ocrx_word' id='word_1_243' title='bbox 2375 4158 2824 4242; x_wconf 89' lang='lat' dir='ltr'>appellatione</span> 
     </span>
     <span class='ocr_line' id='line_1_34' title="bbox 514 4263 2864 4349; baseline -0 -21"><span class='ocrx_word' id='word_1_244' title='bbox 514 4263 899 4345; x_wconf 85' lang='lat' dir='ltr'>significari,</span> <span class='ocrx_word' id='word_1_245' title='bbox 967 4286 1113 4347; x_wconf 85' lang='lat' dir='ltr'>quae</span> <span class='ocrx_word' id='word_1_246' title='bbox 1181 4267 1266 4331; x_wconf 92' lang='lat' dir='ltr'>ad</span> <span class='ocrx_word' id='word_1_247' title='bbox 1336 4287 1744 4332; x_wconf 89' lang='lat' dir='ltr'>communem</span> <span class='ocrx_word' id='word_1_248' title='bbox 1811 4265 2170 4330; x_wconf 84' lang='lat' dir='ltr'>multarum</span> <span class='ocrx_word' id='word_1_249' title='bbox 2209 4266 2449 4348; x_wconf 78' lang='lat' dir='ltr'>,legum</span> <span class='ocrx_word' id='word_1_250' title='bbox 2506 4267 2864 4349; x_wconf 81' lang='lat' dir='ltr'>originem.</span> 
     </span>
    </p>
   </div>
   <div class='ocr_carea' id='block_1_3' title="bbox 513 4401 640 4408">
    <p class='ocr_par' dir='ltr' id='par_1_5' title="bbox 513 4401 640 4408">
     <span class='ocr_line' id='line_1_35' title="bbox 513 4401 640 4408; baseline -0.008 0"><span class='ocrx_word' id='word_1_251' title='bbox 513 4401 640 4408; x_wconf 82' lang='lat'>——-</span> 
     </span>
    </p>
   </div>
   <div class='ocr_carea' id='block_1_4' title="bbox 571 4448 2825 4603">
    <p class='ocr_par' dir='ltr' id='par_1_6' title="bbox 571 4448 2825 4603">
     <span class='ocr_line' id='line_1_36' title="bbox 571 4448 2825 4522; baseline 0.001 -20"><span class='ocrx_word' id='word_1_252' title='bbox 571 4448 616 4517; x_wconf 87' lang='lat'>¹)</span> <span class='ocrx_word' id='word_1_253' title='bbox 658 4448 729 4518; x_wconf 86' lang='lat' dir='ltr'>[V</span> <span class='ocrx_word' id='word_1_254' title='bbox 763 4450 929 4517; x_wconf 84' lang='lat' dir='ltr'>plane</span> <span class='ocrx_word' id='word_1_255' title='bbox 967 4450 1183 4504; x_wconf 90' lang='lat' dir='ltr'>omittit</span> <span class='ocrx_word' id='word_1_256' title='bbox 1218 4469 1430 4519; x_wconf 91' lang='lat' dir='ltr'>quum,</span> <span class='ocrx_word' id='word_1_257' title='bbox 1468 4457 1526 4508; x_wconf 90' lang='lat' dir='ltr'>et</span> <span class='ocrx_word' id='word_1_258' title='bbox 1559 4457 1753 4522; x_wconf 81' lang='lat' dir='ltr'>potest</span> <span class='ocrx_word' id='word_1_259' title='bbox 1789 4453 1998 4506; x_wconf 83' lang='lat' dir='ltr'>abesse.</span> <span class='ocrx_word' id='word_1_260' title='bbox 2061 4452 2219 4507; x_wconf 88' lang='lat' dir='ltr'>Idem</span> <span class='ocrx_word' id='word_1_261' title='bbox 2258 4457 2614 4521; x_wconf 88' lang='lat' dir='ltr'>utramque</span> <span class='ocrx_word' id='word_1_262' title='bbox 2657 4468 2825 4519; x_wconf 86' lang='lat' dir='ltr'>rem,</span> 
     </span>
     <span class='ocr_line' id='line_1_37' title="bbox 650 4535 1411 4603; baseline 0.003 -15"><span class='ocrx_word' id='word_1_263' title='bbox 650 4535 801 4603; x_wconf 91' lang='lat' dir='ltr'>quod</span> <span class='ocrx_word' id='word_1_264' title='bbox 842 4538 973 4590; x_wconf 84' lang='lat'>1873</span> <span class='ocrx_word' id='word_1_265' title='bbox 1012 4541 1236 4588; x_wconf 83' lang='lat' dir='ltr'>secutus</span> <span class='ocrx_word' id='word_1_266' title='bbox 1276 4554 1411 4590; x_wconf 85' lang='lat' dir='ltr'>sum.</span> 
     </span>
    </p>
   </div>
   <div class='ocr_carea' id='block_1_5' title="bbox 655 4402 971 4409">
    <p class='ocr_par' dir='ltr' id='par_1_7' title="bbox 655 4402 971 4409">
     <span class='ocr_line' id='line_1_38' title="bbox 655 4402 971 4409; baseline 0 0"><span class='ocrx_word' id='word_1_267' title='bbox 655 4402 971 4409; x_wconf 95' lang='lat' dir='ltr'> </span> 
     </span>
    </p>
   </div>
  </div>
 </body>
</html>
