3230 5282
1591 597 1630 660 5

446 782 758 868 universa
811 780 941 846 fide
998 787 1066 847 et
1107 781 1424 848 nonnulla
1467 784 1536 847 in
1578 782 1708 848 hoc
1750 803 1987 866 genere
2032 784 2302 850 uberius
2346 783 2767 867 explananda

448 890 836 975 firmiusque
870 890 1350 971 constituenda,
1397 911 1598 975 quam
1636 890 1885 957 factum
1918 892 2132 959 adhuc
2167 900 2286 959 est.
2353 892 2449 956 Ac
2481 893 2764 977 primum

448 999 721 1084 quidem
800 998 962 1063 illud
1027 1005 1453 1084 pervagatum
1522 1007 1653 1080 est,
1733 1001 2043 1085 quoniam
2109 999 2269 1066 folia
2330 1001 2759 1086 palimpsesto

446 1108 865 1174 Veronensia
910 1107 1153 1173 domini
1199 1109 1453 1174 malunt
1498 1109 1754 1175 intacta
1800 1110 2049 1175 servari
2094 1130 2292 1193 quam
2337 1109 2520 1176 Livio
2565 1110 2764 1194 prod-

446 1237 598 1283 esse
616 1218 698 1297 ¹),
780 1224 1035 1282 ceteros
1113 1238 1333 1282 omnes
1398 1218 1627 1302 primae
1694 1217 1963 1283 decadis
2030 1215 2286 1284 codices
2354 1219 2543 1283 unius
2615 1239 2763 1283 esse

449 1327 716 1410 stirpis,
776 1325 988 1391 ductoe
1034 1346 1069 1390 e
1116 1324 1372 1405 codice,
1427 1347 1622 1410 quem
1665 1325 2051 1393 Nicomachi
2097 1324 2245 1406 duo,
2302 1326 2651 1392 Flavianus
2696 1334 2765 1391 et

446 1434 727 1514 Dexter,
795 1440 861 1499 et
916 1433 1338 1499 Victorianus
1394 1433 1895 1519 quadringentis
1960 1455 2164 1519 prope
2219 1443 2373 1519 post
2428 1432 2765 1500 Christum

443 1550 681 1608 natum
714 1543 906 1607 annis
942 1542 1392 1623 emendarunt,
1438 1544 1623 1608 cuius
1658 1543 2133 1609 emendationis
2167 1542 2763 1628 subscriptionibus

444 1657 711 1717 testatae
790 1651 1169 1715 memoriam
1249 1652 1363 1716 alii
1432 1652 1699 1717 codices
1764 1654 1971 1718 nostri
2039 1653 2166 1736 ipsi
2236 1651 2535 1736 pluribus
2598 1651 2763 1717 locis

447 1766 721 1824 servant
775 1759 951 1841 iique
1007 1760 1447 1842 antiquissimi
1492 1759 1820 1841 (Rhenani
1864 1760 2356 1840 Vormatiensis,
2411 1758 2764 1839 Mediceus,

443 1867 858 1946 Parisiensis,
902 1867 1082 1931 Leid.
1130 1868 1426 1952 primus),
1483 1869 1598 1933 alii
1646 1870 2034 1935 certissimis
2082 1869 2340 1934 indiciis
2385 1867 2469 1932 ad
2516 1888 2756 1947 eorum,
2792 1877 2863 1945 (5)

445 1978 567 2059 qui
634 1982 927 2052 servant,
999 1978 1458 2058 cognationem
1525 1977 1986 2061 adiunguntur.
2098 1977 2227 2043 Sed
2283 1978 2588 2060 quoniam
2644 1997 2763 2042 no-

446 2092 741 2150 strorum
806 2082 1103 2148 codicum
1172 2083 1561 2168 archetypus
1627 2086 1686 2150 is
1753 2086 1883 2150 dici
1952 2084 2176 2164 debet,
2247 2085 2480 2151 saltem
2547 2086 2629 2150 de
2685 2107 2762 2150 eo

450 2199 609 2257 ante
667 2193 887 2257 omnia
942 2192 1174 2273 quaeri,
1238 2213 1374 2258 non
1431 2214 1471 2256 a
1517 2214 1646 2274 quo
1703 2195 2054 2259 remotiore
2113 2194 2241 2258 orti
2298 2195 2456 2273 sint,
2525 2194 2641 2259 sed
2693 2194 2763 2258 in

445 2322 648 2384 quem
704 2321 907 2364 unum
961 2307 1192 2366 nostro
1239 2302 1521 2385 tempori
1568 2302 1938 2384 proximum
1983 2310 2336 2385 convergat
2380 2321 2601 2367 eorum
2647 2324 2764 2386 per

446 2409 675 2493 plures
742 2408 982 2492 stirpes
1048 2407 1346 2473 derivata
1409 2402 1715 2492 cognatio
1786 2416 1854 2475 et
1907 2430 1948 2474 a
2005 2431 2133 2494 quo
2192 2411 2472 2495 primum
2530 2409 2761 2475 harum

447 2517 762 2601 stirpium
810 2516 1095 2582 divortia
1140 2523 1301 2582 nata
1347 2519 1497 2597 sint,
1545 2514 1879 2601 equidem,
1940 2539 2138 2600 quum
2197 2518 2489 2583 codicem
2533 2519 2760 2584 arche-

446 2632 681 2711 typum
728 2624 1256 2692 commemorabo
1304 2631 1388 2706 et,
1432 2625 1592 2710 quid
1637 2626 1706 2691 in
1749 2626 1861 2692 illo
1908 2628 2226 2712 scriptum
2263 2626 2479 2708 fuerit,
2526 2628 2760 2708 dicam,

445 2756 578 2800 non
626 2735 1000 2799 necessario
1046 2735 1263 2818 ipsum
1308 2734 1488 2800 illum
1534 2733 2090 2802 Nicomachorum
2136 2734 2427 2802 codicem
2469 2737 2761 2820 intellegi

448 2842 627 2921 volo,
688 2841 803 2906 sed
860 2843 1082 2925 potius
1129 2843 1418 2926 aliquem
1463 2865 1541 2908 ex
1586 2864 1664 2909 eo
1712 2851 1926 2910 ortum
1972 2843 2359 2928 eademque,
2418 2851 2494 2910 ut
2535 2844 2757 2925 fiebat,

450 2950 941 3034 subscriptione
984 2958 1317 3032 notatum,
1375 2951 1505 3016 illis
1550 2959 1802 3032 autem,
1861 2953 1970 3035 qui
2017 2960 2394 3019 nostrorum
2439 2954 2759 3039 antiquis-

448 3059 602 3123 simi
660 3066 842 3138 sunt‚
901 3067 1201 3143 tempore
1246 3061 1564 3144 priorem3
1632 3067 2007 3126 nostrorum
2053 3068 2272 3126 autem
2317 3062 2538 3127 nullus
2585 3063 2759 3127 deci-

448 3188 629 3232 mum
695 3166 1002 3231 saeculum
1071 3173 1266 3233 aetate
1335 3175 1638 3251 superat3
1703 3190 1869 3234 unus
1924 3169 2307 3235 Parisiensis
2362 3169 2456 3234 illi
2518 3170 2759 3235 saeculo

445 3276 856 3358 adsignatur.
926 3274 1154 3360 Neque
1201 3277 1374 3341 enim
1419 3278 1477 3341 is
1523 3276 1809 3355 habitus,
1858 3299 2050 3360 quem
2097 3279 2340 3344 codicis
2385 3284 2758 3344 nostrorum

444 3383 790 3467 archetypi
834 3382 1036 3449 fuisse
1083 3386 1282 3450 certis
1328 3385 1589 3451 indiciis
1637 3383 2066 3465 concluditur,
2112 3387 2348 3451 cadere
2392 3385 2649 3452 videtur
2691 3388 2758 3452 in

447 3491 744 3558 codicem
788 3491 1337 3558 Nicomachorum
1385 3493 2052 3577 Symmachorumque
2099 3502 2395 3578 tempore
2441 3496 2757 3580 scriptum

447 3608 519 3666 et
560 3607 964 3680 correctum3
1031 3622 1163 3666 non
1220 3621 1349 3684 quo
1394 3601 1572 3667 hunc
1615 3623 1748 3667 non
1793 3610 1861 3667 et
1902 3603 2287 3669 mendosum
2332 3604 2554 3670 multis
2596 3604 2758 3669 locis

444 3710 651 3775 fuisse
696 3716 765 3774 et
810 3708 1091 3775 subinde
1134 3709 1605 3793 interpolatum
1653 3711 1938 3789 credam,
1988 3710 2105 3775 sed
2151 3711 2329 3792 quod
2364 3717 2432 3776 et
2464 3712 2756 3795 ipsorum

450 3817 839 3883 mendorum
920 3816 1117 3901 paulo
1186 3817 1385 3883 aliam
1453 3817 1731 3884 formam
1799 3841 1839 3883 a
1907 3818 2391 3885 correctoribus
2459 3819 2756 3885 relictam

452 3946 599 3991 esse
675 3924 989 3991 credibile
1067 3923 1323 3992 videtur
1402 3949 1483 3992 ex
1562 3929 1799 3992 ceteris
1878 3927 2352 4010 antiquissimis
2421 3916 2758 3993 codicibus

448 4034 739 4114 Latinis,
807 4033 984 4100 velut
1027 4035 1417 4119 Vergilianis
1463 4043 1530 4100 et
1573 4036 2020 4120 palimpsestis
2067 4034 2544 4116 Ciceronianis,
2603 4057 2756 4103 con-

446 4144 771 4208 iecturam
833 4143 1146 4226 capienti,
1203 4149 1272 4209 et
1329 4145 1541 4226 magis
1598 4145 1797 4209 etiam
1840 4144 2250 4227 frequentem
2296 4144 2510 4209 verbis
2558 4167 2756 4230 supra

517 4397 553 4463 ¹)
594 4394 739 4466 [Hoc
791 4397 905 4451 iam
960 4413 1007 4452 a.
1056 4399 1189 4453 1860
1240 4398 1491 4468 iniquius
1544 4399 1817 4468 scriptum
1853 4399 2089 4455 iudicari
2135 4399 2325 4467 debet3
2380 4419 2531 4456 nunc
2569 4401 2752 4455 omnis

590 4484 859 4552 querendi
896 4500 1068 4538 causa
1103 4484 1325 4539 sublata
1359 4489 1462 4539 est.
1534 4484 1659 4538 vid.
1698 4484 1846 4539 infra
1880 4503 1935 4555 p.
1974 4483 2082 4554 34]
