3230 5282
603 603 728 658 Lib.
766 601 941 656 xxn.
1024 674 1029 681 Ο
1700 588 1826 651 290

604 774 775 839 alter
821 794 862 838 a
904 779 1105 857 poeta
1156 794 1352 838 versu
1409 778 1686 856 cogente
1732 777 1849 837 aut
1893 793 2042 837 cum
2085 772 2402 855 singulari
2449 771 2673 854 aliqua
2717 772 2918 854 signi-

602 881 912 946 ficatione
957 881 1259 965 scriptus.
1881 876 1886 885 ’

775 989 852 1054 In
900 1010 1040 1074 cap.
1083 993 1194 1069 10,
1258 987 1292 1072 ἕ
1350 993 1422 1068 2,
1480 987 1595 1053 ubi
1653 994 1965 1053 narratur
2022 986 2106 1053 de
2166 995 2317 1053 voto
2379 987 2463 1053 ob
2515 1007 2655 1051 rem
2699 986 2918 1070 publi-

606 1119 748 1162 cam
817 1103 1155 1181 suscept0,
1236 1099 1550 1181 quoniam
1627 1097 1695 1161 in
1759 1096 1811 1160 P
1878 1095 2253 1178 ceterisque
2319 1094 2512 1160 bonis
2580 1093 2922 1164 codicibus

607 1204 954 1271 scribitur:
1004 1206 1069 1269 si
1114 1226 1246 1270 res
1295 1227 1357 1288 p.
1408 1228 1468 1288 p.
1516 1206 1591 1270 R.
1643 1203 2083 1282 Quiritium
2129 1203 2228 1268 ad
2273 1203 2915 1286 quinquennium

604 1312 1053 1396 proximum
1098 1313 1212 1377 sic
1258 1313 1507 1377 uelim
1554 1332 1887 1394 eamque
1922 1310 2227 1376 salvam
2262 1310 2739 1383 servaverit,
2784 1309 2917 1392 pri-

606 1441 787 1484 mum
854 1418 1154 1500 efficitur,
1222 1421 1400 1502 quod
1465 1420 1722 1505 pridem
1788 1419 2170 1485 restitutum
2215 1422 2349 1482 est:
2418 1418 2482 1482 si
2528 1438 2661 1482 res
2723 1440 2786 1501 p.
2830 1451 2923 1462 —-

607 1526 839 1592 salva
882 1532 1214 1592 servata
1252 1529 1431 1592 erit.
1490 1527 1746 1592 Deinde
1790 1534 2015 1592 autem
2049 1546 2127 1590 ex
2159 1525 2278 1589 sic
2309 1523 2549 1589 uelim
2590 1545 2916 1606 eamque

603 1634 680 1699 fit
765 1637 981 1700 sicut
1071 1634 1305 1699 velim
1386 1655 1890 1717 voveamque,
1981 1634 2290 1698 retractis
2365 1633 2581 1698 tribus
2656 1632 2920 1708 litteris,

605 1742 841 1826 quibus
887 1743 1146 1808 omissis
1191 1749 1420 1807 natum
1464 1748 1567 1809 est
1611 1763 1948 1826 eamque
1994 1747 2063 1805 et
2106 1740 2193 1805 ad
2237 1741 2306 1806 id
2351 1739 2917 1806 accommodatum

604 1855 708 1915 est
764 1851 1075 1915 salvam
1131 1851 1610 1916 servaverit.
1712 1849 1989 1915 Prorsus
2044 1849 2308 1914 incaute
2353 1847 2744 1930 corrigendo
2790 1846 2920 1912 tol-

604 1957 768 2023 litur
825 1979 1001 2041 que,
1069 1979 1405 2042 praveque
1473 1958 1558 2023 ad
1624 1958 1860 2022 velim
1919 1956 2300 2038 adiungitur
2359 1976 2525 2022 eam
2584 1954 2920 2034 salvam;

604 2065 894 2131 debebat
975 2066 1211 2131 saltem
1295 2066 1425 2131 dici
1491 2067 1707 2131 sicut
1777 2085 1945 2130 eam
2012 2064 2330 2129 servari
2397 2063 2674 2142 velim,
2743 2083 2918 2128 ser·

603 2180 797 2238 vata
854 2174 1031 2238 erit.
1076 2198 1081 2203 ·
1154 2173 1520 2257 Diligenter
1572 2178 1820 2256 praetor
1877 2170 2136 2236 duobus
2181 2170 2398 2236 verbis
2444 2176 2649 2250 cavet,
2703 2177 2779 2235 ut
2820 2170 2924 2234 ita

602 2287 828 2346 votum
886 2280 1344 2363 intellegatur,
1413 2279 1964 2362 quemadmodum
2029 2280 2174 2364 ipse
2239 2285 2461 2344 mente
2520 2279 2916 2365 conceperit.

606 2387 857 2470 (1862.)
947 2388 1237 2452 *Deinde
1286 2387 1318 2469 ἓ
1367 2392 1403 2451 3
1448 2387 1660 2471 Lipsii
1716 2387 2262 2468 emendationem,
2329 2407 2483 2470 qua,
2550 2386 2917 2468 transposi-

603 2497 786 2561 tione
843 2494 1051 2575 facta‚
1111 2516 1192 2560 ea
1250 2495 1768 2577 coniunguntur,
1827 2515 1974 2578 quae
2031 2496 2363 2560 sententia
2407 2500 2475 2559 et
2518 2493 2922 2558 narrationis

605 2609 850 2683 natura
905 2601 1233 2669 cohaerent
1289 2601 1545 2684 (hisce
1621 2603 1955 2684 duellis,
2027 2602 2235 2687 quod
2292 2600 2674 2681 duellum,
2741 2606 2914 2665 tum:

609 2712 903 2777 donum
950 2711 1145 2790 duit,
1205 2712 1420 2794 quod
1465 2732 1599 2777 ver
1646 2709 2084 2792 attulerit),
2141 2716 2295 2795 post
2340 2709 2739 2776 Gronovium
2783 2728 2917 2773 non

607 2818 1106 2899 commendabo,
1172 2840 1387 2904 neque
1451 2819 1798 2903 explicabo
1818 2870 1832 2897 ‚
1902 2839 2102 2903 quam
2169 2838 2485 2902 perversa
2541 2817 2703 2894 sint,
2772 2835 2922 2898 quae

608 2929 985 3010 excogitata
1042 2933 1198 2992 sunt
1254 2927 1340 2991 ad
1400 2925 1883 3026 defendendam
1940 2925 2242 2991 codicum
2298 2926 2698 3009 scripturam
2741 2923 2920 2988 omni

610 3035 930 3101 orationis
991 3034 1120 3119 legi
1178 3041 1247 3099 et
1301 3035 1624 3100 iuncturae
1678 3038 2154 3118 repugnantem
2213 3034 2307 3114 (in
2364 3052 2498 3116 qua
2556 3036 2708 3114 post
2761 3050 2926 3114 apo·

610 3143 799 3210 dosin
852 3144 1313 3226 interponitur
1371 3143 1704 3208 sententia
1765 3141 2046 3207 relativa
2102 3140 2188 3206 ad
2241 3160 2482 3206 nomen
2536 3140 2604 3203 in
2660 3139 2921 3222 protasi

608 3253 898 3336 positum
964 3251 1248 3326 adnexa,
1328 3250 1563 3315 deinde
1644 3255 1868 3314 autem
1944 3249 2157 3315 altera
2236 3248 2566 3314 sententia
2641 3245 2930 3310 relativa

612 3358 907 3425 adhaeret
950 3360 1197 3423 nomini
1241 3359 1309 3422 in
1355 3357 1633 3443 apodosi
1682 3357 1901 3440 posito
1949 3354 2487 3437 accommodata),
2530 3353 2709 3419 velut
2744 3352 2925 3437 quod

610 3487 821 3549 nuper
864 3464 1454 3543 Weissenbornius,
1500 3465 1626 3530 etsi
1673 3464 1953 3542 dubitat,
2000 3471 2220 3530 tamen
2266 3463 2436 3529 hanc
2480 3460 2928 3527 confusionem

613 3574 867 3655 antiqui
926 3571 1181 3655 aliquid
1237 3571 1482 3636 habere
1538 3578 1734 3656 putat
1789 3577 1856 3636 et
1898 3572 2181 3637 fortasse
2227 3592 2306 3636 ex
2347 3576 2609 3638 vetusto
2653 3569 2838 3634 fonte
2883 3589 2930 3632 a

611 3681 797 3746 Livio
842 3685 1171 3744 retentam
1217 3699 1386 3756 esse,
1457 3680 1646 3760 quasi
1702 3678 2062 3764 quidquam
2118 3679 2205 3743 sit
2259 3678 2592 3760 antiquius
2637 3685 2704 3742 et
2748 3683 2930 3741 vete·

614 3809 763 3852 rum
836 3786 1266 3852 formularum
1321 3787 1532 3870 magis
1589 3787 1928 3870 proprium
1987 3805 2188 3868 quam
2246 3785 2402 3850 haec*
2438 3786 2587 3869 ipsa
2640 3785 2711 3849 in
2770 3782 2928 3849 sub·

617 3896 905 3961 stantivo
952 3893 1346 3976 geminando
1395 3894 1769 3978 diligentia:
1816 3893 2042 3958 hisce
2089 3891 2405 3971 duellis,
2454 3890 2662 3974 quod
2707 3889 2932 3955 duel·

615 4004 773 4068 lum
815 4038 902 4047 —
946 4025 1047 4087 qu
1066 4024 1281 4086 aeque
1345 4002 1643 4067 duella.
1764 4001 2066 4081 (Prorsus
2134 3999 2424 4065 eiusdem
2490 3998 2750 4082 generis
2817 4019 2934 4062 ex-

618 4110 900 4193 emplum
950 4111 1294 4175 sententiae
1341 4109 1485 4175 loco
1530 4130 1650 4174 suo
1695 4114 1891 4173 motae
1937 4110 2005 4182 in
2053 4107 2177 4173 hoc
2220 4109 2364 4191 ipso
2410 4105 2581 4172 libro
2627 4127 2680 4169 c.
2729 4109 2829 4183 38,
2889 4108 2934 4167 2
3049 4122 3060 4132 ·

618 4239 659 4282 a
704 4216 1006 4282 Creverio
1063 4223 1131 4282 et
1173 4216 1715 4283 Drakenborchio
1772 4222 2073 4282 notatum
2120 4221 2250 4294 est,
2312 4213 2427 4279 ubi
2476 4212 2934 4278 Weissenbor-

618 4329 766 4391 nius
843 4325 1085 4390 iniuria
1152 4325 1676 4390 additamentum
1744 4322 2012 4389 subesse
2080 4329 2300 4406 putat,
2379 4322 2562 4386 cuius
2631 4319 2796 4385 nihil
2862 4320 2935 4384 in

620 4433 841 4498 codice
909 4432 1264 4517 archetypo
1332 4432 1527 4496 huius
1598 4430 1867 4495 decadis
1935 4429 2144 4495 simile
2212 4431 2579 4513 reperitur,
2658 4428 2937 4493 tertium
