3230 5282
1395 624 1511 683 191
2295 637 2417 693 Lib.
2454 637 2602 691 VIII.

325 816 387 872 ut
424 808 580 890 haec,
633 810 924 893 inquam,
982 809 1302 886 omittam,
1359 806 1427 870 in
1474 807 1709 889 quibus
1755 806 2063 891 antiquus
2110 807 2375 874 subesse
2422 829 2607 874 error

325 924 547 1000 potest,
604 918 812 982 omnis
856 915 1023 981 Livii
1067 915 1361 981 narratio
1408 914 1731 998 proelium
1774 915 2032 998 longius
2079 915 2166 979 ad
2210 917 2603 999 septentrio-

324 1047 452 1090 nem
512 1024 802 1091 confiniis
855 1025 1031 1089 Latii
1087 1023 1591 1107 Campaniaeque
1663 1022 1998 1103 admovet,
2067 1023 2455 1089 conveniens
2523 1025 2602 1103 ei,

326 1133 480 1216 quod
549 1155 687 1199 rem
766 1132 980 1215 ipsam
1059 1132 1385 1215 spectanti
1465 1131 1805 1214 probabile
1874 1131 2080 1196 videri
2147 1153 2412 1197 necesse
2480 1139 2601 1197 est.

323 1242 522 1307 Victos
564 1242 736 1306 enim
769 1239 1040 1304 Latinos
1072 1238 1439 1304 Minturnas
1484 1261 1553 1304 se
1599 1238 1952 1304 contulisse
1998 1239 2227 1304 scribit
2271 1238 2479 1321 (0.10,
2517 1241 2602 1322 9),

326 1370 450 1432 quae
492 1349 575 1413 ad
616 1348 820 1412 Lirim
862 1353 1033 1426 sunt,
1092 1368 1133 1410 a
1175 1346 1449 1412 Vesuvio
1495 1346 1581 1410 ad
1627 1347 2141 1431 septentrionem
2188 1354 2254 1411 et
2299 1348 2595 1413 occiden-
2634 1350 2774 1419 (162)

326 1463 438 1521 tem
478 1477 690 1520 versus
736 1455 962 1520 decem
1008 1476 1215 1539 prope
1259 1453 1464 1519 millia
1486 1454 1880 1520 Germanica
1924 1455 2261 1535 distantes,
2308 1477 2348 1520 a
2381 1455 2608 1540 Capua

325 1564 439 1629 fere
482 1570 758 1648 septem3
828 1561 1098 1646 Capuae,
1167 1561 1343 1645 quod
1400 1563 1767 1646 proximum
1814 1562 2084 1628 suberat
2129 1585 2169 1627 a
2212 1564 2491 1628 Vesuvio
2537 1565 2603 1627 in

325 1670 554 1737 Latium
584 1692 813 1736 versus
847 1669 1250 1754 fugientibus
1283 1670 1794 1753 receptaculum,
1830 1670 2014 1736 nulla
2036 1671 2320 1750 .mentio;
2370 1671 2604 1736 deinde

322 1780 390 1859 (0.
435 1786 524 1859 11,
572 1779 636 1861 5)
681 1778 971 1858 Latinis,
1032 1778 1146 1862 qui
1191 1777 1440 1861 proelio
1488 1777 1979 1860 superfuerant,
2037 1779 2335 1843 Vesciam
2379 1800 2603 1862 recep-

320 1887 579 1952 taculum
624 1887 825 1951 fuisse
872 1892 1132 1965 narrat,
1192 1885 1504 1969 oppidum
1550 1890 1619 1950 et
1660 1886 1872 1970 ipsum
1914 1885 2260 1951 Minturnis
2303 1887 2601 1951 vicinum.

318 1993 628 2060 Postremo
696 1994 951 2058 Latinis
1017 1992 1265 2059 bellum
1329 2013 1645 2058 renovare
1715 1994 2103 2057 conantibus
2170 1993 2452 2058 Manlius
2519 1994 2603 2058 ad

318 2102 627 2167 Trifanum
693 2103 870 2167 inter
934 2101 1303 2166 Minturnas
1371 2106 1439 2166 et
1505 2101 1847 2166 Sinuessas
1914 2101 2217 2165 occurrit.
2339 2101 2438 2165 Ex
2503 2102 2603 2167 his

316 2210 547 2276 indiciis
594 2210 753 2274 mihi
799 2207 1217 2273 manifestum
1260 2208 1549 2287 videtur,
1619 2229 1906 2292 pugnam
1964 2209 2049 2272 ad
2093 2209 2386 2273 Veserim
2430 2210 2604 2275 inter

314 2316 657 2383 Minturnas
704 2318 1133 2401 Vesciamque
1182 2324 1249 2381 et
1295 2315 1610 2400 Capuam,
1670 2316 1785 2381 sed
1829 2315 1960 2380 illis
2007 2316 2266 2400 oppidis
2312 2318 2600 2401 propiuS,

320 2432 652 2508 pugnatam
701 2446 875 2504 esse,
934 2446 1066 2490 non
1113 2425 1209 2488 ita
1253 2423 1444 2507 longe
1492 2424 1578 2488 ad
1624 2425 1963 2488 meridiem
2007 2444 2046 2487 a
2094 2424 2313 2490 Gauro
2360 2432 2601 2505 monte,

315 2532 412 2596 ubi
453 2533 747 2598 Valerius
795 2531 1042 2597 Corvus
1092 2531 1189 2594 III
1235 2532 1464 2599 consul
1512 2531 1837 2596 Samnites
1893 2532 2075 2610 vicit,
2132 2533 2337 2615 magis
2383 2539 2598 2597 tamen

318 2639 389 2704 ad
429 2663 632 2722 mare,
701 2640 1094 2724 Vesuviique
1150 2660 1387 2704 nomen
1443 2638 1611 2705 falso
1671 2639 1906 2704 harum
1961 2662 2180 2705 rerum
2236 2643 2602 2706 narrationi

321 2748 656 2814 admixtum
703 2769 878 2826 esse,
944 2748 1076 2812 sive
1143 2747 1210 2811 id
1280 2753 1432 2812 ante
1499 2747 1752 2812 Livium
1817 2748 2065 2813 factum
2121 2754 2222 2813 est
2277 2749 2409 2814 sive
2465 2751 2603 2833 ipse

321 2876 524 2922 errore
568 2879 686 2941 pro
732 2857 944 2920 minus
990 2862 1145 2920 noto
1192 2857 1453 2920 nomine
1498 2855 1623 2920 1100
1668 2857 1886 2939 posuit
1919 2856 2050 2920 sive
2086 2855 2366 2939 denique
2401 2857 2465 2920 in
2500 2879 2605 2922 co-

318 2962 550 3029 dicibus
583 2966 722 3030 eius
756 2964 1063 3029 mendum
1098 2969 1315 3028 ortum
1350 2969 1468 3028 est.
1526 2962 1698 3027 Huic
1732 2964 1946 3027 tertiae
1985 2964 2338 3045 suspicioni
2363 2964 2601 3045 obstat,

317 3072 475 3153 quod
515 3072 759 3137 nullum
804 3070 1063 3136 videtur
1107 3091 1250 3135 esse
1297 3070 1494 3153 paulo
1541 3070 1761 3136 notius
1807 3071 2047 3135 montis
2094 3072 2269 3135 circa
2315 3092 2393 3135 ea
2435 3071 2602 3150 loca,

317 3199 448 3258 quae
489 3178 872 3263 significavi,
940 3179 1050 3243 siti
1096 3199 1350 3259 nomen,
1420 3178 1597 3261 quod
1644 3178 2080 3261 probabiliter
2127 3177 2437 3243 substitui
2482 3202 2600 3261 pro

314 3283 549 3350 Vesuvii
597 3288 820 3370 possit.
910 3285 1079 3350 Nam
1125 3306 1205 3350 ex
1249 3286 1589 3351 Vescino
1638 3285 1888 3364 saltu,
1949 3284 2063 3368 qui
2107 3284 2185 3364 X,
2246 3288 2322 3348 21
2374 3287 2601 3369 appel·

315 3391 503 3473 latur,
565 3400 852 3458 montem
897 3394 1249 3459 Vescinum
1306 3392 1566 3458 efficere
1624 3415 1754 3458 non
1811 3393 2055 3473 aude03
2122 3391 2386 3458 Massici
2433 3394 2597 3461 situs

316 3503 690 3580 conveniret,
752 3523 987 3566 nomen
1034 3501 1252 3566 distat.
1356 3499 1588 3583 Itaque
1635 3501 1938 3566 librarios
1984 3523 2065 3565 ne
2113 3507 2360 3566 temere
2407 3523 2601 3568 accu-

313 3628 503 3674 semus
545 3609 1051 3698 scrupulumque
1094 3609 1561 3691 relinquamus.

465 3715 616 3801 Cap.
665 3721 725 3796 9,
775 3721 844 3780 ¹7:
904 3738 1208 3799 precor,
1254 3736 1615 3794 veneror,
1662 3717 1968 3780 veniam
2014 3723 2196 3800 peto
2243 3715 2596 3801 feroque.

310 3818 466 3886 Nihil
532 3845 671 3890 esse
743 3825 1054 3888 veniam
1121 3823 1152 3887 f
1165 3844 1340 3888 erre
1409 3821 1564 3904 (dis)
1635 3843 1965 3905 praveque
2046 3825 2351 3907 coniungi
2412 3833 2595 3909 peto

311 3927 645 4017 feroque,
693 3931 1002 3997 Dukerus
1048 3931 1400 4012 intellexit3
1448 3931 1973 3996 emendationem
2016 3933 2310 4016 repperit
2352 3933 2595 3998 Forch·

309 4034 607 4121 hammer,
677 4041 791 4124 qui
860 4061 938 4105 ex
1004 4045 1191 4123 peto
1263 4059 1560 4123 oroque
1630 4044 1844 4103 ortum
1918 4060 2059 4104 esse
2128 4046 2596 4123 petoroque‚

308 4149 433 4210 tum
479 4149 645 4214 male
704 4148 1070 4232 supplendo
1127 4145 1471 4230 feroque
1531 4146 1714 4210 vidit.
1784 4144 2028 4228 (1861.)
2130 4147 2385 4214 Deinde
2431 4146 2463 4231 ἕ
2517 4153 2593 4213 10

310 4250 703 4321 humanum
771 4257 1030 4321 visum
1099 4276 1217 4338 pro
1287 4255 1630 4319 humana
1695 4254 1966 4337 specie
2033 4276 2163 4320 non
2229 4262 2408 4321 recte
2467 4256 2596 4321 dici

311 4357 651 4430 Gronovius
699 4363 1050 4442 intellexit3
1098 4362 1212 4428 sed
1260 4368 1360 4428 est
1404 4362 1581 4427 aliud
1627 4367 1965 4455 praeterea·
1990 4362 2207 4427 mendi
2252 4364 2593 4444 indicium;
