3230 5282
1422 627 1544 689 687
2266 641 2389 701 Lib.
2424 640 2619 696 XLIV.

509 806 665 895 Cap.
720 815 816 890 15',
870 817 931 875 l:
1003 807 1395 877 Claudius
1474 812 1687 882 nihil
1755 797 2227 895 responsum
2311 813 2626 894 (Rhodio-

334 940 479 984 rum
545 918 781 1001 legatis
848 919 1128 1003 superbe
1172 920 1614 986 Romanorum
1682 926 1980 986 senatum
2046 920 2131 985 ad
2184 940 2411 1004 pacem
2478 942 2626 987 cum

334 1027 572 1093 Perseo
619 1027 987 1093 faciendam
1029 1026 1478 1109 hortantibus)
1526 1036 1815 1094 auctor
1860 1034 2014 1108 est;
2057 1035 2373 1094 tantum
2409 1050 2624 1095 sena-

334 1141 467 1201 tus
531 1135 991 1200 consultum
1056 1137 1530 1215 recitatum,
1577 1157 1727 1220 quo
1776 1136 2025 1203 Caras
2084 1143 2158 1201 et
2206 1137 2494 1221 Lycios
2538 1138 2624 1202 li-

333 1243 572 1308 beros
630 1264 804 1308 esse
872 1243 1021 1324 (nec
1083 1264 1317 1327 parere
1363 1244 1664 1327 Rhodiis)
1710 1243 2035 1310 iuberet
2077 1245 2431 1329 populus
2476 1246 2624 1310 Ro-

331 1372 639 1431 manus,
703 1350 1208 1436 litterasque
1275 1353 1681 1438 extemplo
1748 1353 1966 1418 mitti
2025 1351 2123 1417 ad
2189 1358 2613 1434 utramque
2649 1360 2798 1430 (569)

333 1465 645 1542 gentem
702 1461 954 1526 sciret
1007 1460 1466 1526 indicatum
1519 1462 1755 1527 mitti.
1847 1461 1955 1527 Sic
1999 1460 2205 1527 codex
2250 1460 2424 1539 (edd.
2474 1468 2625 1526 ante

331 1567 593 1652 Kreyss.
668 1568 1024 1649 scireut).
1115 1569 1430 1635 Extrema
1508 1576 1821 1654 corrupta
1895 1576 2012 1635 aut
2086 1568 2398 1634 lacunosa
2462 1590 2622 1650 esse,

330 1677 771 1756 consentitur:
838 1698 1050 1759 neque
1095 1683 1317 1743 tamen
1381 1677 1571 1743 valde
1618 1698 1812 1761 grave
1867 1676 2101 1743 vulnus
2158 1698 2298 1743 esse
2343 1677 2619 1744 videtur.

330 1784 678 1852 Constabit
714 1786 886 1850 enim
919 1787 1261 1865 sententia,
1301 1787 1356 1851 si
1394 1786 1746 1862 scribetur:
1792 1785 2296 1870 litterasque
2341 1793 2623 1852 extem·

330 1895 459 1977 plo
501 1893 602 1959 ad
634 1900 1063 1977 utramque
1101 1900 1436 1977 gentem,
1484 1902 1559 1956 ut
1595 1895 1849 1960 sciret
1879 1894 2343 1974 iudicatum,
2388 1896 2621 1961 mitti.

330 2000 617 2068 Causam
687 2023 728 2067 a
771 2001 1014 2086 populo
1060 2002 1353 2067 Romano
1421 2007 1759 2086 tamquam
1829 2001 2091 2068 domino
2160 2003 2488 2084 cognitam
2554 2009 2622 2068 et

328 2110 690 2176 iudicatam
755 2130 932 2189 esse,
1002 2109 1317 2177 edocendi
1385 2108 1585 2176 Cares
1654 2116 1722 2175 et
1774 2109 1955 2194 Lycii
2023 2116 2227 2176 erant.
2322 2109 2449 2193 [Ut
2492 2112 2623 2177 iam

331 2215 688 2303 Sigonius]

499 2326 659 2410 Cap.
713 2330 807 2406 16,
853 2331 923 2390 4:
993 2324 1059 2391 C.
1110 2324 1535 2409 Sulpicius
1581 2348 1689 2409 pr.
1740 2347 1878 2392 sex
1921 2325 2183 2392 millia
2226 2333 2621 2410 togarum,

325 2437 677 2520 triginta
719 2435 1177 2500 tunicarum
1221 2440 1300 2499 et
1343 2454 1600 2518 equos
1660 2433 2167 2518 deportanda
2231 2436 2310 2500 in
2363 2435 2623 2501 Mace-

327 2546 645 2611 doniam
708 2577 795 2588 -
858 2542 1184 2610 locavit.
1285 2541 1505 2607 Etiam
1559 2563 1877 2624 equorum
1932 2563 2239 2608 numerus
2284 2543 2622 2627 ponendus

327 2662 489 2721 erat.
583 2652 822 2720 Codex:
891 2652 1356 2719 tunicarum
1422 2672 1684 2735 equos
1729 2657 1808 2717 et
1853 2651 2391 2735 deportanda,
2446 2654 2620 2720 unde

327 2762 840 2829 Forchhammer
885 2760 1239 2827 efficiebat:
1306 2760 1802 2838 tunicarum,
1871 2780 2122 2842 equos
2168 2758 2282 2825 CC
2339 2759 2623 2845 depor-

324 2871 595 2937 tanda.
664 2871 907 2936 Verum
948 2890 1080 2936 nou
1127 2866 1670 2951 deportabantur
1693 2866 2089 2933 exercitibus
2133 2869 2512 2934 necessaria
2552 2871 2621 2934 in

324 2979 753 3062 provinciam,
822 2977 940 3044 sed
1005 2975 1447 3061 portabantur
1513 2974 1740 3057 (XXV,
1790 2978 1846 3054 3,
1899 2979 1995 3054 10,
2043 2974 2196 3041 Sall.
2242 2975 2377 3059 Iug.
2428 2981 2507 3040 36
2552 2985 2620 3042 et

330 3085 510 3169 104);
558 3088 782 3169 itaque
825 3085 1075 3151 malim:
1120 3085 1576 3150 tunicarum
1622 3088 1704 3149 et
1749 3103 2003 3166 equos
2041 3081 2153 3148 CC
2190 3084 2619 3166 portanda.

326 3194 408 3279 [E
454 3195 807 3279 provinciis
852 3201 920 3260 et
973 3194 1232 3263 omnino
1291 3213 1326 3259 e
1369 3192 1535 3257 locis
1602 3192 1971 3275 longinquis
2019 3197 2084 3256 et
2141 3190 2473 3275 dissipatis
2518 3213 2621 3258 res

325 3305 388 3367 in
434 3303 669 3369 urbem
715 3309 833 3367 aut
877 3308 1119 3368 certam
1166 3300 1417 3380 sedem,
1486 3300 1598 3365 ubi
1655 3320 1880 3365 earum
1925 3321 2083 3366 usus
2147 3306 2280 3378 est,
2339 3300 2484 3384 dep
2501 3321 2621 3366 or-

324 3418 615 3477 tantur
658 3417 726 3476 et
772 3407 1271 3491 convehuntur]
1358 3408 1539 3473 Infra
1583 3406 1617 3491 ξ
1663 3412 1721 3489 8,
1765 3409 1879 3473 ubi
1924 3408 2167 3473 editur:
2215 3406 2620 3474 Censores

327 3540 647 3585 censum
702 3518 976 3584 idibus
1042 3516 1625 3583 Decembribus
1694 3517 2062 3581 severius
2130 3536 2366 3599 quam
2431 3524 2619 3583 ante

324 3627 819 3706 habuerunt,
884 3628 952 3690 in
1019 3626 1242 3692 codice
1306 3626 1407 3690 ita
1464 3623 1776 3689 scribitur
1845 3623 2115 3706 (omisso
2182 3624 2618 3706 censores):

322 3755 746 3801 recensum
791 3733 1067 3800 idibus
1114 3739 1236 3798 cet.
1316 3731 1581 3798 Excidit
1624 3732 1826 3813 igitur
1868 3732 2128 3798 initium
2173 3753 2432 3810 eorum,
2479 3754 2622 3817 quae

325 3843 405 3907 de
476 3863 753 3907 censura
820 3841 1002 3906 dicta
1066 3848 1274 3920 erant,
1344 3847 1614 3906 senatus
1632 3891 1647 3920 ‚
1714 3840 1964 3924 opinor,
2006 3841 2161 3907 lecti
2226 3841 2620 3906 mentionem

325 3951 701 4030 confinem,
774 3948 1101 4034 scribique
1168 3950 1261 4014 sic
1327 3947 1551 4015 debet:
1619 3948 1653 3986 *
1696 3947 1731 3986 *
1797 3947 2136 4026 equit-n
2204 3969 2616 4014 recensum

465 4157 779 4227 inopiam
815 4158 1117 4212 insulam
1152 4159 1419 4228 inopem
1446 4158 1611 4212 miss
1613 4197 1986 4213 ........
2026 4158 2303 4212 ritimus
2341 4156 2620 4211 iuuetur

464 4241 896 4311 colendaque
933 4244 1426 4298 commeatibus
1469 4260 1613 4298 cum
1651 4248 1758 4298 cet.
1828 4242 1993 4297 Effici
2043 4242 2289 4296 videtur:
2343 4242 2517 4297 mari
2551 4270 2619 4280 —

462 4327 883 4397 intercluso,
920 4328 985 4381 in
1023 4344 1210 4397 opem
1238 4328 1560 4397 insulam,
1599 4329 1737 4383 nisi
1760 4328 2131 4382 maritimis
2160 4328 2431 4382 iuvetur
2459 4344 2623 4381 com·

461 4413 830 4482 meatibus,
878 4414 1184 4468 colentes
1240 4412 1608 4482 (colentis).
1681 4413 1917 4483 Itaque
1971 4430 2116 4467 cum
2172 4418 2274 4467 cet.
2357 4412 2432 4467 Et
2483 4412 2619 4467 nisi

461 4527 529 4537 —
566 4499 720 4553 inve
734 4505 842 4553 tur
876 4500 1044 4554 etiam
1081 4497 1388 4568 Gitlbauer,
1428 4505 1621 4554 cetera
1653 4499 2127 4569 improbabiliter,
2169 4516 2222 4568 p.
2257 4497 2363 4567 91.]
