3230 5282
547 614 670 667 Lib.
709 613 916 668 XXVII
925 645 942 666 ‚ff
1646 601 1768 661 396

721 784 877 869 Cap.
932 790 1025 866 13,
1079 790 1183 849 11:
1243 786 1730 869 pronuntiat
1777 784 2209 865 (Marcellus),
2254 806 2295 849 a
2340 785 2638 869 quibus
2685 793 2869 851 orta

548 894 817 978 pridie
864 893 1056 977 fuga
1101 900 1345 969 esset,
1406 893 1983 975 cohortesque,
2045 914 2213 978 quae
2259 895 2494 977 signa
2540 895 2864 958 amisis-

550 1008 759 1080 sent,
830 1023 910 1066 se
976 1003 1053 1064 in
1113 1002 1451 1085 primam
1509 1002 1768 1066 aciem
1825 1001 2368 1066 inducturum.
2481 1001 2627 1067 Non
2685 1005 2864 1067 recte

552 1111 794 1193 singuli
848 1110 1091 1175 milites
1150 1108 1217 1189 (a
1263 1108 1584 1193 quibus)
1631 1116 2023 1192 separantur
2068 1131 2108 1174 a
2154 1109 2557 1175 cohortibus.
2661 1110 2864 1176 Recte

550 1219 616 1282 in
661 1217 712 1281 P
757 1218 1100 1282 scribitur:
1170 1238 1211 1281 a
1273 1217 1573 1301 quibus
1631 1225 1810 1283 orta
1866 1218 2135 1301 pridie
2181 1217 2372 1299 fuga
2417 1225 2668 1297 esset,
2738 1239 2865 1284 co-

548 1326 827 1392 hortes
895 1347 1231 1410 quaeque
1300 1327 1526 1408 signa
1594 1326 2097 1405 amisissent,
2167 1361 2252 1371 —
2317 1325 2863 1392 inducturum.

549 1435 692 1499 Etsi
763 1436 830 1499 in
896 1434 1015 1499 tali
1068 1454 1140 1498 re
1199 1433 1497 1498 codicum
1552 1426 2005 1499 testimonium
2060 1434 2305 1498 nullius
2362 1435 2675 1500 momenti
2735 1442 2866 1516 est:

553 1543 677 1607 vid.
726 1542 812 1607 ad
857 1542 1057 1621 XXV,
1104 1546 1203 1621 28,
1252 1541 1382 1622 6.¹)

376 1673 525 1744 (323)
735 1650 895 1734 Cap.
948 1654 1059 1729 18,
1119 1655 1156 1714 6
1215 1648 1309 1731 (in
1367 1632 1809 1732 descriptione
1865 1648 2022 1728 loci,
2078 1650 2192 1714 ubi
2236 1650 2613 1715 Hasdrubal
2660 1673 2865 1735 prope

551 1759 884 1824 Baeculam
930 1780 970 1822 a
1017 1756 1319 1842 Scipione
1378 1759 1588 1822 victus
1636 1756 1798 1838 est):
1868 1778 2035 1822 eam
2093 1779 2411 1841 quoque
2470 1758 2865 1842 (planitiem)

552 1867 822 1931 altera
868 1866 1202 1950 crepido
1246 1865 1459 1931 haud
1504 1864 1844 1929 facilior
1887 1866 1965 1929 in
2012 1887 2434 1930 ascensum
2482 1866 2864 1931 ambibat.

555 1973 717 2040 Cum
764 1975 1277 2040 insolentissimo
1322 1975 1447 2039 hoc
1488 1973 1801 2057 loquendi
1836 1994 2076 2056 genere
2112 1973 2420 2055 (facilis
2468 1976 2544 2038 in
2592 1996 2865 2040 ascen-

552 2105 738 2149 sum.
787 2091 861 2148 ut
907 2084 1012 2160 sit,
1064 2083 1177 2165 qui
1221 2082 1413 2147 facile
1458 2081 1864 2162 ascenditur)
1900 2081 2475 2147 Weissenbornius
2522 2088 2865 2166 comparat

555 2191 648 2268 II,
703 2196 809 2264 15,
860 2196 916 2268 2,
961 2190 1072 2254 ubi
1119 2190 1397 2254 facilis
1444 2190 1746 2255 absolute
1793 2190 2034 2254 dicitur
2080 2188 2548 2273 (nachgiebig),
2594 2190 2862 2255 additur

554 2307 775 2364 autem
830 2299 911 2363 de
971 2296 1205 2363 effectu
1262 2298 1634 2363 facilitatis:
1702 2299 1782 2362 in
1837 2299 2281 2381 perniciem
2344 2311 2576 2363 suam.
2679 2296 2858 2362 Nihil

558 2407 966 2482 dissimilius,
1031 2407 1161 2469 nisi
1229 2406 1406 2488 quod
1465 2414 1749 2489 utroque
1806 2406 1953 2471 loco
2012 2405 2292 2470 facilis
2351 2415 2417 2470 et
2471 2407 2548 2471 in
2603 2406 2860 2489 legitur.

555 2515 920 2580 Lenissimo
979 2513 1270 2578 remedio
1326 2514 1602 2578 tolletur
1646 2513 2067 2578 manifestum
2111 2515 2307 2578 huius
2352 2514 2482 2579 loci
2527 2515 2861 2578 mendum:

555 2621 919 2687 faciliori
975 2640 1340 2687 ascensu.
1445 2620 1660 2699 Quum
1717 2621 2029 2688 librarius
2076 2623 2474 2707 scripsisset:
2535 2622 2864 2706 crepido

554 2730 761 2795 haud
807 2730 1169 2809 facilior,
1231 2752 1308 2795 ex
1354 2730 1378 2793 l
1421 2730 1676 2810 littera,
1735 2753 1878 2813 quse
1923 2739 2299 2815 supererat,
2357 2730 2667 2823 fecitin,
2724 2737 2865 2794 tum

557 2860 990 2904 ascensum.

729 2945 886 3031 Cap.
935 2951 1036 3025 20,
1085 2949 1151 3009 3:
1221 2945 1512 3011 Paucis
1569 2954 1753 3031 post
1797 2983 1883 2992 —
1927 2947 2217 3012 diebus
2271 2984 2343 2991 —
2392 2944 2868 3012 Hasdrubal

557 3055 943 3137 Gisgonis
1004 3053 1242 3118 filius
1302 3062 1379 3119 et
1423 3054 1655 3138 Mago
1712 3056 2254 3138 imperatores
2311 3077 2399 3120 ex
2456 3055 2865 3118 ulteriore

553 3163 949 3246 Hispania
995 3161 1087 3226 ad
1132 3162 1727 3226 Hasdrubalem
1773 3183 2081 3241 venere,
2133 3184 2392 3227 serum
2439 3167 2620 3246 post
2664 3161 2866 3225 male

555 3276 859 3352 gestam
935 3291 1095 3334 rem
1179 3271 1604 3349 auxilium,
1690 3270 2042 3335 consilio
2121 3271 2199 3334 in
2278 3278 2567 3336 cetera
2634 3290 2866 3334 exse-

555 3378 873 3462 quenda
926 3377 1130 3441 belli
1190 3377 1403 3441 haud
1461 3398 1743 3460 parum
1800 3380 2263 3461 opportuni.
2379 3378 2598 3443 Sensit
2656 3377 2862 3441 Weis-

556 3485 944 3551 senbornius
1019 3506 1321 3568 perverse
1392 3485 1530 3549 haeo
1599 3486 1760 3565 dici,
1794 3497 1950 3550 ‘nec
2007 3493 2229 3552 tamen
2288 3486 2603 3551 damnare
2668 3506 2866 3549 ausus

556 3600 671 3658 est.
776 3591 947 3669 Quid
993 3599 1095 3658 est
1139 3593 1340 3656 enim:
1413 3593 1847 3658 consilium
1908 3593 2112 3658 belli
2170 3595 2248 3657 in
2307 3600 2591 3658 cetera
2637 3613 2866 3657 exse-

557 3701 876 3784 quenda
922 3708 1037 3764 aut*
1083 3699 1439 3782 (quomodo
1486 3702 1627 3783 ipse
1672 3701 1873 3766 verba
1918 3701 2242 3782 ordinat):
2302 3701 2742 3767 consilium
2788 3702 2869 3764 in

558 3816 836 3873 cetera
901 3807 1100 3873 belli
1168 3809 1734 3891 exsequenda?
1812 3808 1970 3886 Quis
2030 3810 2225 3875 dixit:
2297 3809 2744 3875 consilium
2788 3810 2867 3871 in

614 4079 666 4147 ¹)
703 4080 834 4149 Cap.
880 4062 968 4145 14,
1015 4081 1048 4132 9
1083 4078 1321 4132 fortasse
1370 4078 1755 4134 scribendum:
1814 4079 2092 4134 Haesere
2141 4085 2381 4135 omnia
2427 4081 2570 4134 tela
2604 4109 2673 4117 —
2709 4096 2871 4133 con-

693 4164 1256 4304 {Zssiissuliissbssfiini‘
1267 4169 1404 4303 {102¹ss
1428 4166 2501 4317 3530513'0‘1212121202203'11332.‘322'ss
2549 4165 2679 4319 ἒίξ.
2711 4164 2871 4315 ‘3⁰6ss

694 4333 1045 4389 LXXXIII
1107 4335 1333 4388 millia
1385 4342 1711 4405 corruptum
1766 4354 1889 4390 esse
1947 4342 2187 4391 constat.
2281 4337 2542 4391 Fortasse
2600 4335 2705 4388 fuit
2757 4333 2866 4387 111

693 4421 919 4475 millia
954 4418 1207 4473 LXXX.
1264 4419 1467 4489 Capuae
1505 4426 1673 4490 capta
1708 4422 1827 4474 auri
1865 4421 2055 4490 pondo
2092 4421 2149 4474 11
2186 4423 2366 4475 millia
2400 4421 2569 4475 Lxx.
2629 4420 2833 4487 (1863.)
