3230 5282
1534 618 1658 679 597

445 803 726 870 subinde
772 804 907 868 suis
949 801 1112 868 locis
1158 803 1450 868 collectis
1497 801 1807 886 exemplis
1851 800 2117 866 notabo.
2207 799 2284 864 In
2339 800 2556 865 verbis
2602 800 2734 865 sin-
2771 806 2918 875 (490)

446 912 617 997 gulis
650 910 1025 996 pluribusve
1071 911 1447 977 omittendis
1485 916 1738 993 quanta
1780 909 1984 975 fuerit
2024 908 2283 974 librarii
2316 908 2748 991 neglegentia,

447 1042 580 1086 non
627 1020 842 1086 solum·
894 1020 1010 1085 ubi
1067 1020 1297 1086 eadem
1364 1020 1682 1085 similiave
1746 1017 2067 1084 vocabula
2134 1038 2335 1102 parvo
2401 1019 2745 1086 intervallo

448 1130 672 1214 posita
715 1150 1001 1193 errorem
1049 1128 1445 1205 obiecerunt,
1492 1129 1625 1192 iam
1660 1149 1740 1193 ex
1776 1127 1992 1192 indice
2025 1126 2138 1191 illo
2173 1127 2464 1192 locorum
2510 1150 2551 1193 a
2583 1127 2746 1212 Gry-

448 1258 591 1302 naeo
634 1237 981 1302 verborum
1027 1237 1388 1301 adiectione
1436 1237 1890 1320 suppletorum
1933 1235 2224 1318 intellegi
2270 1241 2508 1318 potest,
2553 1256 2748 1318 quem

448 1345 861 1430 Kreyssigius
904 1346 1139 1411 Annot.
1186 1368 1248 1429 p.
1300 1349 1376 1408 12
1423 1347 1662 1428 posuit,
1710 1346 1833 1410 etsi
1878 1346 1935 1409 is
1981 1352 2049 1409 et
2093 1344 2411 1428 plurimos
2456 1344 2605 1410 illos
2649 1345 2745 1409 lo·

450 1475 580 1535 cos,
630 1477 794 1538 quos
839 1457 969 1520 iam
1015 1452 1347 1519 Bekkerus
1390 1460 1756 1533 notaverat,
1802 1454 2020 1518 omisit
2063 1459 2130 1517 et
2174 1452 2535 1536 permultos
2581 1453 2746 1518 alios

448 1584 663 1648 neque
712 1586 823 1652 eas
868 1564 1137 1630 lacunas
1179 1564 1548 1627 numeravit
1591 1564 1753 1627 satis
1796 1562 2038 1627 multas
2072 1560 2530 1644 molestasque,
2580 1583 2746 1646 quas

452 1679 567 1738 aut
622 1671 939 1756 Grynaeus
1006 1673 1257 1738 notavit
1320 1679 1610 1750 tantum,
1685 1670 1989 1755 supplere
2047 1691 2244 1733 ausus
2298 1692 2431 1735 non
2487 1678 2588 1736 est
2647 1670 2748 1752 (ut

451 1781 674 1846 statim
718 1780 864 1844 XLI
910 1802 962 1845 c.
1011 1786 1111 1859 21,
1159 1785 1215 1861 9,
1263 1802 1315 1846 c.
1363 1784 1463 1859 23,
1511 1780 1595 1863 3),
1645 1787 1760 1844 aut
1805 1779 1888 1845 ab
1936 1799 2014 1844 eo
2072 1800 2200 1842 non
2248 1778 2745 1859 animadversas,

451 1889 686 1955 saltem
731 1912 863 1955 non
909 1896 1194 1969 notataS,
1239 1890 1641 1973 posteriores
1686 1886 2070 1969 notarunt1)
2118 1886 2221 1968 (ut
2264 1888 2553 1956 eiusdem
2596 1889 2748 1955 libri

587 2186 840 2249 tempora
901 2181 1197 2246 sciebatur,
1255 2181 1313 2234 in
1366 2180 1558 2234 codice
1612 2180 1779 2234 aliter
1833 2184 1999 2247 atque
2051 2179 2109 2232 in
2147 2179 2310 2233 editis
2347 2196 2477 2233 esse.
2552 2180 2748 2235 Cetera

590 2283 810 2335 quoque
846 2267 1174 2321 communia
1210 2283 1462 2320 errorum
1499 2282 1721 2336 genera,
1760 2266 1915 2320 velut
1948 2266 2406 2319 terminationum
2444 2266 2516 2319 ad
2550 2267 2739 2335 proxi-

588 2368 682 2404 ma
735 2352 1336 2419 accommodationem,
1382 2353 1554 2406 etiam
1605 2353 1667 2406 in
1720 2352 1827 2406 hoc
1864 2351 2060 2405 codice
2121 2353 2381 2419 reperiri,
2429 2353 2569 2406 nihil
2606 2370 2748 2423 opus

590 2442 678 2490 est
713 2437 1100 2491 demonstrari.
1175 2436 1526 2508 [„Singulare
1561 2437 1789 2493 errandi
1825 2455 2002 2506 genus
2053 2438 2300 2507 positum
2335 2444 2422 2492 est
2455 2439 2514 2493 in
2550 2440 2743 2493 antici·

587 2524 815 2592 patione
851 2524 1117 2594 quadam,
1175 2542 1345 2594 quum
1395 2525 1659 2579 librarius
1713 2525 1875 2579 oculo
1928 2525 2095 2577 nimis
2147 2530 2487 2593 properante
2522 2525 2742 2579 litteras

589 2610 903 2679 syllabasve
940 2616 1038 2665 aut
1073 2611 1371 2665 verborum
1409 2611 1655 2681 speciem
1694 2627 1761 2665 ex
1795 2610 1890 2677 iis,
1935 2625 2061 2678 quoe
2111 2617 2447 2679 sequuntur,
2493 2610 2743 2666 intermi-

586 2701 707 2750 scet
741 2696 1023 2764 prioribus
1060 2702 1158 2750 aut
1191 2715 1294 2767 pro
1330 2697 1613 2766 prioribus
1652 2699 1829 2765 ponit,
1883 2701 1947 2749 ut
1981 2696 2162 2761 XLII,
2200 2699 2283 2763 54,
2320 2699 2369 2763 7,
2406 2715 2574 2766 quum
2612 2698 2747 2752 scri-

585 2781 831 2835 bendum
867 2786 1016 2835 esset
1060 2801 1142 2837 ne
1195 2788 1534 2852 temptata
1587 2782 1863 2852 quidem
1918 2782 2465 2851 oppugnatione,
2521 2785 2750 2852 scripsit

585 2884 665 2922 ne
701 2873 1002 2936 pugnata
1037 2868 1332 2935 quidem,
1388 2869 1612 2923 obiecta
1659 2868 1818 2922 verbi
1855 2868 2038 2937 specie
2075 2884 2142 2920 ex
2196 2869 2746 2937 oppugnation03

588 2952 840 3007 eiusdem
892 2954 1112 3022 generis
1158 2959 1244 3007 est
1278 2953 1461 3021 XLII,
1497 2957 1580 3019 65,
1624 2956 1688 3006 10
1741 2953 2483 3007 circumfundabantur
2535 2953 2751 3010 funda
2821 3006 2832 3014 ,

584 3054 691 3105 pro
764 3038 1370 3093 circumdabantur
1446 3046 1506 3093 et
1574 3038 1774 3093 XLIV.
1847 3041 1930 3104 33,
1999 3042 2056 3092 11
2131 3055 2206 3091 ex
2289 3039 2548 3092 statiua
2606 3045 2745 3095 sta·

591 3123 785 3177 tione
865 3142 968 3192 pro
1041 3141 1119 3177 ex
1171 3125 1514 3178 matutina
1583 3130 1642 3177 et
1712 3127 1797 3193 34,
1858 3128 1882 3176 1
1940 3124 2264 3179 contione
2336 3124 2750 3179 adnuntiata

584 3209 1118 3277 pronuntiasset
1170 3209 1273 3277 prd
1327 3209 1685 3263 advocata.
1774 3209 2029 3263 Alterum
2092 3226 2270 3276 genus
2325 3215 2411 3263 est
2457 3210 2637 3264 simile
2693 3217 2749 3266 et

587 3300 892 3362 cognatum
929 3295 988 3348 in
1023 3294 1405 3364 praecipienda
1442 3296 1838 3350 terminatione
1867 3300 1923 3347 et
1948 3294 2129 3347 forma
2155 3295 2415 3348 vocabuli
2444 3299 2746 3367 sequentis,

585 3386 649 3433 ut
676 3380 849 3447 XLII,
885 3382 970 3447 49,
1007 3383 1041 3434 8
1086 3382 1357 3434 scribitur
1393 3399 1542 3434 cum
1590 3381 1702 3435 his
1751 3381 2264 3446 cogitationum
2311 3383 2602 3436 omnium
2638 3401 2742 3437 or-

587 3465 812 3519 dinum
850 3484 953 3535 pro
990 3468 1550 3535 cogitationibus
1604 3474 1662 3521 et
1713 3469 1797 3533 60,
1833 3467 1866 3518 6
1901 3466 1969 3518 in
2023 3466 2332 3518 transitu
2384 3465 2748 3522 fluminum

584 3551 886 3604 hostium
924 3569 1027 3622 pro
1064 3552 1377 3606 fluminis
1414 3559 1471 3606 et
1506 3555 1590 3621 65,
1629 3555 1662 3606 9
1695 3552 1824 3607 hoc
1861 3550 1992 3604 illo
2038 3550 2293 3604 bellum
2347 3569 2594 3608 novum
2638 3572 2744 3623 pro

587 3636 784 3691 bello.
857 3637 984 3691 Non
1030 3639 1112 3691 ita
1147 3655 1279 3692 raro
1316 3638 1577 3692 librarius
1628 3639 1905 3691 obiectam
1942 3637 2128 3690 animo
2176 3654 2243 3689 ex
2285 3636 2489 3691 litteris
2526 3638 2741 3708 aliquot

587 3725 829 3792 speciem
864 3723 1019 3775 verbi
1059 3729 1157 3777 aut
1190 3724 1383 3778 formoe
1420 3724 1656 3779 licenter
1692 3723 1942 3792 sequitur
1978 3729 2035 3776 et
2070 3722 2259 3791 explet
2287 3720 2406 3788 (cfr.
2446 3722 2515 3775 de
2550 3724 2744 3778 codice

585 3808 867 3862 Puteaneo
904 3826 956 3876 p.
976 3809 1115 3875 207),
1152 3815 1217 3862 ut
1250 3808 1431 3877 XLII,
1470 3812 1554 3876 21,
1589 3813 1624 3864 8
1660 3807 2233 3878 plebissciuitati
2268 3808 2616 3878 iussitque
2653 3810 2744 3877 (ex

587 3892 789 3947 litteris
844 3894 1059 3959 ciuit),
1094 3897 1180 3961 41,
1219 3896 1252 3947 6
1298 3911 1562 3948 sumere
1615 3900 2065 3949 accusaturus
2111 3909 2214 3962 pro
2271 3912 2412 3947 sum
2455 3911 2525 3949 re
2546 3912 2741 3949 cusa-

584 3985 781 4033 turus
818 3978 1083 4046 (expletO,
1124 3979 1275 4048 quod
1311 3987 1440 4049 post
1492 3998 1760 4035 sumere
1795 3980 2062 4044 restabat,
2099 3982 2502 4046 cusaturus),
2538 3980 2740 4048 XLIII,

585 4065 635 4132 6,
675 4067 739 4117 10
775 4065 1214 4118 committere
1249 4082 1519 4134 possum
1556 4083 1659 4135 pro
1690 4066 1983 4120 comiter
2009 4082 2436 4133 responsum;
2491 4065 2743 4120 indidem

588 4155 712 4203 orta
745 4150 871 4203 hos
908 4151 1101 4204 noris
1139 4167 1239 4219 pro
1276 4150 1560 4204 honoris
1595 4150 1772 4216 XLII,
1816 4154 1898 4217 24,
1935 4153 1968 4202 '7
2006 4157 2064 4204 et
2118 4150 2430 4218 accipiat
2479 4152 2585 4205 his
2638 4168 2740 4221 pro

586 4237 954 4305 accipiatis
993 4254 1038 4290 c.
1076 4239 1161 4303 42,
1199 4236 1281 4288 7.“
1352 4236 1440 4289 Ex
1474 4236 1629 4306 praes.
1675 4234 1842 4305 1864]

496 4319 544 4389 ι)
581 4321 737 4374 Alius
774 4323 998 4389 generis
1037 4329 1147 4388 est,
1196 4321 1350 4391 quod
1384 4322 1668 4376 nonnullis
1722 4323 1865 4376 locis
1918 4322 2157 4375 maxime
2209 4322 2269 4376 in
2312 4321 2454 4376 libro
2491 4321 2620 4375 XLI
2656 4323 2740 4388 (ut

586 4424 632 4461 c.
669 4409 754 4473 21,
796 4409 879 4474 22,
915 4410 1000 4474 27,
1039 4408 1147 4477 28),
1204 4425 1308 4477 per
1345 4407 1564 4475 aliquot
1596 4425 1791 4462 versus
1844 4407 2040 4461 charta
2092 4424 2320 4460 corrosa
2364 4414 2422 4461 et
2468 4415 2737 4476 corrupta
