3230 5282
556 602 679 656 Lib.
717 601 916 655 XXIV.
1654 588 1775 650 352

560 773 1071 851 Carmentalem,
1140 771 1252 836 sed
1322 772 1502 835 intra
1567 791 1715 835 eam
1787 770 1992 837 fuisse
2049 777 2338 851 constet,
2407 777 2729 840 retinetur
2785 777 2870 841 ab

560 880 893 959 omnibus,
974 881 1155 963 quod
1232 880 1455 944 nescio
1534 880 1682 961 quis
1762 887 1951 945 vetus
2020 881 2269 959 editor,
2347 885 2609 947 nomine
2677 883 2867 967 Spei

559 994 789 1053 contra
835 987 1093 1052 codices
1140 986 1385 1067 addito,
1443 986 1694 1052 effecit:
1766 988 1853 1052 In
1898 989 2230 1073 templis
2276 990 2346 1054 F.
2397 996 2477 1055 et
2522 990 2607 1055 M.
2655 991 2739 1055 M.
2789 999 2869 1056 et

561 1095 748 1180 Spei
806 1103 1034 1160 extra
1090 1103 1410 1178 portam
1468 1101 1590 1160 oet.
1696 1095 1866 1160 Nam
1912 1095 2068 1180 Spei
2126 1098 2440 1181 templum
2487 1104 2675 1163 extra
2719 1121 2868 1182 por-

557 1212 695 1268 tam
740 1198 921 1268 illam
967 1203 1169 1267 fuisse
1215 1209 1283 1267 et
1326 1209 1466 1267 tum
1502 1202 1965 1285 conflagrasse,
2013 1206 2254 1269 scimus
2293 1227 2328 1269 e
2365 1206 2535 1297 libro
2574 1206 2771 1285 XXV,
2810 1212 2866 1271 ¹7.

560 1311 688 1376 Sed
746 1313 858 1395 qui
915 1319 1195 1395 possunt
1249 1311 1315 1375 in
1371 1311 1500 1375 hac
1557 1312 1868 1395 copulata
1926 1314 2415 1377 enumeratione
2471 1314 2601 1379 duo
2648 1316 2868 1397 priora

381 1441 524 1507 (288)
561 1421 808 1504 templa
866 1443 905 1485 a
961 1421 1159 1484 tertio
1229 1420 1525 1503 separari
1593 1425 1660 1483 et
1725 1421 1900 1485 intra
1964 1428 2223 1504 portam
2289 1420 2492 1486 fuisse
2535 1421 2870 1505 intellegi?

558 1527 688 1592 Cur
758 1551 981 1594 eorum
1048 1528 1327 1606 mentio,
1398 1549 1437 1590 a
1497 1527 1950 1610 superioribus
2011 1529 2340 1605 seiuncta,
2410 1550 2558 1594 cum
2619 1552 2869 1603 eorum,

557 1658 700 1719 quae
737 1644 923 1701 extra
956 1642 1218 1720 portam
1254 1634 1538 1714 fuerunt,
1563 1637 2179 1702 commemoratione
2214 1638 2674 1717 coniungitur?
2712 1637 2871 1716 Quae

557 1743 793 1808 deinde
841 1744 977 1808 haec
1023 1751 1125 1809 est
1169 1744 1479 1827 pravitaS,
1526 1744 1601 1807 in
1649 1743 1981 1827 templis
2024 1752 2332 1824 vagatum
2377 1747 2593 1827 ignem
2639 1767 2869 1810 sacra

557 1851 1059 1935 profanaque
1115 1853 1327 1916 multa
1384 1851 1878 1933 absumpsisse?
1947 1851 2171 1917 Livius
2219 1854 2604 1937 scripserat:
2677 1853 2867 1918 Solo

557 1966 873 2042 aequata
934 1961 1199 2024 omnia
1253 1961 1472 2023 inter
1517 1958 1838 2023 Salinas
1896 1980 1986 2023 ac
2043 1967 2360 2043 portam
2409 1960 2869 2026 Carmenta-

557 2066 703 2131 lem
784 2088 950 2131 cum
1018 2067 1514 2151 AEquimaelio
1583 2066 2081 2150 Iugarioque
2147 2069 2325 2132 vico
2391 2075 2467 2131 et
2534 2069 2870 2152 templis

556 2174 932 2239 Fortunae
1002 2196 1091 2240 ac
1160 2176 1453 2240 Matris
1521 2175 1871 2239 Matutae.
1995 2176 2246 2240 Extra
2314 2185 2632 2260 portam
2698 2176 2869 2241 late

559 2289 906 2365 vagatus
962 2284 1175 2365 ignis
1235 2304 1463 2347 sacra
1518 2281 1716 2366 prof.
1767 2304 1849 2346 m.
1898 2284 2056 2348 abs,
2109 2283 2309 2364 (inter
2354 2305 2434 2348 ea
2480 2305 2671 2348 sacra
2718 2283 2868 2368 Spei

557 2390 902 2473 templum,
970 2392 1156 2454 cuius
1215 2410 1449 2454 nomen
1495 2389 1718 2454 Livius
1777 2389 1837 2454 h.
1885 2391 1926 2455 1.
1977 2391 2246 2472 omisit).
2358 2392 2722 2469 lamfrecte
2768 2414 2867 2457 se-

555 2505 895 2580 parantur,
944 2518 1091 2580 quae
1139 2505 1327 2561 extra
1373 2506 1636 2581 portam
1681 2500 1984 2582 intraque
2036 2519 2180 2563 eam
2227 2499 2510 2564 fuerunt.
2608 2501 2869 2565 Excidit

558 2614 633 2670 et
691 2613 843 2671 ante
900 2611 952 2685 t,
1008 2612 1145 2671 tum
1203 2607 1279 2671 in
1338 2607 1660 2671 additum.
1766 2604 2016 2672 Contra
2073 2613 2149 2672 et
2204 2608 2378 2673 inter
2423 2598 2743 2674 Matutae
2801 2616 2869 2674 et

558 2722 791 2779 extra
835 2714 1026 2779 facile
1072 2715 1391 2796 natum.¹)

728 2821 884 2905 Cap.
932 2827 1045 2902 49,
1106 2827 1175 2902 4,
1233 2823 1346 2887 ubi
1395 2823 1643 2886 editur:
1695 2857 1771 2867 —
1821 2825 2290 2904 exercitum,
2338 2827 2474 2907 qui
2525 2823 2868 2891 Cartha-

556 2932 1048 3014 giniensium
1105 2931 1576 3013 legionibus
1637 2931 2103 2996 coniunctis
2136 2968 2221 2976 -—
2258 2932 2697 3016 Syphacem
2746 2933 2870 2999 de·

556 3041 769 3116 vicit,
798 3060 832 3102 e
857 3040 1187 3121 scriptura
1210 3038 1522 3102 codicisP
1544 3039 2047 3104 coniunctiis
2073 3039 2242 3103 effici
2268 3039 2468 3103 debet
2492 3042 2869 3105 coniunc-

555 3155 703 3212 tus.
787 3147 910 3210 Vix
941 3147 1164 3211 Livius
1213 3147 1679 3212 coniunctis
1728 3168 1845 3230 pro
1880 3146 2298 3211 adiunctis
2336 3147 2524 3211 dixit.
2615 3148 2863 3229 (1862.)

556 3256 589 3337 ,ξ
640 3260 675 3320 6
723 3256 806 3320 ad
850 3255 1261 3320 vinciendam
1320 3256 1687 3319 orationem
1732 3256 2257 3339 sententiamque
2307 3256 2471 3321 satis
2522 3263 2625 3319 est
2668 3258 2872 3339 gemi-

554 3363 725 3427 natis
773 3363 1030 3428 duabus
1075 3361 1329 3426 litteris
1366 3362 2271 3442 scribere:—traiiceret,
2320 3370 2390 3426 et
2425 3363 2868 3428 Masinissa

556 3492 725 3533 cum
781 3471 1092 3535 victore
1151 3470 1517 3534 exercitu
1573 3470 1930 3535 advenit.
2001 3470 2245 3552 (1862.)
2331 3471 2495 3553 [Nisi
2540 3471 2693 3535 suit:
2751 3471 2866 3536 Eo

556 3576 1000 3641 Masinissa
1041 3613 1145 3642 —.
1199 3577 1409 3660 1875]
1511 3577 1544 3659 ἓ
1593 3581 1630 3639 7
1678 3585 1795 3642 aut
1842 3573 2320 3643 scribendum:
2360 3578 2867 3644 Celtiberum

557 3684 1069 3748 iuventutem
1116 3684 1391 3748 eadem
1439 3685 1841 3763 mercede,
1901 3704 2114 3762 quan
2160 3693 2410 3768 pacta
2456 3709 2627 3751 oum
2673 3685 2866 3751 Car-

555 3790 1230 3873 thaginiensibus
1311 3798 1517 3870 erat,
1594 3793 2137 3876 imperatores
2205 3794 2539 3858 Romani
2617 3794 2715 3858 ad
2783 3816 2868 3858 se

557 3899 1148 3982 perduxerunt,
1205 3895 1329 3963 aut
1379 3898 1709 3964 ablativus
1767 3900 2090 3965 brevitate
2152 3901 2377 3982 aliqua
2424 3902 2743 3966 orationis
2790 3923 2868 3966 ex

557 4028 646 4070 ea
712 4004 1081 4070 mercede
1154 4013 1335 4069 ortus
1407 4012 1534 4085 est,
1601 4012 1678 4071 ut
1732 4007 2074 4072 audiatur:
2142 4029 2273 4090 qua
2330 4016 2526 4090 pacta
2583 4017 2725 4074 erat
2782 4032 2867 4074 se

616 4274 661 4342 ¹)
700 4275 756 4329 C.
794 4278 887 4341 48,
933 4278 967 4331 9
1002 4275 1098 4329 ubi
1148 4275 1355 4330 editur:
1409 4293 1525 4330 rex
1561 4275 1918 4344 NumidaS,
1963 4280 2022 4333 in
2058 4279 2102 4332 P
2140 4286 2225 4334 est
2269 4281 2494 4334 relata
2529 4279 2867 4333 Numidis.

696 4361 900 4415 Subest
953 4367 1052 4414 aut
1105 4379 1371 4416 numerus
1426 4367 1523 4416 aut
1575 4363 1889 4418 delectos
1938 4383 1967 4419 e
2013 4363 2328 4419 Numidis
2384 4370 2479 4418 aut
2535 4365 2715 4419 simile
2762 4365 2864 4419 ali·

696 4445 844 4514 quid.
920 4445 1115 4514 (1876.)
