3230 5282
1371 604 1493 666 643
2252 619 2376 676 Lib.
2412 620 2585 676 xm.

290 783 773 869 scripserimus:
821 821 894 832 —-
949 785 1226 852 eodem
1272 808 1352 853 se
1386 788 1564 854 loco
1605 811 1803 872 esse,
1838 793 1975 876 qui
2011 793 2272 859 omnia
2305 813 2347 857 a
2379 795 2589 878 prin-

286 892 534 976 cipiis
568 893 1078 961 Macedonici
1113 894 1312 960 belli
1348 899 1951 980 praestitissent
1985 901 2388 982 Romanis,
2438 924 2588 986 quo

282 1000 678 1068 Messenii
745 1011 986 1089 atque
1044 1003 1237 1083 Elii,
1295 1007 1431 1089 qui
1497 1013 1572 1072 et
1633 1006 2152 1091 [Macedonis]
2220 1009 2589 1095 Philippi

287 1108 513 1177 bello
560 1111 846 1177 hostes
891 1111 1255 1178 fuissent
1300 1121 1377 1179 et
1421 1136 1563 1198 pro
1610 1116 2020 1184 Antiocho
2067 1123 2327 1200 postea
2371 1139 2586 1183 arma

289 1219 690 1286 tulissent
747 1240 869 1300 ac,
928 1242 1188 1305 nuper
1237 1256 1310 1266 -
1361 1223 1826 1291 contributi
1876 1262 1972 1305 —‚
2018 1263 2103 1273 —
2146 1247 2587 1310 quereren-

285 1335 438 1393 tur.
547 1326 936 1412 Singulatim
1003 1329 1161 1394 mali
1227 1331 1427 1396 animi
1496 1331 1890 1399 documenta
1956 1335 2155 1400 trium
2220 1341 2588 1418 temporum

281 1443 634 1521 ponuntur.
681 1436 783 1501 Ex
825 1444 1340 1522 posteaarma
1386 1439 1909 1524 (postearma)
1957 1464 2154 1526 quam
2189 1442 2380 1508 facile
2417 1443 2573 1507 oriri
2608 1450 2752 1521 (582)

286 1546 580 1630 potuerit
627 1545 866 1612 hoste
914 1566 955 1610 a
997 1566 1244 1625 roma,
1295 1555 1588 1632 apparet.
1656 1549 1805 1616 Non
1850 1559 1948 1617 est
1990 1551 2128 1617 haec
2172 1551 2336 1616 lenis
2371 1570 2587 1616 emen-

287 1652 468 1720 datio
516 1661 586 1719 et
629 1662 853 1721 tamen
897 1675 1102 1739 prope
1151 1661 1334 1720 certa
1376 1656 1535 1721 mihi
1580 1657 1931 1740 videtur.1)

457 1761 614 1848 Cap.
665 1767 765 1840 38,
814 1767 883 1828 2:
951 1762 1148 1828 Inde
1215 1765 1293 1828 in
1349 1763 1727 1831 AEtoliam
1793 1767 2205 1851 progressi
2260 1767 2362 1849 (Q.
2409 1767 2583 1832 Mar-

280 1872 423 1938 cius
471 1879 536 1937 et
579 1873 652 1937 A.
699 1870 939 1938 Atilius
985 1872 1187 1956 legati
1232 1872 1536 1953 Romani)
1584 1894 1673 1939 ac
1729 1895 2036 1959 paucos
2104 1874 2219 1940 ibi
2283 1876 2583 1942 morati

279 1980 481 2060 dies,
533 1980 711 2047 dum
758 1982 836 2044 in
881 1981 1262 2066 praetoris
1309 1983 1610 2047 mortui
1655 1981 1915 2048 locum
1965 1982 2177 2048 alius
2237 1982 2583 2048 suffice-

285 2097 549 2170 retur,
616 2096 709 2168 et,
778 2088 1114 2173 Lycisco
1181 2096 1537 2172 praetore
1582 2090 1844 2172 facto,
1910 2127 2014 2170 —-,
2061 2092 2583 2156 transierunt

282 2199 364 2261 in
410 2196 936 2264 Thessaliam.
1026 2197 1439 2262 Narrationis
1507 2198 1668 2264 ordo
1726 2207 1791 2265 et
1845 2221 2077 2266 cursus
2129 2199 2455 2283 postulat,
2504 2206 2579 2265 ut

278 2306 560 2371 tollatur
626 2313 705 2371 et
771 2313 922 2371 ante
971 2305 1405 2390 Lycisco.²)
1496 2306 1716 2372 Medio
1787 2309 2003 2391 capite
2071 2306 2133 2391 (ξ
2192 2307 2277 2388 5),
2322 2307 2435 2373 ubi
2490 2309 2584 2373 sic

278 2413 534 2479 editur:
603 2436 836 2497 quum
884 2414 1204 2497 culpam
1247 2415 1325 2477 in
1370 2414 1800 2481 Ismeniam
1856 2451 1943 2460 —
1987 2415 2457 2482 conferrent
2501 2422 2582 2482 et

285 2521 677 2605 quasdam
727 2522 1116 2588 civitates
1162 2521 1753 2589 dissentientes
1797 2525 1877 2589 in
1922 2545 2251 2590 causam
2298 2523 2581 2590 deduc-

273 2639 427 2713 taS,
473 2632 1043 2717 appariturum
1087 2629 1165 2695 id
1210 2653 1384 2697 esse
1418 2631 1771 2698 Marcius
1804 2631 2271 2717 respondit3
2319 2633 2580 2717 singu-

272 2741 381 2807 lis
428 2741 632 2806 enim
689 2747 830 2819 cet„
878 2746 1182 2824 apparet,
1232 2740 1552 2805 excidisse
1608 2742 1676 2807 in
1723 2741 1933 2807 altero
1979 2740 2270 2808 membro
2314 2742 2580 2808 verbum

271 2849 553 2932 aliquod
597 2847 1023 2930 (dicerent,
1070 2848 1790 2931 demonstrarent);
1855 2870 2068 2932 neque
2126 2850 2296 2914 enim
2341 2851 2411 2914 in
2455 2848 2580 2914 hac

278 2958 606 3024 orationis
651 2955 899 3022 forma:
965 2956 1277 3041 culpam
1337 2959 1416 3021 in
1460 2957 1764 3022 Titium
1809 2956 2144 3022 confero
2191 2964 2266 3022 et
2312 2955 2579 3031 Seium

277 3066 738 3149 deceptum,
808 3064 1024 3131 audiri
1099 3063 1234 3131 ullo
1317 3071 1513 3149 pacto
1580 3071 1800 3148 potest
1867 3064 2077 3144 dico;
2146 3085 2291 3129 eam
2357 3071 2577 3130 autem

275 3195 425 3240 esse
490 3175 883 3239 sententiam
938 3173 1365 3255 excusarique
1425 3174 1724 3239 civitates
1778 3193 1909 3238 non
1969 3194 2089 3238 sua
2133 3172 2464 3238 voluntate
2510 3174 2577 3237 in

269 3284 667 3350 societatem
713 3302 860 3347 cum
904 3281 1145 3346 Perseo
1192 3279 1543 3360 deductas,
1602 3288 1671 3347 et
1722 3302 1842 3365 per
1900 3302 1970 3347 se
2015 3282 2430 3365 perspicuum
2476 3287 2578 3346 est

267 3399 342 3458 et
412 3412 491 3457 ex
549 3411 601 3456 c.
650 3394 753 3469 43,
803 3397 859 3454 5.
951 3388 1141 3466 Quod
1208 3389 1454 3468 editur,
1519 3388 1846 3473 significat
1911 3410 2177 3454 causam
2245 3390 2312 3454 in
2375 3388 2574 3455 Isme-

325 3711 380 3777 ¹)
422 3710 631 3780 [Ipsum
667 3714 914 3780 postea
952 3710 1009 3763 in
1047 3708 1172 3762 cod.
1203 3726 1322 3763 esse
1358 3707 1662 3762 Vahlenius
1698 3706 1907 3761 scribit.
1964 3706 2142 3774 Quum
2178 3708 2349 3761 verba
2383 3708 2574 3763 bello

410 3797 655 3851 hostes
711 3796 771 3850 in
807 3794 1000 3849 codice
1039 3811 1154 3848 non
1194 3812 1314 3849 esse
1352 3792 1659 3857 crederem,
1695 3809 1745 3846 a.
1791 3793 1923 3847 1860
1975 3792 2306 3862 Philippo
2362 3792 2573 3847 favis-

415 3889 568 3936 sent
604 3878 977 3949 scripseram]

342 3967 385 4036 ²)
422 3968 597 4022 Paulo
654 3974 784 4021 ante
837 3964 894 4034 (ἓ
939 3966 990 4030 1)
1028 3965 1164 4019 nihil
1219 3966 1427 4019 certius
1481 3971 1567 4019 est
1600 3963 2047 4018 Drakenborchii
2102 3965 2450 4019 coniectura:
2504 3967 2572 4019 in

412 4053 732 4119 Orestas,
787 4058 859 4105 ut
915 4050 1255 4120 praesidio
1313 4057 1544 4105 essent
1598 4050 1929 4104 liberatis
1984 4068 2017 4103 a
2068 4049 2572 4104 Macedonibus

410 4140 557 4207 (eod.
614 4146 670 4193 et
725 4137 847 4191 edd.
905 4136 1233 4191 liberatis
1298 4137 1378 4190 ab
1444 4153 1516 4189 se
1571 4135 2127 4199 Macedonibus).
2199 4133 2571 4190 vitiosissime

406 4225 597 4279 Livius
653 4223 968 4292 scripsisset
1022 4228 1078 4276 et
1130 4222 1383 4292 legentes
1438 4221 1781 4290 decepisset,
1835 4222 1900 4287 si,
1949 4238 2088 4289 quos
2135 4236 2311 4288 nuper
2345 4218 2570 4276 Orestas

409 4310 668 4376 dixisset,
739 4326 834 4363 eos
899 4309 1244 4362 liberatos
1311 4323 1346 4361 a
1414 4316 1659 4361 senatu
1735 4306 2145 4361 Macedonas
2211 4304 2570 4374 appellasset,

410 4412 746 4464 quamquam
781 4393 1154 4449 Macedonum
1191 4410 1257 4447 ea
1293 4409 1428 4463 gens
1465 4400 1599 4447 erat.
1672 4389 1869 4459 [Paulo
1906 4408 2080 4460 supra
2114 4390 2287 4444 miror
2320 4408 2421 4443 eur
2455 4408 2567 4445 non

411 4480 684 4549 scriptum
723 4480 796 4534 sit
833 4478 1331 4535 escendissent.
1391 4476 1562 4546 1864]

104 4724 838 5152 Γ
1223 4990 1606 5161 ..—

2006 4581 2107 4632 41*
