3230 5282
1522 559 1645 620 533
2294 572 2417 628 Lib.
2454 571 2735 628 XXXVII.

430 764 604 821 sua,
662 742 839 825 quod
894 743 948 807 si
1005 764 1125 826 pro
1188 743 1561 826 copulativa
1621 744 1974 827 accipitur,
2030 766 2286 809 omnem
2342 750 2736 809 structuram

427 851 664 915 evertit
730 849 1020 929 (maior
1093 850 1355 933 pestis
1434 856 1559 915 est
1625 851 1888 915 alicui
1954 849 2473 916 intermixtis
2541 872 2735 934 qua-

427 958 695 1040 drigis
753 963 992 1041 atque
1050 978 1198 1021 sua
1253 958 1556 1038 turba),
1620 959 1675 1022 si
1718 980 1838 1041 pro
1887 960 2161 1036 etiam,
2219 965 2286 1023 et
2344 979 2543 1042 pravo
2588 958 2733 1022 loco

429 1064 697 1147 ponitur
763 1071 917 1146 post
983 1064 1100 1128 illa
1164 1066 1666 1130 intermixtis
1734 1073 1856 1131 cet.
1920 1071 1987 1130 et
2052 1065 2136 1130 ad
2204 1066 2599 1131 sententiam
2669 1070 2735 1129 et

422 1172 982 1254 comparationem
1020 1193 1167 1237 cum
1211 1172 1506 1237 hostium
1551 1174 2012 1256 persecutione
2057 1174 2352 1256 ineptum
2396 1178 2526 1252 est;
2573 1172 2733 1237 scri·

428 1279 717 1343 bendum
773 1280 1005 1361 igitur:
1077 1277 1449 1346 Ceterum
1517 1279 2036 1362 fugientibus
2109 1281 2365 1345 maior
2431 1281 2731 1363 pestiS,

420 1387 928 1451 intermixtis
992 1422 1079 1432 -—
1146 1387 1511 1465 camelis,
1593 1394 1768 1452 erat
1845 1408 1988 1451 sua
2055 1388 2416 1470 ipsorum
2463 1387 2727 1465 turba,

421 1516 658 1578 quum
715 1499 839 1558 cet.
945 1492 1083 1575 [Sic
1141 1494 1272 1557 iam
1332 1494 1751 1577 Heusinger]
1852 1495 2103 1559 Deinde
2160 1516 2361 1576 quum
2418 1494 2716 1558 codicum
2756 1492 2897 1560 (431)

420 1602 813 1666 auctoritate
870 1601 1013 1665 sola
1068 1600 1208 1665 haec
1255 1601 1682 1667 confirmetur
1727 1602 2085 1685 scriptura:
2134 1623 2368 1684 quum
2413 1637 2498 1646 —
2541 1620 2728 1664 rue-

418 1715 637 1786 rent,
728 1708 1070 1773 incursu
1153 1709 1575 1774 beluarum
1669 1709 2281 1787 obtererentur,
2359 1708 2727 1772 rectissime

420 1816 732 1881 Gelenius
777 1817 844 1879 in
891 1816 992 1880 ed.
1030 1815 1225 1881 Frob.
1269 1816 1334 1880 11
1380 1824 1459 1882 et
1505 1816 1763 1881 addidit
1810 1818 2181 1896 (ruerent
2225 1821 2303 1880 et
2347 1813 2727 1893 incursu),

420 1923 595 2008 quod
640 1929 792 2006 post
835 1930 859 1984 t
906 1923 1242 2004 excidit.¹)

592 2030 746 2114 Cap.
795 2036 898 2108 45,
970 2036 1006 2094 7
1076 2029 1169 2110 (in
1239 2031 1552 2095 Zeuxidis
1621 2032 1821 2112 legati
1890 2031 2054 2114 regii
2121 2028 2484 2110 oratione):
2552 2029 2725 2092 Non

415 2146 593 2217 tam,
641 2137 839 2219 quid
882 2138 1046 2220 ipsi
1093 2138 1490 2216 dicamuS,
1535 2138 1962 2217 habemuS,
1998 2158 2229 2219 quam
2284 2144 2370 2201 ut
2414 2159 2453 2202 a
2496 2135 2725 2200 vobis

416 2266 893 2331 quaeramuS,
952 2246 1318 2324 Romani,
1366 2266 1519 2327 quo
1578 2247 1924 2329 piaculo
1973 2247 2310 2328 expiare
2368 2263 2725 2308 errorem

412 2353 1193 2437 regis—possimus.
1242 2352 1529 2418 Verbum
1566 2354 1989 2432 habemus,
2037 2352 2209 2435 quod
2246 2353 2311 2415 in
2347 2350 2724 2434 vulgaribus

412 2461 755 2526 codicibus
802 2460 1028 2540 (etiam
1076 2459 1155 2539 B)
1204 2462 1548 2539 omittitur,
1595 2460 1893 2525 additum
1941 2468 2038 2524 est
2099 2480 2177 2524 ex
2221 2460 2288 2524 M
2337 2459 2725 2539 (adnotante

417 2567 780 2634 Carbachio
827 2567 965 2632 haec
1011 2568 1185 2632 sola:
1235 2567 1425 2650 quid
1462 2568 2017 2652 ipsidicamus
2066 2566 2519 2648 habemus);
2567 2563 2726 2647 quid

417 2682 794 2761 superesset
837 2676 905 2739 in
943 2676 1236 2740 oratione
1284 2676 1501 2741 scabri
1548 2683 1614 2739 et
1660 2677 1864 2759 pravi,
1900 2674 2473 2740 Drakenborchius
2521 2673 2725 2737 sensit

256 2760 266 2773 ¹
324 2802 335 2814 ·
414 2785 857 2865 (habemus,
903 2789 989 2847 ut
1034 2784 1546 2866 quaeramus);
1595 2791 1781 2848 recta
1826 2786 2042 2848 omnia
2088 2788 2303 2859 erunt,
2352 2782 2406 2845 si
2444 2781 2721 2861 scripse-

411 2895 645 2957 rimus:
695 2911 925 2973 quam
973 2910 1011 2953 a
1053 2890 1284 2954 vobis
1333 2892 1791 2972 quaerimus3
1837 2891 2034 2971 idque
2067 2890 2349 2953 fortasse
2394 2888 2609 2969 ipsum
2654 2886 2720 2948 in

413 2995 478 3058 M
527 2995 683 3073 fuit3
731 3016 880 3061 nam
931 3018 1376 3080 quaeramus
1423 3019 1652 3062 vereor
1695 3019 1808 3068 ne,
1870 2999 2111 3062 omisso
2156 2994 2585 3070 habemus,
2643 3012 2722 3055 ex

416 3102 776 3167 dicamus
823 3111 1039 3169 ortum
1087 3106 1174 3169 sit
1220 3113 1285 3169 et
1329 3111 1681 3188 propterea
1726 3104 2028 3168 additum
2073 3111 2178 3168 ut.

471 3302 522 3369 ¹)
561 3303 688 3374 Cap.
712 3308 851 3371 44,·4
872 3312 1025 3361 recte
1056 3306 1307 3361 codices:
1348 3307 1567 3374 legati
1588 3308 1669 3362 ab
1698 3306 2033 3376 Thyatira
2052 3310 2122 3360 et
2149 3305 2509 3373 Magnesia
2539 3308 2668 3375 (scr.
2692 3320 2722 3357 ι

547 3388 647 3456 Μ.)
676 3391 755 3444 ab
786 3389 1028 3460 Sipylo
1057 3420 1128 3429 —
1159 3400 1522 3459 venerunt,
1550 3410 1668 3447 non
1700 3394 1850 3462 quod
1879 3392 2101 3446 dicatur
2133 3409 2236 3461 per
2271 3409 2329 3444 se
2356 3392 2721 3461 Magnesia

550 3476 630 3528 ab
672 3474 753 3543 S.,
801 3477 900 3529 sed
948 3479 1126 3545 quod,
1174 3479 1269 3532 ubi
1320 3477 1390 3532 de
1426 3477 1748 3532 hominibus
1788 3478 1975 3545 aliquo
2013 3476 2279 3546 profectis
2318 3478 2527 3546 agitur,
2572 3496 2718 3548 prae·

545 3561 751 3628 positio
790 3561 862 3614 ad
899 3579 1023 3616 eam
1059 3564 1350 3617 notionem
1389 3564 1875 3630 accommodatur,
1915 3570 2001 3631 ut,
2040 3565 2135 3631 qui
2174 3562 2246 3616 ad
2284 3561 2535 3632 Sipylum
2572 3573 2719 3633 sunt,

552 3645 621 3698 ab
661 3643 857 3715 Sipylo
892 3648 1114 3702 venisse
1162 3649 1451 3715 dicantur,
1507 3648 1978 3717 quemadmodum
2014 3666 2043 3702 e
2079 3648 2366 3702 contraria
2412 3653 2574 3716 parte
2609 3649 2718 3705 La·

550 3730 665 3782 tine
713 3731 956 3785 venire
1006 3731 1091 3785 ad
1128 3734 1432 3801 aliquem
1466 3735 1770 3801 Romam,
1824 3734 1891 3787 in
1924 3733 2211 3787 Italiam
2247 3733 2478 3801 (Ποίων,
2531 3735 2721 3804 itaque

519 3815 781 3881 incolae,
839 3835 1010 3884 quum
1058 3818 1191 3871 alibi
1239 3825 1523 3873 versantes
1571 3819 1917 3888 cogitantur,
1975 3820 2338 3888 Magnetes
2391 3838 2423 3873 a
2473 3820 2719 3890 Sipylo

555 3901 912 3968 appellantur
948 3903 1016 3969 (ot
1053 3906 1150 3956 ἀπὸ
1188 3915 1239 3956 Σ.
1277 3904 1573 3972 Μάγνητες).
1654 3904 1872 3959 Eodem
1921 3904 2091 3958 modo
2127 3904 2314 3970 XLII,
2360 3907 2454 3970 56,
2501 3907 2535 3959 6
2571 3906 2718 3960 duae

546 3985 623 4037 ab
671 3985 1006 4040 Heraclea
1052 4005 1127 4040 ex
1172 3987 1398 4042 Ponto
1447 3990 1775 4044 triremes
1824 3991 2193 4059 appellantur.
2286 3986 2363 4055 [C.
2414 3991 2507 4056 50,
2554 3992 2613 4043 2:
2650 4016 2721 4027 -

546 4071 844 4138 placuit3
899 4073 1009 4140 qui
1045 4073 1276 4126 Asiam
1327 4074 1635 4127 sortitus
1697 4081 1920 4140 esset,
1975 4074 2338 4129 exercitus
2374 4075 2462 4139 ei,
2519 4093 2716 4143 quem

542 4152 605 4206 L.
648 4156 884 4225 Scipio
934 4158 1260 4224 haberet,
1315 4166 1425 4213 est
1468 4159 1812 4213 decretus.
1903 4160 2221 4214 Pronomen
2267 4160 2328 4214 ei
2375 4177 2604 4228 prorsus
2640 4161 2719 4214 in-

551 4240 850 4293 commodo
900 4242 1029 4296 loco
1064 4245 1307 4313 ponitur.
1397 4244 1588 4297 Bamb.
1627 4245 1898 4313 placuit
1947 4252 2013 4299 et
2058 4244 2172 4312 qui
2210 4244 2467 4311 Asiam,
2521 4263 2713 4312 quam·

544 4341 708 4391 quam
766 4332 968 4394 postea
1029 4333 1096 4382 et
1151 4328 1441 4382 inductum
1499 4335 1598 4384 est.
1688 4330 1861 4384 Recte
1920 4328 2240 4398 Ussingius:
2308 4357 2375 4367 —
2422 4330 2715 4398 placuit.

547 4407 658 4475 Ei,
698 4410 814 4477 qui
847 4411 1086 4466 Asiam
1122 4414 1611 4490 —,yexercitus,
1651 4431 1847 4481 quem
1884 4420 1987 4468 cet.
2066 4411 2235 4480 1865]

399 4778 1490 5159 Γ·
1716 5086 2215 5230 μ.
