3230 5282
492 636 616 691 Lib.
653 634 827 689 XXII.
1592 620 1717 681 296

668 807 860 890 *Cap.
920 809 1034 885 22,
1095 808 1173 868 13
1231 804 1373 887 (ubi
1416 803 1674 869 Abelux
1717 803 1983 869 Bostari
2042 803 2305 884 suadet,
2361 811 2437 869 ut
2491 805 2812 890 Hispanis

495 916 755 981 obsides
810 912 1108 995 reddat):
1175 912 1262 977 Id
1319 919 1400 977 et
1454 912 1842 996 privatim
1888 912 2401 993 parentibus,
2468 935 2810 996 quorum

493 1024 916 1088 maximum
959 1042 1240 1086 nomen
1284 1021 1364 1085 in
1411 1019 1902 1085 civitatibus
1949 1026 2074 1085 est
2118 1022 2305 1099 suis,
2353 1028 2434 1085 et
2476 1022 2807 1105 publice

493 1130 827 1215 populis
884 1135 1202 1212 gratum
1258 1128 1435 1193 erit.
1549 1126 1627 1190 In
1694 1126 2038 1192 obsidibus
2108 1128 2447 1213 capiendis
2502 1151 2633 1195 non
2688 1152 2809 1195 no·

490 1240 684 1305 minis
740 1238 917 1303 fama
971 1243 1338 1321 spectatur,
1406 1241 1483 1301 ut
1548 1255 1776 1299 eorum
1834 1241 2097 1300 tantum
2154 1235 2349 1300 liberi
2405 1236 2802 1321 deligantur,

493 1348 608 1431 qui
650 1346 841 1412 factis
890 1352 958 1410 et
999 1345 1199 1410 rebus
1244 1344 1447 1427 gestis
1491 1342 1780 1408 illustres
1825 1344 1975 1423 sint,
2021 1343 2139 1409 sed
2185 1365 2411 1409 eorum
2457 1346 2816 1429 capiuntur

491 1456 628 1535 filii,
687 1456 802 1537 qui
845 1452 1201 1532 natalibus,
1259 1452 1522 1531 divitiis,
1568 1451 2068 1533 cognationibus
2112 1452 2392 1517 multum
2436 1454 2609 1518 inter
2653 1440 2812 1519 suos*

490 1570 784 1647 possunt.
897 1561 974 1626 In
1041 1560 1341 1626 barbaris
1411 1559 1681 1643 quidem
1737 1559 2043 1642 gentibus
2102 1560 2299 1624 etiam
2353 1561 2644 1645 ineptior
2700 1568 2808 1625 est

489 1668 630 1734 haec
673 1668 954 1734 nominis
998 1669 1220 1752 magni
1265 1668 1531 1733 mentio.
1633 1666 1888 1732 Abelux
1932 1667 2194 1732 Bostari
2259 1676 2604 1751 parentum
2661 1669 2814 1733 iuo-

489 1799 635 1841 rum
700 1778 767 1840 in
835 1776 971 1841 suis
1038 1776 1415 1841 civitatibus
1481 1777 1648 1840 vires
1716 1782 1784 1840 et
1849 1776 2308 1840 auctoritatem
2375 1775 2812 1859 proponebat,

493 1906 613 1968 pro
661 1883 1315 1965 Carthaginiensibus
1375 1890 1701 1949 staturam
1745 1882 1871 1948 hoc
1915 1890 2184 1966 accepto
2231 1883 2536 1948 obsidum
2579 1884 2810 1948 remis·

491 2014 712 2057 sorum
788 1991 1124 2057 beneficio.
1248 1992 1485 2075 Itaque
1561 2012 1694 2055 non
1771 2012 2041 2068 nomen,
2126 1990 2244 2055 sed
2320 1998 2807 2056 momentum

490 2101 841 2183 agebatur,
908 2099 1106 2184 idque
1174 2099 1564 2165 vocabulum
1620 2120 1663 2163 a
1717 2098 1898 2163 Livio
1965 2100 2252 2181 positum
2323 2097 2524 2162 fuisse
2593 2121 2806 2182 prope

490 2215 745 2273 certum
793 2214 916 2272 est.
2103 2212 2106 2217 ’

321 2329 462 2396 (242)
550 2392 553 2395 Α
670 2315 831 2398 Cap.
879 2319 981 2391 24,
1029 2319 1099 2377 8:
1156 2313 1405 2379 Simul
1452 2321 1530 2379 et
1572 2335 1721 2397 per
1763 2334 2055 2379 aversa
2098 2321 2372 2379 castra
2417 2338 2452 2378 e
2497 2316 2810 2380 castris

490 2421 984 2487 Hannibalis
1040 2423 1470 2504 equitatus
1517 2420 1914 2502 (Romanus)
1961 2443 2132 2486 cum
2174 2421 2336 2487 levi
2381 2430 2810 2487 armatura

490 2531 826 2596 emissus
872 2530 947 2594 in
993 2529 1636 2594 frumentatores
1682 2528 1850 2594 late
1896 2529 2183 2595 caedem
2217 2530 2642 2614 fugamque
2677 2529 2811 2594 ho-

489 2640 729 2704 stium
774 2637 1241 2721 palatorum
1284 2636 1500 2702 fecit.
1590 2637 1666 2702 In
1710 2636 1836 2703 hac
1881 2637 2178 2702 codicum
2224 2639 2553 2722 scriptura
2601 2661 2808 2722 quum

487 2749 629 2812 iure
686 2746 1111 2829 displicerent
1166 2765 1449 2810 aversa
1508 2752 1788 2810 castra
1845 2768 1879 2809 e
1927 2747 2229 2810 castris
2274 2746 2806 2824 Hannibalis,

486 2855 625 2920 fere
694 2876 771 2920 eo
840 2854 1189 2919 decursum
1257 2860 1384 2933 est,
1452 2861 1528 2918 ut
1594 2855 2058 2918 omitterentur
2124 2854 2327 2918 verba
2393 2874 2428 2918 e
2495 2855 2805 2918 castris

486 2961 770 3040 Hann.‚
836 2962 965 3026 nisi
1034 2960 1216 3044 quod
1262 2961 1840 3026 Weissenbornius
1900 2961 2149 3043 aliquid
2209 2961 2531 3026 excidisse
2590 2963 2808 3045 suspi-

487 3071 677 3134 catus
721 3074 855 3147 est,
913 3089 1060 3151 quae
1121 3068 1409 3152 suspicio
1454 3067 1580 3132 hoc
1626 3067 1893 3151 quidem
1936 3067 2110 3148 loce,
2167 3068 2282 3133 ubi
2324 3068 2488 3132 nihil
2535 3071 2806 3134 omnino

487 3177 573 3242 ad
628 3178 1020 3242 sententiam
1078 3175 1468 3260 explendam
1523 3177 1884 3259 requiritur
1942 3197 2065 3240 nec
2112 3176 2470 3259 quidquam
2519 3178 2807 3242 occurrit

487 3284 958 3369 supplementi,
1027 3285 1095 3348 in
1154 3283 1331 3367 quod
1385 3283 1503 3347 illa
1558 3283 1762 3349 verba
1814 3266 1971 3366 apte
2027 3283 2484 3362 includantur,
2553 3284 2805 3349 nullam

485 3392 690 3457 habet
735 3391 1294 3476 probabilitatem.
1398 3389 1530 3454 Sed
1589 3390 1849 3455 omissis
1905 3390 2037 3454 illis
2085 3412 2316 3474 parum
2361 3393 2610 3457 usitate
2655 3414 2802 3476 per

487 3519 769 3564 aversa
846 3505 1124 3563 castra
1201 3497 1442 3561 dicitur
1525 3496 1606 3561 de
1685 3517 1920 3562 aversa
1998 3505 2362 3563 castrorum
2444 3508 2632 3582 parte
2698 3499 2800 3564 vel

486 3607 706 3689 potius
753 3604 833 3669 de
880 3624 1113 3669 aversa
1157 3610 1522 3669 castrorum
1566 3611 1797 3688 porta3
1864 3626 2078 3688 neque
2124 3607 2289 3670 enim
2340 3628 2481 3690 per
2526 3603 2808 3671 cas'tra

487 3714 595 3794 (ne
651 3733 773 3796 per
827 3719 1088 3796 partem
1144 3710 1411 3794 quidem
1468 3712 1865 3792 castrorum)
1913 3713 2334 3790 emittuntur,
2402 3716 2515 3796 qui
2561 3715 2802 3778 castris

487 3821 931 3902 egrediuntur.
991 3819 1154 3884 Mihi
1199 3819 1464 3902 quidem
1509 3820 1717 3885 multo
1762 3820 2176 3904 probabilius
2222 3821 2481 3886 videtur
2526 3829 2808 3886 castra

488 3950 529 3993 a
564 3929 738 3993 mala
770 3948 967 3996 manu
1002 3929 1376 4007 accessisse,
1416 3948 1615 4010 quum
1650 3928 1870 3992 Livius
1904 3929 2300 4011 scripsisset:
2340 3950 2481 4011 per
2515 3950 2809 3994 aversa

628 4198 1111 4255 Weissenbornius
1148 4199 1423 4254 tenuisset
1459 4216 1580 4253 eam
1620 4197 2019 4263 coniecturam,
2056 4201 2115 4253 in
2152 4217 2319 4267 quam
2358 4205 2487 4253 ante
2523 4199 2806 4254 inciderat

627 4300 904 4352 quamque
958 4300 1063 4352 ego
1118 4301 1341 4352 quoque
1398 4282 1666 4338 feceram:
1722 4299 1844 4336 nec
1892 4285 2334 4339 continentis
2381 4284 2581 4338 modo
2627 4299 2804 4352 prae·

626 4370 886 4422 lectast
939 4385 1081 4436 ora,
1137 4370 1245 4423 etsi
1297 4369 1357 4422 id
1413 4369 1792 4439 compositum
1839 4384 1989 4421 nunc
2026 4368 2286 4423 Tacitum
2330 4369 2580 4439 primum
2627 4368 2807 4423 habet

624 4460 847 4509 testem.
919 4452 1148 4507 Passiva
1184 4455 1458 4509 orationis
1493 4453 1674 4507 forma
1708 4453 1890 4507 multo
1929 4458 2016 4507 est
2051 4454 2272 4508 rectior.
