3230 5282
1466 584 1544 644 65
1707 544 1722 551 μ
2456 599 2578 653 Lib.
2619 600 2662 653 1·

353 768 429 831 in
494 768 796 851 regiam
861 766 1097 845 fecit,
1168 768 1285 832 sed
1350 768 1426 831 in
1497 768 1756 850 regia,
1825 768 1940 834 ubi
1995 777 2301 853 portento
2358 771 2499 837 viso
2547 770 2662 836 alii

344 875 657 941 aliorsum
705 873 1124 958 diffugerunt.
1216 875 1388 940 Nam
1433 876 1611 960 quod
1657 876 1847 942 video
1895 877 2185 943 adscribi
2233 877 2651 944 Germanice:

356 982 511 1061 „Die
571 981 770 1049 Saule
837 983 1033 1047 stand
1091 983 1232 1049 also
1291 984 1681 1049 ausserhalb
1739 984 1856 1049 der
1911 985 2365 1067 Konigsburg“
2386 1037 2402 1065 ‚
2469 987 2525 1051 si
2583 1007 2662 1051 ex

350 1093 569 1155 nescio
629 1110 759 1174 qua
815 1090 1119 1155 columna
1178 1093 1247 1155 in
1303 1091 1567 1176 publico
1614 1093 1836 1175 posita
1881 1094 2111 1174 anguis
2158 1093 2422 1177 elapsus
2469 1101 2664 1173 esset,

351 1195 643 1263 homines
690 1220 820 1264 non
870 1200 936 1262 in
984 1200 1231 1283 regiam
1279 1199 1648 1278 irruissent,
1709 1199 1822 1265 sed
1867 1222 1986 1284 per
2033 1201 2173 1265 vias
2222 1200 2662 1283 aufugissent;

350 1304 599 1371 oblitus
639 1312 741 1372 est
778 1308 996 1387 etiam,
1035 1308 1148 1391 qui
1186 1305 1311 1373 hoc
1347 1308 1759 1390 excogitavit,
1805 1315 2198 1373 terrorem
2231 1307 2664 1393 fugamque

349 1411 628 1478 facere
666 1422 845 1479 recte
882 1414 1012 1479 dici
1048 1414 1275 1480 addito
1310 1416 1456 1496 loci,
1506 1415 1620 1479 ubi
1658 1437 1763 1481 res
1802 1423 1953 1481 acta
1993 1418 2097 1495 sit,
2130 1416 2407 1494 nomine,
2446 1418 2665 1499 perin-

350 1527 498 1604 epte
547 1528 949 1588 terrorem
996 1522 1484 1605 (fugamque)
1532 1522 1807 1588 facere
1855 1524 1930 1588 in
1978 1523 2334 1608 aliquem
2380 1524 2662 1588 locum.

348 1628 497 1693 Dixi
586 1628 665 1695 de
738 1630 955 1696 mendi
1022 1652 1262 1714 genere
1332 1632 1397 1694 in
1465 1632 1830 1715 prooemiO,
1913 1631 2031 1696 sed
2108 1631 2470 1697 notandum
2551 1653 2667 1696 era

349 1743 375 1800 t
418 1737 774 1802 artificium
822 1737 1188 1802 enarrandi.
1261 1736 1397 1821 [Sic
1431 1740 1564 1803 iam
1599 1737 1865 1820 Bauer]
1934 1735 2519 1822 Difficilior'paulo
2566 1745 2668 1804 est

344 1845 517 1910 alius
591 1844 810 1910 mendi
879 1867 959 1910 ex
1015 1868 1144 1911 non
1203 1845 1600 1929 infrequenti
1662 1847 1903 1911 erroris
1961 1868 2197 1929 genere
2254 1845 2454 1930 paulo
2514 1852 2667 1929 post

346 1951 407 2035 (ἓ
466 1952 534 2035 ’7)
609 1955 737 2018 orti
806 1953 1314 2033 demonstrati0‚
1395 1976 1591 2036 quam
1670 1962 1891 2020 tamen
1959 1955 2360 2038 peritissimo
2429 1955 2665 2037 cuique

349 2062 707 2144 probatum
786 2062 872 2125 iri
939 2061 1212 2127 confido.
1336 2061 1505 2125 Nam
1586 2064 1653 2126 in
1731 2062 1834 2127 his
1915 2062 2131 2126 verbis
2212 2062 2318 2144 (de
2397 2060 2663 2143 Bruto):

348 2168 676 2233 iuvenis
743 2168 978 2250 longe
1046 2170 1261 2234 alius
1328 2170 1663 2253 ingenio
1737 2189 1961 2252 quam
2034 2172 2267 2235 cuius
2327 2170 2666 2234 simula-

348 2278 661 2342 tionem
708 2277 1128 2356 induerat,
1190 2279 1246 2342 si
1293 2277 1519 2341 cuius
1567 2277 1653 2342 ad
1700 2279 2110 2361 ingenium
2159 2277 2458 2357 refertur,
2517 2299 2666 2360 pra-

345 2384 616 2450 vissime
684 2385 750 2449 in
817 2385 1029 2450 verbis
1097 2386 1391 2468 proxime
1461 2391 1528 2449 et
1594 2385 1870 2450 relativa
1935 2386 2145 2450 forma
2212 2386 2523 2450 connexis
2580 2385 2664 2449 ab

349 2490 617 2557 homine
688 2492 773 2556 ad
839 2494 1167 2577 ingenium
1234 2493 1555 2558 transitur
1624 2492 1970 2574 (iuvenis
2051 2492 2263 2557 alius
2330 2493 2665 2576 ingenio

350 2622 587 2684 quam
638 2601 868 2665 cuius
911 2600 1288 2685 ingenii);
1350 2601 1449 2666 sin
1497 2601 1581 2666 ad
1627 2601 2019 2681 iuvenem,
2076 2622 2383 2686 perverse
2430 2600 2669 2666 dicitur

351 2710 632 2773 iuveni
657 2731 687 2772 s
737 2707 1250 2790 (alicuiusmodi)
1300 2709 1912 2775 simulationem
1955 2710 2316 2775 induere.
2422 2708 2669 2774 Omitto

349 2818 563 2899 ipsam
632 2815 804 2880 hanc
859 2818 1381 2882 coniunctionem
1441 2816 1656 2881 alius
1717 2819 1794 2882 in
1807 2819 2039 2901 genio
2085 2839 2215 2882 non
2260 2838 2416 2882 sane
2463 2818 2668 2882 usita-

350 2931 501 2988 tam.
641 2923 875 2988 Omnia
953 2931 1133 2989 recta
1216 2932 1282 2990 et
1363 2930 1522 3008 apta
1604 2932 1799 2990 erunt
1879 2947 2008 2990 una
2075 2925 2301 2990 littera
2368 2925 2664 3007 dempta:

350 3033 681 3097 iuvenis
739 3031 972 3113 longe
1033 3030 1247 3096 alius
1305 3033 1577 3114 ingeni
1638 3054 1870 3117 quam
1929 3034 2153 3097 cuius
2214 3032 2668 3097 simulatio·

348 3161 517 3204 nem
565 3139 965 3204 induerat
1001 3139 1103 3221 (ut
1150 3138 1365 3204 alius
1403 3141 1710 3223 ingenii
1750 3140 2243 3225 coniungatur);
2289 3161 2561 3224 prorsus
2598 3146 2669 3203 ut

348 3269 400 3310 c.
461 3254 578 3328 59,
668 3254 705 3310 8
788 3249 1054 3312 oratio
1137 3247 1376 3312 dicitur
1452 3270 1960 3331 nequaquam
2042 3250 2216 3313 eius
2294 3249 2666 3330 pectoris

348 3356 871 3437 ingeniique,
932 3355 1142 3437 quod
1200 3355 1666 3420 simulatum
1725 3355 1818 3420 ad
1881 3378 2047 3422 eam
2105 3356 2310 3420 diem
2368 3355 2664 3419 fuerat.

352 3461 684 3528 Litteram
752 3469 971 3527 autem
1042 3462 1224 3527 illam
1283 3461 1372 3544 (o)
1430 3465 1687 3547 peperit
1742 3463 2059 3529 brevioris
2118 3463 2396 3548 genetivi
2442 3463 2665 3527 formae

243 3639 249 3644 ,
348 3569 592 3636 oblivio
646 3570 897 3650 eadem,
958 3592 1104 3654 quae
1150 3570 1257 3650 IV,
1323 3575 1419 3650 13,
1486 3575 1560 3634 13
1610 3572 1965 3636 consilia
2011 3570 2104 3653 (in
2148 3569 2360 3635 MPLl
2413 3569 2666 3634 multis-

348 3696 473 3758 que
536 3677 726 3757 aliis,
793 3678 860 3741 id
920 3685 1051 3757 est,
1121 3679 1187 3742 in
1236 3678 1623 3762 archetypo)
1671 3701 1749 3743 ex
1795 3679 2107 3743 consili.
2220 3679 2430 3743 Multo
2476 3677 2668 3761 plura

345 3787 590 3849 veteris
663 3786 943 3866 genetivi
1009 3785 1232 3849 formae
1292 3793 1355 3849 et
1412 3787 1708 3871 exempla
1768 3793 1834 3850 et
1889 3788 1956 3850 in
2015 3786 2348 3852 erroribus
2392 3786 2668 3868 vestigia

482 4074 672 4109 neam.
753 4055 1018 4110 Eiusdem
1069 4057 1269 4125 capitis
1318 4056 1350 4125 §
1398 4060 1430 4110 7
1476 4058 1618 4110 mire
1665 4076 1858 4112 omnes
1908 4058 2280 4112 Pometinae
2337 4062 2536 4111 contra
2579 4075 2669 4111 co-

482 4140 650 4194 dices
691 4142 973 4207 scribunt,
1022 4141 1101 4207 11,
1151 4144 1247 4209 34,
1292 4145 1326 4195 4
1363 4148 1419 4195 et
1454 4145 1514 4209 6,
1559 4141 1663 4209 IV,
1710 4145 1793 4210 25,
1839 4146 1873 4196 4
1910 4159 2032 4196 eam
2073 4142 2324 4208 formam,
2372 4159 2538 4210 quam
2575 4142 2667 4194 hic

482 4229 788 4295 spernunt,
834 4231 1042 4279 tenent.
1122 4224 1198 4280 Ut
1246 4245 1276 4279 a
1314 4227 1501 4297 Capua
1539 4227 1853 4296 Campanus
1899 4226 1986 4292 fit,
2035 4231 2098 4280 ut
2135 4244 2165 4280 a
2203 4227 2453 4281 Samnite
2490 4227 2668 4282 adiec-

480 4312 669 4364 tivum
709 4316 793 4363 est
831 4309 1104 4377 Sabellus,
1142 4311 1221 4365 sic
1257 4311 1589 4384 Pomptinus
1629 4312 1837 4367 dicitur
1870 4311 2048 4366 forma
2083 4312 2342 4367 nonnihil
2377 4309 2628 4379 deflexa]

2174 4417 2207 4469 5
