3230 5282
587 628 712 683 Lib.
750 627 815 682 V.
1689 615 1811 677 138

589 801 948 866 stantivum
993 800 1548 884 populatores,
1593 799 1907 866 adiuncto
1952 799 2314 883 praesertim
2358 801 2688 881 genetivo:
2757 798 2901 866 Ca-

590 909 923 994 penatis
972 909 1166 991 agri‚
1218 930 1351 993 quo
1390 909 1701 974 definitur
1736 929 1958 991 genus,
2006 907 2173 973 alios
2218 908 2515 973 homines
2550 908 2748 974 obiici
2785 910 2895 974 de-

588 1017 822 1095 clarat,
853 1038 984 1082 non
1021 1015 1284 1082 eosdem
1321 1016 1407 1081 ad
1440 1016 1896 1102 populandum
1933 1036 2310 1097 conversos3
2345 1022 2412 1082 et
2434 1017 2550 1101 qui
2573 1023 2900 1101 poterant,

589 1126 705 1209 qui
750 1145 923 1208 aegre
967 1131 1190 1190 castra
1235 1131 1302 1190 et
1345 1126 1429 1191 ab
1476 1125 1640 1191 urbe
1686 1132 1753 1190 et
1798 1124 2205 1190 extrinsecus
2251 1130 2632 1208 oppugnata
2678 1124 2900 1191 defen-

591 1233 845 1313 derant,
909 1233 1114 1299 libere
1184 1232 1430 1299 effundi
1493 1234 1582 1299 ad
1641 1231 2045 1317 Capenatem
2113 1251 2343 1314 agrum
2399 1232 2899 1317 populandum?

589 1340 758 1406 Tum
802 1363 987 1421 vero,
1057 1343 1169 1426 qui
1227 1364 1307 1407 ex
1362 1343 1509 1427 ipsa
1565 1363 1791 1427 pugna
1834 1341 2041 1406 victos
2088 1340 2417 1425 persecuti
2464 1348 2651 1406 erant
2695 1344 2900 1425 tergis

590 1450 1011 1530 inhaerentes,
1078 1449 1373 1535 profecto
1430 1471 1561 1516 non
1615 1449 1791 1515 forte
1847 1446 2070 1513 offerri
2125 1448 2527 1532 fugientibus
2572 1456 2902 1533 poterant,

590 1579 672 1622 ne
741 1555 965 1623 offerri
1032 1558 1329 1641 quidem,
1409 1559 1537 1623 nisi
1601 1557 1956 1624 admodum
2020 1557 2195 1622 lente
2262 1563 2330 1622 et
2396 1558 2627 1623 sedato
2693 1559 2903 1642 gradu

590 1667 794 1731 victos
838 1665 1083 1750 fugisse
1130 1672 1472 1749 putamus,
1532 1674 1609 1731 ut
1664 1667 1946 1731 victores
1992 1666 2193 1731 etiam
2237 1666 2409 1730 inter
2452 1666 2902 1750 populandum

591 1794 705 1840 eos
761 1774 1188 1858 praetergredi
1232 1779 1531 1857 possent3
1587 1796 1743 1839 nam
1799 1773 2060 1840 oblati
2116 1773 2446 1856 significat
2504 1795 2583 1839 ex
2625 1775 2901 1842 adverso

592 1883 986 1962 occurrisse3
1077 1890 1411 1967 postremo
1501 1903 1775 1965 prorsus
1854 1902 2052 1965 prave
2130 1883 2305 1947 inter
2382 1882 2761 1965 palantes
2838 1890 2904 1949 et

590 1989 1131 2073 pabulatores
1208 1991 1655 2074 interponitur
1739 1989 1948 2056 forte
2029 1990 2308 2055 oblati.
2448 1991 2611 2055 Rem
2689 1992 2901 2074 ipsam

593 2097 1150 2181 quemadmodum
1216 2099 1435 2164 Livius
1514 2099 1734 2163 animo
1803 2098 2403 2182 comprehenderit,
2482 2099 2901 2165 manifestum
2978 2110 2981 2111 ’

591 2211 709 2270 est.
800 2206 1096 2272 Victores
1143 2228 1183 2270 a
1226 2206 1405 2271 Veiis
1462 2206 1883 2290 aliquantum
1940 2207 2138 2289 spatii
2193 2206 2411 2271 victos·
2456 2208 2788 2291 persecuti
2834 2210 2901 2273 in

588 2319 841 2393 castra,
922 2334 1067 2397 quae
1143 2315 1271 2399 ipsi
1348 2315 1660 2381 Veientes
1751 2315 2094 2398 eruptione
2190 2322 2653 2399 oppugnarant
2732 2314 2794 2399 (ἓ
2863 2320 2899 2381 9

589 2428 761 2487 tres
852 2422 1264 2487 exercitus
1347 2428 1413 2488 et
1491 2421 1524 2505 ἓ
1599 2423 1734 2505 13),
1812 2424 2182 2503 redierunt;
2278 2422 2513 2489 deinde
2597 2421 2899 2507 Capena-

591 2530 770 2595 tibus
842 2536 910 2595 et
964 2530 1238 2595 Faliscis
1306 2529 1465 2614 fuga
1534 2530 1931 2596 abeuntibus
1987 2531 2099 2595 alii
2155 2532 2436 2596 Romani
2491 2552 2571 2596 ex
2625 2531 2899 2598 adverso

591 2645 1037 2720 occurrerunt,
1094 2638 1208 2722 qui
1253 2638 1575 2704 hactenus
1622 2661 1853 2724 agrum
1901 2638 2305 2724 Capenatem
2350 2638 2649 2724 populati
2694 2648 2900 2721 erant,

591 2746 730 2829 (cfr.
780 2767 832 2812 c.
886 2750 982 2827 12,
1029 2751 1065 2811 5
1115 2747 1195 2812 de
1241 2747 1452 2827 simili,
1515 2747 1669 2812 dum
1713 2749 1858 2813 Veii
1904 2749 2311 2828 obsidentur,
2358 2749 2498 2833 agri
2545 2747 2899 2832 Capenatis

588 2855 1064 2939 populatione,)
1123 2855 1571 2939 reliquiasque
1618 2841 1857 2940 pugnae
1905 2857 2436 2941 absumpserunt.
2548 2856 2690 2922 Iam
2733 2857 2898 2923 illud

589 2982 853 3048 quoque
900 2969 1208 3048 apparet,
1277 2964 1538 3047 opinor,
1591 2965 2058 3048 palantium
2104 2965 2651 3049 appellationem,
2723 2966 2899 3049 quod

585 3073 727 3156 ipse
785 3073 1090 3138 vocabuli
1145 3072 1523 3157 palantes
1579 3073 1763 3137 locus
1820 3079 1975 3138 ante
2033 3094 2342 3138 occursus
2386 3073 2785 3138 mentionem
2832 3080 2902 3139 et

584 3181 915 3264 particula
957 3182 1111 3246 iam
1157 3181 1480 3261 ostendit,
1549 3180 1880 3264 pertinere
1937 3182 2022 3246 ad
2067 3180 2433 3264 Capenates
2478 3186 2544 3245 et
2586 3181 2900 3262 FaliscOS,

585 3289 703 3372 qui
746 3310 826 3355 eo
870 3287 1131 3354 facilius
1178 3289 1378 3354 deleti
1425 3290 1573 3354 sint.
1676 3287 1825 3354 Non
1878 3289 2081 3372 igitur
2137 3290 2290 3355 iam
2346 3289 2725 3373 palantes
2772 3290 2898 3355 ob-

582 3394 742 3461 lati
790 3402 1008 3476 sunt,
1078 3397 1196 3462 sed
1239 3397 1396 3461 iam
1442 3397 1926 3480 palantibus
1972 3405 2105 3478 aut,
2173 3397 2349 3482 quod
2393 3398 2614 3462 Livius
2661 3399 2900 3482 saepius

412 3512 554 3581 (117)
592 3503 780 3582 dicit,
847 3503 1248 3587 palatis.¹)
1362 3503 1732 3589 Saepissime
1795 3506 2017 3572 Livius
2082 3507 2150 3569 in
2214 3506 2479 3590 palatos
2537 3504 2898 3590 (palantes)

641 3723 685 3790 ¹)
723 3723 975 3777 Palans
1014 3722 1216 3789 octies,
1263 3723 1310 3777 si
1355 3729 1510 3778 recte
1554 3726 1773 3792 notavi,
1817 3728 1968 3796 apud
2004 3727 2230 3781 Livium
2264 3725 2474 3794 legitur
2510 3725 2610 3792 (ΙΙ,
2661 3728 2754 3793 26,
2800 3726 2896 3795 IV,

722 3811 815 3876 55,
863 3807 995 3877 VII,
1046 3809 1125 3874 17,
1167 3806 1236 3874 X,
1285 3809 1367 3872 20,
1413 3808 1560 3877 XXI,
1605 3813 1671 3864 61
1710 3813 1815 3880 bis,
1861 3812 2036 3879 XXII,
2083 3815 2167 3879 31,
2211 3811 2410 3878 XXIV,
2456 3810 2563 3879 41),
2608 3812 2900 3881 palatus

718 3894 913 3949 tricies
957 3893 1045 3948 bis
1091 3892 1164 3960 (1,
1215 3897 1303 3960 11,
1352 3898 1405 3962 1,
1456 3896 1553 3949 ubi
1597 3916 1712 3952 non
1747 3901 1901 3953 recte
1936 3898 2204 3952 Hertzius
2242 3914 2272 3950 e
2309 3896 2432 3950 cod.
2469 3896 2803 3952 Florentino
2842 3896 2897 3951 S.

719 3979 895 4033 Marci
931 3978 1253 4048 palantes
1288 3980 1496 4048 posuit,
1544 3981 1614 4048 11,
1664 3985 1746 4050 50,
1794 3983 1892 4051 111,
1939 3985 1988 4050 5,
2034 3983 2128 4050 IV,
2173 3984 2241 4036 46
2277 3985 2338 4036 et
2371 3983 2456 4049 58,
2500 3981 2567 4049 V,
2613 3984 2681 4037 28
2717 3989 2774 4036 et
2809 3984 2897 4050 45,

719 4067 769 4132 3,
806 4064 903 4119 ubi
939 4065 1285 4120 recentiores
1323 4065 1546 4120 codices
1583 4068 1905 4135 palantes
1941 4069 2169 4135 habent,
2216 4067 2311 4135 VI,
2358 4069 2444 4134 42,
2492 4066 2615 4134 VH,
2666 4071 2691 4120 1
2731 4072 2788 4122 et
2832 4071 2893 4122 11

721 4154 778 4205 et
825 4151 894 4204 86
937 4153 996 4203 et
1032 4151 1125 4216 37;
1180 4154 1398 4205 ceteros
1442 4151 1597 4206 locos
1643 4158 1842 4208 notare
1890 4153 2133 4221 omitto).
2223 4151 2664 4222 Significationis
2700 4152 2902 4207 discri-

719 4252 848 4289 men
890 4234 1110 4289 nullum
1155 4239 1267 4301 est;
1322 4254 1462 4305 quos
1510 4238 1642 4304 VII,
1693 4242 1780 4306 17,
1825 4242 1860 4294 8
1895 4246 1952 4293 et
1986 4238 2062 4306 X,
2111 4241 2202 4306 20,
2252 4240 2284 4292 5
2318 4253 2528 4307 vagos
2566 4238 2896 4307 palantes

717 4321 910 4375 Livius
971 4320 1137 4388 dicit,
1201 4323 1427 4377 eosdem
1479 4322 1694 4391 XXIII,
1756 4326 1849 4392 42,
1919 4327 1983 4379 12
2046 4340 2255 4394 vagos
2308 4323 2454 4378 sine
2518 4323 2736 4393 signis
2790 4342 2897 4394 pa·

718 4407 899 4462 latos
995 4406 1161 4476 Apud
1206 4406 1533 4462 Sallustium
1581 4408 1877 4478 (quattuor
1913 4410 2084 4478 locis,
2130 4409 2246 4479 Ing.
2291 4411 2379 4476 18,
2424 4410 2521 4477 44,
2567 4411 2652 4477 54,
2696 4408 2784 4478 66)
2836 4414 2898 4464 et

718 4491 1030 4562 Vergilium
1067 4496 1289 4546 tantum
1325 4494 1570 4562 palans
1611 4495 1910 4564 reperitur.
