3230 5282
579 563 708 620 Lib.
743 562 923 619 XLII.
1666 551 1789 613 662

577 736 971 803 adversus
1017 738 1474 802 instructos
1510 735 1589 801 et
1622 742 2130 820 praeparatos
2171 744 2403 803 erant
2436 737 2876 805 adventuri

576 845 750 929 (cod.
789 844 1295 926 adventura).
1385 844 1627 927 Magna
1671 850 1773 911 est
1816 845 1884 908 in
1926 866 1999 910 re
2044 844 2222 911 facili
2269 853 2334 913 et
2378 853 2628 931 aperta,
2674 847 2729 912 si
2774 853 2875 912 at-

577 953 836 1033 tendas,
903 954 1273 1019 sententiae·
1311 953 1741 1036 perversitas3
1802 974 1953 1018 nam
2008 959 2085 1018 ut
2137 974 2310 1020 nunc
2356 956 2566 1022 oratio
2614 951 2874 1020 confor-

578 1067 761 1126 mata
826 1066 929 1127 est
995 1046 1178 1147 (qua
1242 1095 1328 1106 --
1391 1059 1624 1143 acta),
1667 1060 1958 1145 phalanx
2016 1061 2208 1126 simul
2266 1068 2335 1127 et
2377 1063 2617 1142 serius,
2678 1082 2875 1148 quam

574 1190 680 1234 res
725 1168 1173 1253 postulaverit,
1220 1176 1287 1235 et
1329 1171 1572 1253 raptim
1619 1176 1769 1235 acta
1804 1169 2061 1250 dicitur,
2106 1191 2251 1255 quae
2287 1177 2659 1256 repugnant
2701 1171 2874 1236 inter

576 1298 680 1358 se;
742 1279 1136 1360 omninoque
1181 1299 1313 1343 non
1358 1298 1502 1344 sero
1550 1278 1771 1362 agitur
1816 1298 2080 1362 agmen,
2129 1278 2247 1344 sed
2291 1278 2487 1344 lente.
2580 1277 2873 1362 Apparet

569 1384 694 1473 illa
740 1386 1020 1465 serius,
1070 1407 1298 1468 quam
1341 1408 1393 1450 r.
1440 1393 1647 1471 post.
1693 1407 1824 1452 non
1869 1385 1954 1452 ad
1997 1387 2126 1451 iter
2172 1385 2429 1469 (acta),
2478 1386 2592 1451 sed
2628 1377 2714 1451 ad
2758 1384 2874 1451 ad-

573 1501 838 1559 ventum
885 1492 1385 1576 (adventuri)
1432 1495 1762 1577 pertinere
1810 1500 1877 1559 et
1921 1495 2227 1578 coniungi
2272 1515 2417 1561 cum
2464 1494 2733 1560 alterius
2774 1493 2873 1558 in-

574 1602 900 1668 commodi
935 1601 1411 1685 significatione
1457 1601 1815 1683 (turbati
1862 1622 1917 1667 c.
1957 1601 2120 1667 adv.
2156 1601 2678 1684 instructos);
2722 1622 2875 1667 nam

573 1709 862 1795 phalanx
907 1718 974 1776 et
1019 1711 1225 1776 serius
1272 1717 1338 1776 et
1381 1708 1653 1775 turbata
1697 1710 1946 1794 proelio
1996 1731 2349 1776 occursura
2393 1710 2662 1791 dicitur3
2707 1709 2875 1774 illud

575 1820 870 1904 raptim
935 1825 1120 1884 acta
1185 1821 1282 1884 ita
1348 1819 1814 1903 interponitur,
1880 1825 1956 1884 ut
2020 1839 2288 1885 causam
2353 1818 2873 1903 perturbationis

403 1933 544 2002 (649)
580 1929 933 1993 contineat.
1021 1926 1251 2011 Itaque
1305 1927 1681 1993 necessario
1750 1935 1913 2010 quae
1959 1927 2378 1993 scribendum
2424 1933 2526 1992 est
2569 1933 2664 2005 et,
2712 1946 2874 2009 quo-

568 2036 745 2102 niam
811 2035 1176 2114 durissime,
1245 2037 1610 2120 praesertim
1675 2036 2070 2120 interposito
2140 2043 2358 2116 acta,
2427 2034 2511 2100 ad
2579 2033 2874 2118 singulos

571 2143 918 2224 (turbati
959 2180 1046 2188 —
1090 2144 1353 2226 erant)
1398 2145 1721 2210 transitur
1767 2152 1832 2209 et
1875 2144 1943 2208 in
1988 2144 2132 2228 ipso
2173 2143 2402 2210 codice
2439 2149 2540 2209 est
2584 2142 2872 2209 adven-

570 2258 782 2330 tura,
829 2251 914 2316 ad
957 2252 1097 2317 haec
1142 2254 1345 2318 etiam
1389 2251 1947 2318 accommodanda
2001 2250 2342 2316 turbata
2398 2258 2465 2316 et
2522 2256 2731 2331 erat,
2799 2256 2874 2315 ut

567 2359 708 2424 haec
775 2361 861 2425 sit
924 2361 1130 2425 totius
1195 2360 1323 2453 loci
1367 2359 1609 2426 forma:
1682 2379 1835 2438 qun
1902 2364 1983 2424 et
2048 2361 2351 2440 serius,
2421 2380 2481 2442 q.
2529 2380 2581 2425 r.
2628 2381 2710 2444 p.‚
2758 2363 2869 2438 et,

570 2469 873 2552 raptim
937 2474 1152 2548 acta,
1220 2470 1526 2532 turbata
1592 2489 1828 2534 cursu
1893 2466 2056 2533 adv.
2124 2469 2363 2533 instr.
2425 2474 2503 2533 et
2546 2489 2653 2551 pr.
2703 2473 2870 2530 ent

570 2575 1041 2641 adventura.
1129 2576 1308 2643 Infra
1375 2575 1491 2661 §8
1561 2576 1979 2644 scribendum
2047 2597 2190 2643 esse
2245 2577 2563 2643 intrare
2618 2595 2870 2659 angu-

571 2686 778 2751 stias
824 2685 992 2768 (cod.
1042 2686 1387 2766 introre,
1436 2685 1581 2752 edd.
1631 2683 2029 2766 introire),
2077 2684 2209 2749 dixi
2256 2690 2411 2750 ante
2459 2685 2717 2767 aliquot
2762 2705 2874 2749 an·

568 2814 720 2874 nos3
765 2815 917 2859 nam
958 2794 1318 2860 introire
1375 2816 1520 2860 cum
1567 2795 1944 2859 accusativo
1990 2814 2121 2859 non
2165 2794 2370 2876 magis
2415 2792 2637 2858 Livius
2666 2787 2879 2876 'quam

574 2897 803 2966 Cicero
852 2901 1032 2967 dicit.

741 3009 895 3094 Cap.
945 3014 1044 3091 67,
1091 3014 1158 3075 8:
1218 3009 1495 3091 (Consul
1560 3009 1631 3075 Ρ.
1690 3009 1980 3075 Licinius
2037 3008 2294 3093 Larisa)
2351 3010 2698 3075 Eumene
2753 3015 2880 3075 at-

570 3139 719 3202 que
767 3118 1048 3185 Attalo
1095 3118 1406 3184 domum
1452 3119 1857 3199 remissis,
1903 3117 2411 3202 Misagenem
2455 3117 2882 3183 Numidas·

570 3246 721 3308 que
789 3227 868 3290 in
947 3226 1292 3292 hiberna
1369 3228 1447 3291 in
1524 3227 1929 3310 proximis
2013 3226 2443 3296 Thessalis
2520 3225 2876 3291 urbibus

578 3333 1042 3400 distribuit·
1131 3334 1456 3400 Vitiosum
1521 3341 1624 3400 est
1690 3333 2193 3401 distribuere
2260 3336 2339 3400 in
2395 3335 2741 3401 hiberna
2797 3336 2876 3399 in

568 3441 911 3508 urbibus
958 3443 1106 3528 (pro
1144 3464 1241 3524 eo,
1291 3442 1469 3527 quod
1508 3449 1610 3507 est
1643 3442 1719 3507 in
1766 3441 2075 3524 urbes);
2124 3443 2330 3510 codex
2361 3442 2597 3508 habet:
2644 3443 2876 3508 misa-

571 3547 1293 3635 chinnumidisque
1358 3550 1703 3617 hiberna
1768 3553 1850 3616 in
1916 3553 2334 3636 proxumis
2381 3556 2528 3631 cet.‚
2574 3550 2701 3616 hoc
2748 3558 2872 3616 est:

568 3656 973 3741 Misageni
1016 3652 1557 3743 Numidisque
1603 3658 1952 3724 hiberna
2008 3661 2086 3725 in
2130 3660 2523 3744 proximis
2569 3659 2699 3724 Th.
2746 3680 2874 3724 ur-

567 3765 811 3841 bibus
858 3767 1318 3833 distribuit.
1409 3766 1655 3852 [Scribi
1700 3773 1991 3852 oportet:
2062 3770 2139 3833 in
2195 3769 2595 3853 proximis
2642 3766 2873 3832 Thes-

557 3873 794 3940 ,saliae
873 3872 997 3957 (sic
1083 3876 1219 3940 iam
1304 3877 1372 3941 in
1439 3876 1728 3942 editione
1810 3874 2128 3959 Creverii)
2207 3875 2581 3955 urbibuS,
2660 3883 2737 3941 ut
2809 3881 2874 3941 et

574 3981 814 4068 duplex
901 3983 1294 4049 adiectivum
1375 3990 1448 4049 *et
1532 3985 1795 4070 poetica
1884 3984 2035 4065 (nisi
2124 3984 2239 4049 ubi
2328 3984 2409 4050 de
2498 3983 2868 4052 hominibus

568 4091 817 4174 agitur)
886 4090 1192 4157 adiectivi
1247 4092 1459 4158 forma
1511 4094 1770 4159 vitetur.
1858 4090 2071 4175 1876]
2160 4092 2368 4158 Paulo
2435 4100 2590 4177 post
2658 4091 2717 4176 (ξ
2783 4090 2866 4173 9),

569 4202 879 4283 quoniam
966 4202 1034 4266 in
1124 4201 1348 4267 codice
1448 4207 1577 4266 est:
1670 4202 2041 4266 Antrona
2142 4199 2578 4267 voluntate
2668 4220 2867 4266 mco-

567 4306 909 4373 lentium
972 4310 1314 4394 recepit,
1362 4308 1754 4375 scribemus:
1822 4309 2258 4375 voluntate
2305 4309 2862 4375 incolentium.

569 4414 909 4497 Postremo
957 4415 991 4500 §
1042 4423 1113 4482 11
1164 4417 1525 4484 tollendum
1582 4438 1661 4483 ex
1730 4417 2106 4485 narratione
2163 4419 2371 4503 ipsius
2430 4418 2648 4484 eventi
2693 4417 2865 4503 plus-
