3230 5282
1535 622 1658 685 367
2420 636 2544 690 Lib.
2579 635 2753 690 XXV.

437 816 922 895 praeceperant,
982 809 1283 875 adsecuti
1340 813 1591 888 essent,
1652 816 1794 873 tum
1838 807 2098 873 demum
2142 809 2479 874 incursare
2523 810 2589 873 in
2637 830 2756 875 eos

441 924 823 1003 coeperunt.
934 918 1167 1002 Itaque
1238 917 1768 982 incursantes
1826 937 1973 980 cum
2029 916 2161 982 alio
2218 915 2420 982 verbo
2480 918 2754 983 coniun-

438 1007 721 1110 gendum
796 1032 926 1106 est,
1005 1047 1137 1110 quo
1218 1022 1490 1090 effectus
1566 1025 2034 1089 incursationis
2112 1023 2539 1108 significetur.
2673 1025 2753 1091 Id

437 1134 706 1201 verbum
763 1134 1219 1200 nanciscemur
1263 1133 1612 1216 omniaque
1661 1137 1822 1215 apta
1866 1152 2168 1216 nexaque
2214 1132 2569 1198 efficiemus
2613 1156 2751 1200 una

436 1242 665 1309 littera
720 1248 1009 1308 mutata:
1078 1241 1280 1306 Ante
1339 1245 1663 1306 noctem
1721 1238 2102 1305 adsecuti
2160 1238 2545 1324 (Romanos)
2592 1241 2749 1306 Nu-

438 1351 694 1432 midae,
762 1371 969 1416 nunc
1036 1349 1132 1415 ab
1199 1355 1428 1431 tergo
1487 1364 1698 1413 nunc
1753 1349 1832 1411 in
1892 1349 2168 1413 latera
2221 1350 2751 1416 incursantes

340 1466 345 1471 ’
440 1460 910 1551 consistere
997 1459 1428 1538 coegerunt
1516 1476 1606 1521 ac
1684 1457 1950 1521 tutari
2029 1477 2325 1540 agmen.
2461 1456 2755 1542 Coepit

439 1566 720 1651 (cepit)
787 1589 905 1651 pro
974 1567 1244 1649 coegit
1308 1565 1379 1630 in
1434 1564 1484 1628 P
1541 1570 1608 1630 et
1681 1564 2013 1649 plerisque
2069 1564 2218 1630 aliis
2273 1566 2590 1649 scriptum
2648 1573 2754 1632 est

437 1676 638 1739 etiam
680 1673 918 1754 XXIX,
979 1678 1079 1754 29,
1126 1677 1187 1752 9,
1236 1672 1353 1738 sed
1397 1678 1656 1737 mature
1703 1678 2093 1738 correctum.
2193 1674 2447 1753 Restat,
2503 1675 2571 1739 in
2617 1695 2748 1757 quo

435 1782 567 1846 iam
647 1779 989 1848 Creverius
1066 1802 1407 1866 nuperque
1484 1779 2063 1846 Weissenbornius
2139 1780 2502 1862 haeserunt,
2581 1781 2750 1849 illud

434 1895 616 1957 tuto
662 1897 749 1956 ut
795 1890 1029 1956 simul
1075 1896 1550 1974 pugnarent,
1596 1888 1714 1955 ubi
1756 1910 1887 1954 non
1932 1889 2146 1956 solum
2193 1912 2750 1974 supervacaneum

435 2004 538 2063 est
613 2004 793 2064 tuto
862 1996 969 2079 (eo
1039 1999 1239 2063 etiam
1317 1997 1465 2064 loco
1533 1998 1853 2080 positum,
1942 1999 2134 2081 quasi
2211 1999 2277 2062 in
2344 2020 2421 2063 eo
2487 1999 2749 2082 pondus

435 2108 777 2172 sententiae
845 2106 1175 2188 singulare
1244 2104 1388 2187 sit),
1452 2105 1575 2171 sed
1642 2107 2235 2189 perversissimum3
2301 2128 2516 2189 neque
2573 2108 2747 2173 enim

433 2216 499 2279 in
568 2207 821 2281 summo
889 2213 1184 2298 periculo
1251 2212 1530 2293 milites,
1606 2221 1682 2279 ut
1748 2220 1892 2281 tuto
1959 2221 2282 2298 pugnent,
2354 2214 2747 2280 cohortandi

432 2330 615 2403 sunt3
683 2343 1082 2406 quamquam
1151 2322 1312 2406 quid
1381 2324 1469 2387 sit
1534 2328 1684 2388 tuto
1754 2343 2049 2405 pugnare
2117 2322 2227 2405 (de
2294 2324 2568 2407 singulis
2623 2324 2746 2387 mi-

430 2430 718 2513 litibus),
786 2452 1058 2514 prorsus
1124 2432 1367 2495 nescio,
1482 2428 1612 2495 Sed
1670 2429 1855 2494 salva
1912 2452 2017 2496 res
2075 2438 2196 2496 est.
2310 2430 2743 2497 Scribendum

434 2541 605 2604 enim
684 2539 1025 2604 lenissima
1101 2538 1498 2604 mutatione:
1580 2537 1983 2614 Quantum
2067 2547 2407 2622 possent
2472 2547 2743 2605 tamen

435 2648 613 2728 niti,
683 2654 773 2714 ut
841 2647 1080 2712 simul
1137 2652 1596 2731 pugnarent
1653 2648 2395 2733 procederentque,
2466 2628 2741 2732 Sci'pio

432 2755 947 2821 hortabatur.
1070 2754 1211 2821 Iam
1289 2755 1702 2838 aptissimum
1769 2756 1970 2820 etiam
2039 2756 2206 2821 illud
2273 2758 2356 2822 ad
2423 2757 2743 2823 nitendi

431 2863 736 2930 verbum:
797 2869 1184 2947 quantum
1238 2869 1598 2947 possent.
1706 2862 1976 2948 Syllaba
2019 2865 2098 2928 ni
2146 2864 2228 2929 ob
2276 2865 2656 2949 praecedens
2703 2884 2742 2926 ιι

431 2971 703 3052 hausta,
770 2992 848 3036 ex
916 2971 1081 3037 tiut
1145 2971 1533 3055 geminando
1601 2977 1819 3037 ortum
1887 2978 2072 3036 tuto
2142 2978 2260 3054 ut;
2343 2994 2740 3057 quamquam

396 3082 636 3162 'etiam
682 3100 800 3162 per
844 3099 913 3144 se
958 3080 1038 3143 ni
1083 3079 1151 3143 in
1196 3085 1277 3144 tu
1322 3080 1610 3145 transire
1656 3085 1954 3162 poterat3
2003 3079 2118 3144 cfr.
2168 3101 2221 3145 c.
2273 3085 2374 3160 20,
2425 3086 2480 3146 5.

606 3186 764 3270 Cap.
825 3191 935 3267 36,
1009 3189 1086 3251 10
1148 3185 1257 3268 (de
1312 3186 1553 3251 Poenis
1609 3209 1731 3270 per
1789 3187 2086 3254 obiectas
2144 3209 2186 3252 a
2243 3189 2559 3254 Romanis
2616 3212 2738 3274 pro

429 3294 602 3361 vallo
670 3294 947 3360 clitellas
1003 3315 1151 3359 cum
1211 3294 1520 3360 oneribus
1574 3297 1749 3360 viam
1807 3294 1934 3360 sibi
1990 3296 2449 3378 facientibus):
2520 3304 2740 3364 cete-

429 3426 598 3469 rum
643 3424 900 3486 neque
945 3402 1382 3468 transilire
1427 3424 1573 3468 nec
1615 3403 1888 3468 moliri
1934 3425 2176 3470 onera
2223 3404 2547 3472 obiecta
2588 3429 2734 3473 nec
2770 3418 2918 3488 (301)

431 3512 740 3577 caedere
819 3512 1180 3595 stipatas
1260 3511 1626 3577 clitellas
1707 3512 2082 3596 ipsisque
2152 3514 2498 3580 obrutas
2568 3538 2741 3582 sar-

430 3620 636 3686 cinis
692 3617 943 3685 facile
1003 3627 1186 3685 erat
1240 3619 1771 3685 traditisdibi
1828 3642 1998 3685 cum
2044 3622 2363 3687 amoliti
2411 3623 2743 3690 obiecta

430 3749 678 3794 onera
745 3729 1093 3805 armatis
1151 3728 1587 3794 dedissent
1641 3730 1867 3807 viam,
1925 3729 2477 3814 pluribusque
2534 3731 2743 3797 idem

427 3835 806 3919 partibus
853 3833 1120 3922 fieret,
1166 3841 1406 3920 capta
1450 3838 1604 3902 iam
1641 3837 2001 3921 undique
2040 3844 2315 3904 castra
2349 3847 2582 3905 erant
2618 3847 2740 3905 cet.

429 3943 640 4023 SicP3
676 3943 846 4009 exM
880 3944 1232 4010 traditis
1275 3944 1392 4009 ibi
1437 3944 1815 4025 adnotatur,
1863 3967 1942 4011 ex
1988 3945 2135 4011 aliis
2180 3948 2529 4013 traditis
2577 3948 2743 4029 diu3

428 4053 750 4117 amoliti
808 4073 1054 4118 omnes.
1170 4051 1344 4118 Olim
1404 4053 1722 4118 edebant:
1784 4089 1871 4098 —
1924 4052 2175 4119 facile
2232 4062 2431 4121 erat.
2545 4057 2743 4121 Tar-

425 4160 647 4226 datis
716 4160 851 4226 diu
919 4183 1152 4246 quum
1221 4162 1573 4250 amolita·
1630 4161 1959 4227 obiecta
2026 4169 2181 4243 cet.‚
2254 4166 2552 4230 oratione
2609 4187 2743 4231 non

422 4268 601 4335 bona
670 4268 766 4349 (in
837 4269 1093 4350 dativo,
1171 4271 1238 4335 in
1306 4270 1651 4335 amolita
1715 4272 1979 4354 passive
2046 4271 2324 4356 posito),
2409 4274 2741 4337 sententia

421 4376 637 4459 nulla3
716 4378 891 4461 quod
971 4380 1146 4444 enim
1222 4379 1551 4461 sequitur:
1635 4378 1844 4443 idem
1910 4378 2190 4459 fieret,
2274 4379 2566 4445 ostendit
2629 4377 2739 4443 hic
