3230 5282
417 802 561 870 (179)

594 624 717 677 Lib.
757 623 850 676 IX.
1481 638 1486 641 “
1694 612 1816 670 212

771 795 928 878 Cap.
984 799 1077 859 19.
1182 794 1456 859 Duobus
1501 796 1570 858 in
1612 791 1741 859 hoc
1786 795 2001 877 capite
2049 793 2516 859 additamentis
2562 798 2770 858 aucta
2819 800 2931 859 est

592 904 758 968 Livii
803 903 1041 982 oratic,
1111 924 1385 984 quorum
1444 902 1727 967 alterum
1784 902 1853 967 in
1899 899 1933 983 ἓ
1980 909 2019 966 4
2068 899 2534 983 (Samnites)
2579 901 2715 965 iam
2762 907 2930 985 post

589 1012 926 1077 Dobreum
972 1033 1011 1075 a
1056 1010 1586 1075 Weissenbornio
1632 1010 1728 1075 ita
1771 1009 1961 1074 video
2009 1010 2406 1089 convictum,
2462 1013 2540 1095 ut
2581 1007 2755 1073 nihil
2784 1008 2928 1099 vad-

592 1119 878 1184 dendum
925 1118 1309 1197 existimem,
1354 1119 1478 1182 nisi
1529 1117 1707 1201 quod
1742 1118 1857 1198 illi,
1905 1139 2039 1182 non
2077 1124 2447 1201 perspecto,
2495 1115 2655 1198 quid
2703 1117 2931 1182 codex

589 1227 987 1310 archetypus
1044 1226 1112 1290 in
1167 1226 1295 1292 hoc
1339 1247 1574 1310 genere
1620 1246 1861 1309 passus
1910 1231 2117 1305 esset,
2187 1226 2662 1307 quaesiverunt,
2738 1225 2934 1309 quod

588 1335 1071 1400 substituerent
1117 1333 1383 1399 sublato
1430 1332 1770 1399 vocabulo.
1860 1333 2163 1398 Alterum
2209 1354 2417 1413 nem0,
2466 1333 2641 1415 quod
2688 1335 2930 1413 sciam,

590 1443 965 1526 suspicione
1023 1442 1275 1525 attigit,
1340 1443 1467 1506 etsi
1524 1462 1657 1506 non
1716 1442 1932 1505 minus
1978 1440 2397 1505 manifestum
2443 1441 2637 1522 est.¹)
2746 1441 2937 1508 Nam

589 1551 706 1616 ubi
749 1550 1002 1628 Livius„
1062 1571 1102 1614 a
1148 1545 1563 1631 digressione
1623 1548 1703 1613 de
1747 1548 2124 1613 Alexandro
2169 1548 2409 1631 Magno
2457 1571 2526 1613 se
2571 1569 2933 1629 revocanS,

588 1659 835 1723 invicta
881 1660 1328 1724 Romanorum
1386 1677 1572 1721 arma
1632 1656 1920 1735 extollit,
1977 1655 2117 1721 haec
2163 1657 2414 1740 scripta
2457 1662 2611 1720 sunt
2654 1654 2720 1738 (ξ
2775 1658 2934 1739 15);

588 1767 831 1832 Absit
885 1765 1199 1831 invidia
1252 1765 1495 1830 verbo
1552 1771 1635 1829 et
1689 1764 1975 1829 civilia
2030 1763 2254 1830 bella
2312 1765 2647 1844 sileant;
2718 1786 2936 1830 nun-

591 1896 824 1959 quam
897 1874 990 1939 ab
1066 1875 1346 1957 equite
1412 1871 1686 1952 hoste,
1750 1892 2162 1954 nunquam
2230 1894 2271 1936 a
2323 1871 2640 1955 pedite,
2708 1893 2937 1939 nun-

591 2004 821 2065 quam
889 1988 1174 2066 aperta
1245 1981 1456 2061 acie,
1535 1999 1940 2061 nunquam
2009 1981 2292 2064 aequis,
2362 1981 2646 2062 utique
2714 2002 2936 2046 nun-

590 2112 827 2172 quam
882 2090 1197 2155 nostris
1242 2088 1451 2153 locis
1495 2087 2076 2153 laboravimus.
2183 2087 2252 2153 Si
2297 2107 2511 2170 neque
2556 2087 2640 2153 ab
2686 2090 2937 2171 equite

590 2215 805 2280 neque
853 2218 894 2261 a
937 2197 1160 2281 pedite
1205 2196 1396 2261 hoste
1443 2196 1726 2261 Romani
1771 2215 2062 2277 unquam
2106 2195 2517 2275 laborarunt,
2573 2216 2939 2279 nunquam

592 2306 857 2370 omnino
942 2305 1240 2370 terrestri
1306 2303 1480 2368 bello
1548 2303 1960 2368 laborarunt.
2085 2302 2314 2369 Mirari
2380 2310 2600 2369 tamen
2668 2304 2938 2388 aliquis

591 2413 827 2495 possit,
895 2418 1035 2476 tam
1101 2417 1434 2475 recentem
1492 2409 1717 2476 Crassi
1786 2410 2001 2476 cladis
2067 2411 2136 2477 in
2201 2411 2464 2476 Parthis
2530 2414 2941 2481 memoriam

589 2520 772 2584 Livio
819 2540 951 2584 non
1000 2520 1401 2597 occurrisse,
1472 2539 1673 2599 quam
1738 2520 1807 2583 in
1852 2518 2115 2584 Horatii
2174 2520 2392 2584 animo
2448 2526 2588 2585 tam
2643 2520 2939 2588 infixam

589 2628 949 2695 videamus,
1061 2628 1149 2692 At
1203 2627 1350 2692 vide
1394 2626 1584 2706 mihi,
1655 2626 1817 2709 quid
1860 2626 2082 2693 Livius
2140 2626 2485 2693 subiiciat:
2555 2628 2940 2708 Equitem,

592 2736 951 2816 sagittas,
1011 2735 1281 2801 saltus
1340 2735 1812 2819 impedit08‚
1871 2736 2052 2800 avia
2096 2735 2687 2802 commeatibus
2736 2737 2943 2805 loca

593 2845 862 2927 gravis
908 2845 1191 2908 'armis
1268 2844 1500 2909 miles
1567 2844 1856 2909 timere
1923 2849 2221 2926 potest.
2358 2844 2545 2928 Ipsos
2611 2849 2944 2912 tenemus

573 2952 913 3031 Parthos,
984 2950 1100 3017 sed
1160 2951 1353 3016 simul
1400 2951 1658 3016 Livium
1703 2953 1770 3015 in
1814 2950 2200 3017 brevissimo
2246 2952 2598 3018 verborum
2643 2952 2942 3034 ambitu,

591 3062 659 3125 in
707 3058 1239 3125 elaboratissima
1285 3061 1621 3139 oratione,
1674 3060 1741 3122 in
1789 3060 2136 3124 contrariis
2183 3060 2356 3124 inter
2402 3079 2472 3125 se
2517 3059 2603 3124 ad
2646 3059 2946 3128 lectoris

593 3170 882 3234 animum
926 3167 1294 3233 feriendum
1340 3167 1843 3250 diligentissime
1891 3168 2272 3249 compositis
2310 3166 2422 3246 (—
2454 3189 2605 3233 nam
2650 3168 2943 3237 saltus

591 3276 971 3360 impediti
1052 3281 1121 3339 et
1197 3276 1384 3339 avia
1461 3274 1647 3340 loca
1727 3274 2130 3359 respondent
2197 3283 2501 3359 apertae
2566 3275 2785 3341 aciei
2865 3287 2948 3345 et

594 3384 803 3451 locis
862 3384 1143 3465 aequiS,
1205 3383 1524 3448 nostris
1594 3381 1705 3463 —)
1768 3389 1998 3466 aperte
2058 3390 2124 3448 et
2167 3383 2444 3449 ridicule
2491 3405 2712 3450 secum
2757 3407 2945 3470 pug-

589 3500 875 3568 nantem,
935 3497 1009 3554 ut
1053 3489 1213 3553 nihil
1262 3511 1426 3572 opus
1473 3491 1559 3554 sit
1604 3490 1867 3569 addere,
1923 3491 2179 3555 Livium
2228 3513 2418 3556 omne
2466 3493 2941 3560 Romanorum

593 3598 801 3666 robur
846 3599 914 3662 in
959 3597 1182 3681 pedite
1229 3596 1482 3679 (gravi
1541 3600 1788 3663 armis
1846 3599 2142 3681 milite)
2189 3601 2589 3665 constituere
2636 3593 2944 3684 eumque

595 3727 741 3772 cum
785 3706 1221 3771 Macedonum
1276 3705 1602 3788 phalange
1661 3727 2080 3790 comparare,
2152 3707 2430 3773 statario
2492 3708 2650 3771 item
2707 3707 2943 3775 milite

595 3813 762 3897 (ἓὸ).
814 3814 1095 3898 [Eodem
1129 3813 1422 3896 pertinet
1457 3813 1654 3878 illud:
1691 3814 1975 3879 civilia
2010 3814 2237 3880 bella
2274 3816 2613 3892 sileant3
2659 3836 2818 3879 nam
2859 3817 2945 3882 in

592 3924 698 3988 his
746 3943 787 3987 a
832 3920 1169 4006 peditibus
1216 3921 1547 3985 Romanos
1608 3922 1819 3986 victos
1870 3921 2141 4002 diffiteri
2188 3944 2318 3987 non
2364 3929 2631 4006 poterat
2676 3921 2942 4003 LiviuS,

593 4031 708 4096 sed
754 4052 794 4096 a
838 4029 1172 4114 peditibus
1231 4029 1392 4112 ipsis
1453 4028 1820 4111 Romanis]
1910 4029 2140 4110 Itaque
2186 4030 2405 4095 Livius
2463 4029 2602 4094 haec
2659 4036 2943 4096 tantum

595 4139 883 4205 scribere
940 4138 1191 4221 potuit:
1249 4172 1338 4182 ——
1382 4137 1726 4216 sileant3
1782 4159 2185 4219 nunquam
2245 4160 2285 4202 a
2342 4138 2656 4221 pedite,
2719 4160 2939 4202 nun-

595 4311 716 4319 0—-.

653 4391 700 4459 ¹)
741 4389 1050 4460 [Attigerat
1109 4390 1426 4457 Strothius,
1484 4397 1814 4447 correxerat
1856 4391 2142 4459 Dobreus,
2197 4393 2354 4446 cuius
2391 4391 2749 4446 Adversariis
2787 4393 2937 4462 ipsis

732 4496 778 4532 a.
823 4479 956 4532 1860
991 4477 1077 4533 uti
1113 4494 1231 4532 non
1268 4474 1472 4546 potui]
