3230 5282
1410 621 1492 684 57
2400 635 2526 692 Lib.
2562 636 2606 691 I.

286 807 676 892 pronomine
723 807 1106 873 aberratum
1150 814 1254 872 est
1296 807 1425 887 111,
1482 811 1584 887 55,
1643 812 1683 872 8
1727 814 1885 873 noto
1930 807 2096 889 1000,
2152 808 2269 874 ubi
2317 809 2608 874 scriben-

289 918 446 983 dum
494 922 628 983 est:
688 916 825 982 sed
870 935 1102 998 quum
1146 916 1327 999 quis
1384 914 1554 997 (cod.
1603 914 1782 981 arch.
1830 915 2049 998 quid)
2107 937 2377 983 eorum
2431 919 2606 983 cui-

286 1026 503 1110 piam
565 1024 654 1107 (R
710 1026 838 1090 cui
893 1038 1169 1108 quam,
1218 1024 1287 1090 M
1345 1026 1476 1090 cui
1531 1046 1788 1107 quem,
1855 1024 1908 1089 P
1952 1045 2124 1090 man.
2178 1030 2206 1089 l
2271 1028 2404 1108 qui
2450 1026 2606 1108 cui)

287 1135 689 1213 nocuerit,
734 1132 819 1198 id
859 1154 1179 1198 sacrum
1224 1134 1547 1199 sanciri.

461 1240 663 1327 *Cap.
714 1245 813 1322 39,
872 1248 942 1306 4:
998 1241 1291 1307 Evenit
1332 1241 1604 1323 facile,
1664 1242 1873 1325 quod
1919 1242 2043 1308 dis
2090 1243 2320 1309 cordi
2366 1249 2606 1309 esset.

288 1350 595 1416 Debebat
638 1351 768 1417 dici
813 1356 1011 1416 erat.
1093 1348 1225 1415 Sed
1262 1350 1487 1415 Livius
1533 1350 1614 1416 de
1661 1357 1901 1416 eventu
1946 1372 2118 1416 curae
2162 1352 2232 1415 in
2266 1350 2608 1417 educando

292 1460 519 1526 Servio
584 1458 811 1525 Tullio·
858 1459 1091 1543 positas
1147 1458 1443 1524 dicturus
1499 1479 1541 1523 a
1594 1459 1886 1542 generali
1943 1457 2271 1524 sententia
2323 1458 2608 1524 orditur:

288 1567 589 1633 Evenit
641 1566 922 1647 facile,
992 1566 1204 1650 quod
1262 1566 1387 1632 dis
1446 1567 1675 1632 cordi
1735 1574 1867 1631 est.
1981 1565 2254 1649 (Esset
2307 1587 2427 1651 pro
2483 1574 2609 1632 est

289 1696 517 1741 omnes
564 1676 824 1742 codices
868 1675 953 1756 II,
1001 1681 1076 1741 51
1128 1674 1301 1757 init.)
1378 1675 1587 1740 Paulo
1632 1681 1807 1760 post,
1852 1673 1886 1758 ἓ
1933 1681 1991 1754 5,
2038 1674 2218 1760 quod
2264 1675 2607 1741 scribitur:

289 1784 711 1868 gravidam
787 1785 960 1850 viro
1039 1784 1310 1850 occiso
1376 1805 1705 1850 uxorem
1772 1835 1786 1848 .
1827 1834 1895 1848 ..
1967 1789 2284 1867 partum
2348 1784 2609 1859 Romae

292 1893 659 1959 edidisse
714 1892 979 1958 Prisci
1025 1891 1462 1975 Tarquinii
1520 1891 1780 1973 domo;
1846 1891 2031 1957 inde
2087 1897 2322 1957 tanto
2366 1891 2608 1957 bene·

289 2000 493 2067 ficio
551 2008 712 2081 cet„
785 2006 1003 2067 certus
1059 2022 1219 2066 usus
1274 2000 1586 2083 loquendi
1645 2001 1857 2065 domi
1913 1999 2202 2085 flagitat3
2269 2021 2483 2083 neque
2539 2000 2609 2065 id

289 2110 649 2175 restituere
719 2108 1201 2187 dubitabimuS,
1281 2108 1741 2175 animadversa
1818 2109 2037 2174 mendi
2105 2108 2388 2192 origine3
2455 2130 2606 2174 nam

291 2239 442 2283 cum
489 2218 692 2283 semel
740 2218 989 2302 scripta
1031 2216 1288 2296 littera,
1359 2237 1502 2299 quae
1545 2217 1651 2283 bis
1696 2217 1897 2283 scribi
1942 2217 2291 2297 debuerat,
2359 2216 2609 2282 factum

290 2333 476 2392 esset
521 2325 922 2405 dominde,
989 2326 1059 2390 in
1112 2324 1326 2390 vocali
1372 2326 1744 2410 supplenda
1789 2331 2081 2391 erratum
2125 2332 2256 2405 est,
2324 2333 2401 2390 ut
2444 2325 2606 2390 alibi

288 2455 424 2500 non
468 2455 642 2500 raro.
751 2433 923 2499 Nam
975 2434 1101 2500 hoc
1156 2434 1399 2499 erroris
1455 2435 1646 2499 initio
1703 2434 1799 2514 H,
1870 2437 1983 2513 36,
2053 2439 2091 2499 6
2149 2434 2465 2519 scriptum
2510 2440 2612 2499 est

289 2542 511 2608 haud
567 2542 811 2608 dubie
869 2543 1213 2607 omnium
1272 2563 1669 2607 consensu
1723 2564 1842 2627 pro
1899 2542 2117 2607 haud
2162 2541 2403 2608 dubio
2450 2564 2609 2609 om·

293 2653 515 2718 nium
596 2651 1234 2733 (dubiomnium),
1304 2651 1479 2734 quod
1546 2651 1856 2717 mendum
1923 2650 2177 2735 pridem
2246 2658 2610 2717 correctum

293 2782 473 2826 nunc
523 2758 917 2839 defenditur,
975 2764 1044 2825 et
1086 2758 1204 2838 III,
1263 2762 1366 2839 22,
1428 2764 1464 2823 6
1513 2761 1833 2842 signum
1879 2760 2315 2826 observare
2359 2761 2611 2824 iussit

298 2892 422 2955 pro
500 2868 928 2935 observari
1008 2867 1747 2949 (observariussit),
1828 2868 2004 2951 quod
2070 2867 2261 2952 vulgo
2328 2873 2608 2944 tenetur,

297 2985 668 3044 correctum
743 2977 812 3042 in
877 2997 1007 3041 uno
1076 2976 1218 3042 cod.
1285 2977 1684 3055 recentiore,
1754 2982 1821 3041 et
1887 2976 2011 3055 IX,
2097 2981 2204 3056 14,
2276 2981 2311 3041 5
2381 2977 2611 3057 signa

299 3087 519 3152 ferre
583 3085 840 3151 iussit
903 3105 1024 3169 pro
1093 3083 1297 3150 ferri
1355 3083 1570 3165 (codd.
1619 3085 1813 3169 pauci
1857 3106 2021 3149 recc.
2068 3083 2278 3165 recte)
2325 3090 2393 3149 et
2436 3083 2610 3163 XXI,

298 3201 415 3272 44,
494 3199 533 3259 8
591 3193 801 3276 quod
861 3213 1003 3258 sua.
1055 3214 1178 3277 pro
1238 3214 1432 3276 quos
1491 3214 1636 3258 sua
1693 3191 2093 3275 (quosua),
2175 3190 2352 3275 quod
2406 3191 2613 3256 Aldus

298 3303 630 3382 restituit,
687 3309 757 3368 et
799 3300 1043 3381 XXIV,
1100 3305 1213 3382 26,
1273 3305 1312 3365 8
1357 3301 1713 3386 periculi
1774 3301 2094 3384 quidem
2135 3300 2347 3366 nihil
2390 3299 2484 3364 ab
2532 3322 2612 3365 se

300 3413 626 3490 timere,
705 3411 1051 3475 invisam
1126 3415 1395 3475 tamen
1473 3411 1781 3494 regiam
1849 3411 2185 3494 stirpem
2253 3430 2426 3475 esse
2493 3431 2614 3493 pro

301 3520 574 3584 timeri
621 3517 1016 3600 (correctum
1060 3519 1127 3583 in
1174 3517 1361 3584 codd.
1407 3518 1602 3598 recc.)
1653 3525 1721 3583 et
1762 3518 2071 3598 XXVHI,
2129 3522 2232 3598 21,
2292 3523 2329 3583 5
2375 3523 2613 3602 pacto

305 3629 521 3693 inter
575 3648 659 3693 se
713 3647 836 3711 pro
894 3626 1117 3711 pacti
1174 3627 1390 3692 inter
1447 3648 1527 3692 se
1587 3626 1980 3708 (correctum
2024 3628 2092 3692 iu
2135 3633 2292 3692 vett.
2343 3624 2613 3709 edd.).1)

440 3830 599 3878 retur
637 3840 708 3878 ex
742 3823 833 3889 iis,
869 3821 1072 3890 quibus
1110 3821 1393 3876 sententia
1427 3822 1680 3891 pendens
1716 3823 2006 3892 colligitur
2042 3826 2101 3875 et
2135 3821 2518 3876 concluditur:
2545 3849 2614 3860 -—

437 3908 576 3963 haec
635 3925 780 3962 eum
823 3906 1008 3962 haud
1050 3906 1231 3962 falso
1277 3913 1793 3977 memorantem,
1848 3907 2278 3978 comparavique
2329 3925 2376 3962 c.
2413 3911 2511 3976 48,
2566 3911 2615 3974 2,

438 3995 535 4048 ubi
582 3993 737 4063 quod
773 3993 1043 4047 omissum
1077 3992 1314 4048 verbum
1348 3992 1565 4048 facilius
1600 3994 1955 4064 intellegitur
1988 4011 2056 4048 ex
2089 3992 2204 4048 his:
2257 3993 2378 4047 ille
2427 3992 2455 4046 f
2462 4010 2611 4048 ero·

442 4081 621 4136 citer
671 4079 751 4133 ad
787 4078 956 4145 haec,
1006 4079 1154 4133 idem
1190 4078 1304 4134 fere
1338 4079 1392 4134 h.
1429 4080 1464 4134 L
1503 4078 1750 4134 efficitur
1787 4080 1885 4133 illa.
1920 4079 2194 4133 orationis
2232 4080 2613 4135 conversione.

439 4163 557 4221 Nec
592 4171 790 4219 temen
822 4164 989 4219 nimis
1026 4163 1264 4220 confido.
1328 4164 1470 4219 Tum
1505 4171 1775 4220 monente
1812 4164 2078 4234 Siesbyeo
2117 4164 2176 4217 in
2211 4164 2320 4218 hac
2355 4166 2616 4221 coniunc-

439 4252 594 4305 tione
640 4250 1070 4304 sententiarum:
1119 4251 1234 4319 qui
1277 4270 1413 4306 non
1454 4252 1741 4322 primus,
1791 4250 1969 4319 quod
2014 4250 2353 4318 quispiam
2387 4250 2617 4321 indig-

441 4336 592 4390 nari
626 4341 885 4405 posset,
923 4337 1047 4391 sed
1083 4338 1333 4391 tertius
1368 4354 1653 4408 regnum
1689 4335 1992 4403 affectet,
2030 4336 2230 4405 scripsi
2266 4336 2531 4405 possit]

366 4422 413 4486 ¹)
450 4419 554 4491 [W.
594 4439 724 4476 cum
769 4421 1010 4491 primum
1054 4423 1314 4477 omnibus
1359 4423 1447 4478 his
1483 4423 1624 4477 locis
1659 4439 1835 4491 prava
1868 4421 2167 4490 tenuisset,
2213 4427 2414 4491 postea
2448 4423 2506 4476 in
2544 4421 2618 4488 11,

446 4510 528 4576 36,
563 4507 661 4575 ῙΧ,
704 4511 785 4573 14,
818 4507 966 4575 XXI,
1002 4510 1090 4576 44,
1125 4506 1324 4577 XXIV,
1359 4510 1427 4563 26
1464 4510 1655 4579 paruit
1691 4505 2102 4576 admonitioni]
