3230 5282
559 584 685 639 Lib.
717 583 816 638 IV.
1662 572 1782 633 112

561 755 904 823 Nomina
968 754 1389 823 consulum
1455 756 1739 823 horum
1809 756 2182 822 Licinius
2248 754 2519 821 Macer
2583 761 2873 821 auctor

560 868 687 929 est
732 868 856 929 cet.
945 863 1397 948 Relinquitur:
1442 862 1829 930 suffectis
1874 864 2003 930 his
2048 884 2250 931 coss.
2296 865 2872 948 praetermissa.

561 970 843 1055 Scripsit
885 971 1089 1055 igitur
1130 972 1381 1037 Livius:
1453 969 1740 1052 Cred0,
1797 971 2013 1056 quod
2055 971 2378 1038 tribuni
2422 972 2579 1038 mil.
2625 970 2876 1037 initio

562 1079 756 1143 anni
811 1075 1177 1159 fuerunt,
1245 1079 1584 1164 perinde
1653 1101 1741 1145 ac
1813 1082 1884 1145 si
1938 1086 2199 1146 totum
2260 1077 2345 1162 [V
2389 1078 2728 1164 perinde
2785 1100 2877 1146 ac

561 1191 844 1266 totum,
900 1193 976 1252 ut
1020 1186 1101 1267 11,
1159 1190 1260 1267 58,
1314 1192 1369 1267 1,
1415 1187 1556 1267 VII,
1604 1190 1663 1268 3,
1708 1191 1766 1268 9,
1813 1186 2110 1269 XXVIII,
2146 1190 2260 1272 ‚38‚
2312 1186 2418 1270 10]
2465 1207 2753 1253 annum
2795 1188 2875 1252 in

561 1295 909 1378 imperio
987 1293 1334 1375 fuerint,
1414 1293 1822 1361 suffectos
1898 1295 2002 1362 iis
2082 1294 2464 1362 consules
2531 1302 2872 1379 praeter·

559 1402 873 1469 missos.
965 1401 1181 1479 Quum
1225 1400 1631 1469 suffectos
1679 1402 1859 1485 (nam
1903 1424 2102 1471 coss.
2138 1410 2304 1470 nota
2345 1402 2657 1487 ambigua
2699 1402 2871 1484 erat)

559 1531 784 1576 errore
832 1509 920 1575 ad
966 1511 1068 1575 iis
1103 1510 1673 1576 accommodatum
1707 1517 1901 1591 esset,
1947 1513 2570 1596 praetermissos‚
2615 1515 2691 1576 ut
2726 1531 2876 1576 cum

559 1640 671 1696 eo,
740 1617 916 1700 quod
961 1617 1390 1702 sequebatur,
1458 1618 1875 1686 substantivo
1936 1617 2006 1700 (n
2023 1619 2301 1701 omina)
2350 1614 2871 1701 coniungeretm,

559 1727 629 1790 in
682 1727 1233 1809 praetermissa
1283 1732 1614 1791 mutatum
1672 1733 1791 1792 est.
1903 1725 2227 1793 Tenemus
2270 1727 2507 1811 igitur,
2561 1732 2639 1791 ut
2680 1726 2872 1791 initio

563 1833 718 1911 dixi,
775 1832 885 1898 hic
933 1853 1195 1918 quoque
1249 1833 1353 1916 (ut
1384 1833 1500 1914 111,
1551 1838 1651 1915 38,
1704 1833 1811 1917 10)
1856 1834 2164 1900 mendum
2205 1834 2337 1900 iam
2380 1835 2450 1900 in
2497 1834 2724 1900 codice
2772 1854 2876 1899 ar-

561 1941 845 2025 chetypo
901 1941 1415 2025 interpolatione
1474 1943 1909 2022 occultatum;
1975 1942 2245 2009 tertium
2301 1941 2511 2009 simile
2572 1947 2877 2007 occurret

562 2050 632 2113 in
678 2069 731 2113 c,
781 2052 882 2129 25,
929 2053 988 2112 ¹7.

736 2154 894 2241 Cap.
942 2161 1001 2236 8,
1048 2162 1116 2219 2:
1177 2157 1394 2222 Idem
1438 2157 1567 2222 hic
1612 2179 1868 2223 annus
1915 2158 2277 2223 censurae
2321 2159 2653 2224 initium
2697 2157 2875 2237 fuit,

562 2265 683 2328 rei
727 2284 769 2329 a
812 2285 1066 2347 parva
1112 2266 1427 2348 origine
1477 2272 1701 2343 ortae,
1759 2286 1925 2348 quae
1983 2264 2274 2331 deinde
2332 2272 2569 2331 tanto
2615 2267 2874 2330 incre-

562 2378 832 2438 mento
880 2377 1125 2438 aucta
1169 2379 1316 2452 est,
1362 2378 1447 2436 ut
1489 2394 1792 2438 morum
1837 2372 2457 2458 disciplinaeque
2503 2374 2875 2438 Romanae

563 2500 813 2562 penes
860 2500 1028 2544 eam
1073 2479 1457 2562 regimen,
1516 2486 1849 2545 senatus
1897 2482 2423 2564 equitumque
2468 2481 2873 2559 centuriis,

569 2586 892 2653 decoris
963 2586 1559 2674 dedecorisque
1629 2588 2063 2654 discrimen
2121 2588 2264 2655 sub
2324 2589 2648 2655 dicione
2705 2588 2876 2654 eius

567 2695 1136 2778 magistratus„
1196 2696 1714 2780 publicorum
1761 2698 1885 2762 ius
1932 2699 2612 2781 privatorumque
2654 2677 2880 2762 locoss

568 2821 765 2882 rum,
833 2804 1284 2887 vectigalia
1327 2805 1610 2888 populi
1658 2805 1993 2870 Romani
2041 2805 2186 2871 sub
2232 2813 2430 2871 nutu
2476 2812 2719 2886 atque
2765 2799 2881 2869 arss

569 2910 821 2976 bitrio
891 2917 1188 2976 essent.
1313 2910 1440 2988 Qui
1506 2911 1860 2996 diligenter
1927 2912 2315 2993 attenderit,
2383 2912 2880 2989 animadvertet,

429 3035 538 3103 (93)
576 3019 746 3084 male
814 3019 1117 3103 componi
1184 3037 1314 3084 una
1380 3022 1546 3086 serie
1613 3020 1755 3085 haec
1819 3021 1981 3085 tria:
2052 3026 2446 3099 senatum,
2515 3021 2881 3102 equitum

570 3128 1008 3207 centuriae,
1069 3125 1395 3192 decoris
1444 3127 2036 3212 dedecorisque
2083 3127 2540 3209 discrimen,
2586 3127 2711 3192 hoc
2757 3134 2879 3205 est,

571 3235 834 3300 ordines
880 3241 949 3299 et
989 3234 1288 3300 homines
1336 3255 1482 3299 cum
1529 3235 1808 3300 actione.
1909 3234 2162 3300 Deinde
2223 3234 2392 3300 falso
2442 3236 2702 3300 omnino
2752 3257 2879 3299 se-

571 3349 808 3408 natus
866 3341 1006 3407 sub
1067 3342 1390 3407 dicione
1449 3363 1807 3407 censurae
1849 3341 2054 3408 fuisse
2103 3342 2375 3422 dicitur,
2434 3362 2586 3407 nam
2633 3344 2699 3407 in
2748 3345 2880 3407 sin-

568 3448 873 3531 gulorum
951 3449 1268 3532 dignitate
1337 3450 1787 3515 conservanda
1850 3450 2284 3515 minuendave
2352 3471 2699 3515 censorum
2763 3471 2882 3533 po·

571 3563 783 3622 testas
842 3561 1019 3637 erat3
1087 3578 1127 3620 a
1185 3563 1458 3622 senatus
1518 3559 1779 3625 actione
1838 3564 1907 3623 et
1951 3556 2241 3623 consiliis
2286 3557 2591 3641 regendis
2635 3558 2884 3641 longis-

570 3665 732 3728 sime
787 3663 1081 3729 aberant.
1195 3663 1364 3728 Tum
1434 3664 1753 3731 decoris
1823 3672 1900 3731 et
1968 3663 2397 3731 dedecoris
2455 3665 2691 3747 (omnis
2747 3685 2886 3731 om·

571 3769 779 3851 nium)
839 3769 1190 3835 discrimen
1246 3771 1440 3836 nimis
1499 3772 1751 3839 infinite
1800 3772 2057 3839 dicitur.
2159 3772 2503 3839 Postremo
2547 3775 2615 3837 in
2661 3772 2889 3839 codice

569 3878 929 3962 archetypo
976 3877 1318 3960 (MPLIHI
1344 3931 1358 3959 ,
1426 3881 1628 3945 etiam
1685 3880 2131 3946 deterioribus
2185 3880 2510 3964 pluribus)
2568 3882 2888 3965 scriptum

569 3991 718 4050 erat
772 3987 1203 4065 centuriis,
1272 3987 1450 4068 quod
1505 3988 1835 4070 quomodo
1893 3988 1956 4052 h.
2003 3986 2045 4050 l.
2095 4008 2174 4051 ex
2231 3989 2621 4054 centuriae
2678 3987 2889 4072 (quod

571 4094 637 4156 in
710 4091 966 4157 duobus
1041 4093 1649 4178 interpolatissimis
1706 4095 1984 4179 reperiri
2042 4095 2331 4176 videtur3
2399 4089 2553 4160 nam
2607 4095 2676 4159 in
2732 4094 2885 4160 aliis

573 4205 676 4264 est
744 4201 1336 4283 centuriarum)
1407 4203 1567 4267 oriri
1634 4203 1956 4287 potuerit,
2036 4224 2228 4269 nemo
2294 4201 2488 4268 facile
2531 4201 2883 4287 expediet.

570 4305 700 4372 Sed
747 4314 900 4389 post
941 4310 1321 4390 regimen
1368 4309 1611 4374 excidit
1655 4312 1752 4376 in.
1855 4309 2231 4394 Scripserat
2270 4311 2441 4375 enim
2488 4310 2744 4375 Livius:
2803 4311 2889 4374 in

571 4421 866 4479 senatu
914 4417 1441 4499 equitumque
1491 4418 1893 4483 centuriis
1928 4417 2249 4484 decoris
2286 4417 2887 4499 dedecorisque
