3230 5282
1633 571 1669 596 Q

1448 593 1569 654 149
2436 605 2560 660 Lib.
2597 606 2665 660 V.

339 784 761 860 occupatum,
820 799 957 843 non
1004 776 1420 856 custoditum,
1467 783 1541 841 ut
1586 775 1818 857 XXIV,
1864 780 1967 856 46,
2021 781 2086 841 1:
2147 778 2336 860 quia
2381 776 2668 861 (partem

337 884 555 967 urbis)
637 886 988 950 maxime
1069 885 1531 966 neglectam
1607 885 1999 950 custodia
2063 885 2289 950 vidit.
2414 886 2666 952 Eodem

334 993 538 1057 modo
608 994 922 1059 dicuntur
990 993 1465 1058 intermissa
1522 993 1934 1058 custodiis
1994 994 2181 1059 loca
2224 993 2375 1074 VH,
2436 999 2547 1074 36,
2612 998 2668 1075 1,

339 1100 581 1180 XXIV,
631 1106 739 1181 35,
788 1108 848 1167 s.
940 1100 1184 1184 (1862.)
1692 1184 1700 1191 ,

517 1208 677 1294 Cap.
725 1215 827 1291 47,
876 1215 945 1276 6:
1015 1210 1418 1293 reliquum
1474 1211 1770 1290 noctiS,
1832 1216 2215 1294 quantum
2270 1210 2349 1274 in
2395 1210 2666 1275 turba-

337 1318 459 1383 tis
530 1319 943 1384 mentibus
989 1321 1376 1401 poterat,
1458 1340 1699 1402 quum
1766 1319 2278 1402 praeteritum
2346 1339 2665 1402 quoque

341 1425 818 1508 periculum
889 1426 1436 1505 sollicitaret,
1516 1427 1778 1508 quieti
1846 1427 2123 1490 datum
2189 1432 2334 1490 est.
2457 1427 2665 1491 Recte

341 1532 717 1598 diceretur:
790 1540 1184 1618 quantum
1241 1535 1321 1598 in
1379 1539 1626 1599 tanta
1679 1534 2312 1618 perturbatione
2370 1535 2667 1599 animo-

340 1663 516 1706 rum
583 1649 954 1725 poterat3
1022 1663 1194 1706 nunc
1263 1643 1577 1725 quoniam
1643 1641 2067 1726 participium
2133 1643 2401 1725 ponitur
2470 1641 2667 1724 (tur-

340 1750 570 1815 batis
617 1750 1080 1832 mentibus),
1127 1749 1425 1815 tollenda
1469 1756 1571 1813 est
1614 1751 1694 1813 in
1738 1750 2137 1833 praepositio,
2185 1759 2334 1814 orta
2379 1772 2459 1815 ex
2504 1773 2667 1834 prae-

346 1858 615 1924 cedenti
665 1879 743 1922 n.
843 1859 1073 1943 Neque
1120 1858 1312 1923 abest
1356 1859 1679 1942 suspicio,
1739 1858 1899 1941 quin
1946 1858 2147 1922 etiam
2190 1856 2361 1937 XXI,
2425 1863 2524 1937 55,
2589 1865 2666 1923 10

344 1967 549 2031 scribi
597 1966 870 2031 debeat:
928 1967 1222 2032 Tamen
1268 1972 1396 2032 tot
1441 1965 1662 2048 (codd.
1711 1971 1778 2030 et
1824 1966 1969 2030 edd.
2018 1966 2097 2030 in
2142 1965 2295 2047 tot)
2344 1967 2666 2031 circum-

344 2074 779 2139 stantibus
836 2076 1078 2140 malis
1133 2075 1435 2139 mansit
1491 2073 1996 2155 aliquamdiu
2051 2074 2374 2139 immota
2419 2075 2667 2155 acies;

344 2204 756 2265 quamquam
845 2184 1062 2248 minus
1139 2183 1373 2248 vitiose
1458 2182 1534 2247 in
1614 2181 1852 2246 malis
1931 2182 2667 2249 circumstantibus

346 2313 549 2375 quam
604 2292 686 2355 in
744 2292 1156 2356 mentibus
1214 2290 1581 2355 turbatis
1631 2289 1880 2372 aliquid
1925 2288 2069 2353 fieri
2116 2290 2385 2354 dicitur.
2487 2290 2672 2356 Idem

344 2399 665 2464 mendum
710 2397 815 2481 (in
864 2420 941 2463 ex
986 2399 1388 2483 praecedenti
1435 2418 1492 2459 n
1541 2395 1786 2478 ortum)
1834 2398 2155 2481 corrigam
2200 2400 2267 2463 in
2312 2399 2481 2464 libro
2529 2400 2668 2481 VH,

349 2511 458 2586 23,
505 2512 575 2587 63
620 2508 691 2571 in
738 2506 968 2572 eodem
1010 2506 1181 2572 libro
1229 2528 1280 2572 c.
1330 2510 1429 2586 36,
1477 2510 1515 2570 7
1563 2504 1999 2588 (consulem
2043 2507 2123 2570 in
2170 2507 2469 2589 castra)
2518 2529 2660 2573 cor·
2699 2520 2841 2590 (126)

351 2616 528 2680 rexit
571 2616 708 2680 iam
753 2613 1213 2697 Gronovius.1)

528 2722 691 2807 Cap.
741 2727 852 2803 52,
913 2729 941 2787 1
994 2724 1089 2806 (in
1137 2720 1395 2788 Camilli
1454 2724 1754 2788 oratione
1802 2729 2035 2788 contra
2080 2724 2424 2789 consilium
2471 2725 2672 2790 Veios

351 2831 742 2914 migrandi):
789 2832 970 2896 Haec
1017 2832 1224 2896 culti
1269 2831 1795 2915 neglectique
1842 2832 2199 2896 numinis
2245 2838 2480 2897 tanta
2524 2855 2674 2898 mo-

349 2946 743 3005 numenta
801 2941 880 3004 in
939 2941 1183 3005 rebus
1240 2940 1610 3004 humanis
1669 2945 2097 3003 cernentes
2156 2939 2447 3023 ecquid
2506 2962 2672 3005 sen-

353 3050 585 3128 titis,
636 3045 1042 3127 Quirites,
1101 3055 1487 3132 quantum
1537 3082 1613 3092 —-
1662 3068 2039 3131 paremus
2094 3046 2371 3111 nefas?
2428 3048 2673 3113 Rerum

355 3163 592 3221 eventa
665 3155 1150 3220 documenta
1216 3156 1449 3220 divinae
1514 3156 1872 3221 voluntatis
1934 3176 2075 3220 esse
2133 3161 2443 3238 possunt,
2509 3176 2673 3220 mo-

352 3271 749 3329 numenta
829 3285 1163 3345 nunquam
1241 3271 1357 3328 aut
1432 3269 1583 3327 sunt
1650 3268 1768 3327 aut
1836 3263 2285 3347 appellantur,
2364 3264 2676 3346 quoniam

355 3373 606 3438 nullius
652 3373 750 3436 rei
795 3373 1179 3436 memoriam
1224 3377 1638 3450 conservant,
1702 3371 1818 3435 sed
1862 3372 2006 3454 ipsa
2050 3373 2492 3436 monumentis
2538 3379 2674 3437 tra·

357 3481 612 3545 duntur
657 3480 961 3563 posteris,
1061 3479 1316 3543 Deinde
1375 3479 1539 3543 nihil
1585 3501 1743 3543 sane
1791 3479 1875 3543 ad
1921 3479 2007 3558 id,
2053 3479 2133 3544 de
2181 3502 2311 3563 quo
2361 3479 2673 3547 Camillus

354 3588 548 3666 dicit,
615 3586 1019 3671 pertinebat,
1086 3593 1513 3652 monumenta
1571 3593 1833 3651 exstare
1900 3588 2184 3653 numinis
2252 3594 2319 3653 et
2386 3590 2547 3654 culti
2608 3598 2676 3655 et

352 3697 672 3778 neglecti;
742 3696 888 3778 quis
957 3697 1127 3760 enim
1193 3696 1264 3759 id
1319 3696 1772 3761 admonendus
1834 3701 2007 3775 erat,
2077 3696 2238 3761 deos
2299 3703 2366 3760 et
2422 3698 2549 3763 coli
2608 3705 2677 3763 et

352 3804 618 3887 neglegi
685 3804 925 3886 posse?
1005 3804 1083 3868 Id
1148 3805 1479 3868 Romanos
1550 3802 1865 3867 Camillus
1941 3804 2222 3887 putabat
2289 3811 2356 3869 et
2423 3805 2674 3871 discere

353 3913 658 3998 potuisse
717 3919 782 3977 et
839 3912 1211 3977 meminisse
1270 3912 1538 3989 debere,
1609 3917 1927 3996 quantam
1985 3912 2114 3976 vim
2170 3913 2236 3976 in
2293 3912 2494 3978 rebus
2551 3914 2673 3978 hu·-

410 4181 461 4248 ¹)
504 4180 559 4234 C.
598 4184 693 4247 48,
748 4184 781 4235 5
826 4187 978 4236 recte
1013 4182 1476 4238 Drakenborchio
1522 4184 1582 4238 in
1627 4188 1873 4236 mentem
1919 4184 2100 4250 venit,
2157 4185 2516 4239 scribendum
2553 4203 2674 4240 esse

497 4284 531 4320 a
576 4267 766 4320 Veiis
826 4267 1165 4322 adducere
1225 4269 1635 4336 exercitum,
1702 4286 1817 4322 non
1865 4269 2220 4325 abducere.
2310 4270 2437 4326 Non
2484 4272 2674 4340 agitur

497 4352 568 4405 de
607 4352 949 4406 removendo
986 4372 1018 4406 a
1052 4354 1208 4408 Veiis
1245 4355 1522 4421 exercitu,
1578 4353 1678 4407 sed
1726 4354 1796 4407 de
1841 4355 2174 4415 arcessendo
2223 4359 2283 4410 et
2327 4357 2562 4426 propius
2600 4357 2673 4411 ad

497 4454 626 4491 eum
663 4437 852 4492 locum
888 4439 1258 4506 admovendO,
1294 4441 1392 4494 ubi
1429 4439 1691 4493 Camillus
1730 4444 1866 4493 erat.
