3230 5282
1477 613 1599 673 527
2273 625 2396 678 Lib.
2434 624 2682 678 XXXVI.

387 819 580 876 sam3
616 796 731 861 sed
769 795 1089 860 excidisse
1123 794 1385 859 videtur
1420 817 1539 859 vox
1575 798 1971 874 necessaria,
2009 819 2210 878 quum
2234 796 2455 861 Livius
2482 798 2686 881 scrip·
2723 812 2864 881 (425)

387 906 608 969 sisset:
656 906 1077 968 reservari
1126 902 1459 965 exsulu-
1508 922 1798 965 cusa·
1845 904 2130 981 Achaei,
2178 904 2354 968 Elei
2402 906 2596 983 cet.¹)

557 1010 711 1096 Cap.
782 1017 894 1088 45,
970 1015 1037 1074 9:
1119 1011 1376 1075 creati
1446 1018 1633 1074 sunt
1699 1011 2070 1075 consules
2132 1011 2200 1076 L.
2266 1010 2694 1076 Cornelius

388 1119 663 1201 Scipio
713 1126 790 1183 et
836 1117 902 1182 C.
956 1118 1262 1195 Laelius‚
1322 1118 1846 1182 intuentibus
1893 1120 2213 1184 cunctis
2262 1120 2357 1183 ad
2404 1120 2694 1184 finien-

387 1227 563 1291 dum
637 1247 806 1291 cum
866 1226 1260 1290 Antiocho
1316 1226 1641 1290 bellum.
1757 1226 2031 1290 Prorsus
2089 1228 2397 1292 inusitate
2457 1226 2698 1292 dicitur

388 1334 698 1398 intueri
746 1333 840 1397 ad
888 1332 1208 1413 aliquid
1255 1332 1713 1398 faciendum
1760 1353 1878 1415 pro
1927 1353 2023 1409 e0‚
2074 1334 2246 1416 quod
2293 1342 2396 1398 est
2442 1336 2695 1399 inten-

387 1451 550 1506 tum
619 1462 828 1519 esse3
909 1461 1119 1521 neque
1188 1441 1252 1503 in
1315 1440 1383 1504 L.
1449 1438 1753 1523 Scipione
1822 1440 2057 1504 saltem
2127 1441 2440 1520 creando,
2509 1443 2694 1507 cuius

386 1548 567 1614 nulla
616 1569 846 1629 magno
886 1569 1082 1631 opere
1128 1548 1302 1611 fama
1349 1555 1464 1611 aut
1510 1549 1915 1630 exspectatio
1963 1556 2124 1625 erat,
2172 1549 2287 1613 illa
2333 1569 2494 1613 cura
2539 1549 2693 1613 belli

386 1656 654 1720 finiendi
710 1676 829 1738 per
886 1676 954 1719 se
1013 1662 1325 1738 apparet3
1391 1675 1542 1718 nam
1598 1654 1837 1719 Laelius
1895 1655 1965 1720 P.
2027 1655 2396 1739 Scipionem
2454 1658 2519 1720 in
2580 1656 2695 1721 Hi-

389 1765 623 1847 spania
682 1772 749 1827 et
804 1761 1029 1826 Africa
1087 1763 1344 1844 egregie
1402 1763 1674 1826 iuverat.
1790 1763 1861 1825 In
1925 1764 2259 1829 codicibus
2317 1764 2694 1845 vulgaribus

389 1872 715 1959 plerisque
766 1870 1079 1934 scribitur
1125 1867 1195 1933 C.
1246 1868 1543 1933 Laelius
1591 1869 2060 1950 AfricanuS,
2121 1872 2292 1952 quod
2340 1893 2694 1954 cognomen

386 1979 624 2043 Laelius
690 1998 900 2058 neque
974 1977 1132 2041 alibi
1201 1977 1402 2041 habet
1469 1999 1682 2060 neque
1752 1997 1985 2060 parare
2044 1978 2167 2042 sibi
2226 1987 2515 2060 quaestor
2578 2002 2694 2062 po-

387 2094 622 2162 tuerat,
672 2086 1078 2168 aequiparato
1126 2105 1271 2148 cum
1317 2085 1461 2167 ipso
1509 2086 1902 2167 imperatore
1948 2086 2170 2168 gloriae
2217 2078 2438 2164 ti'tu103
2510 2086 2683 2170 quod
2722 2100 2864 2170 (426)

389 2202 604 2257 tamen
686 2194 751 2257 in
835 2191 1211 2256 Cassiodori
1291 2193 1491 2257 fastis.
1563 2193 1801 2258 Laelius
1870 2192 2216 2257 Africanus
2297 2194 2692 2278 appellatur,

389 2300 702 2376 ostendit,
764 2302 894 2364 iam
952 2309 1122 2378 tum,
1182 2321 1382 2383 quum
1437 2299 1533 2363 illi
1589 2299 1869 2364 confecti
1930 2309 2110 2377 sunt,
2173 2302 2377 2365 sicin
2427 2302 2695 2383 quibus-

390 2409 539 2472 dam
596 2409 759 2472 Livii
824 2408 1011 2472 libris
1073 2409 1394 2490 scriptum
1452 2408 1673 2471 fuisse.
1790 2407 1916 2472 Sed
1974 2410 2111 2472 eius
2170 2411 2513 2493 scripturae
2570 2410 2695 2474 ori-

389 2518 601 2598 ginem
671 2515 964 2580 ostendit
1024 2515 1075 2578 B
1145 2537 1274 2579 uno
1344 2514 1654 2579 adiuncto
1715 2537 1748 2579 e
1809 2515 2453 2582 Drakenborchianis
2513 2519 2695 2581 testi-

392 2624 586 2688 monii
638 2624 813 2688 socio
851 2622 1092 2703 (Mead.
1132 2622 1216 2703 2),
1267 2623 1333 2686 in
1380 2623 1620 2704 quibus
1670 2622 2013 2688 scribitur:
2062 2622 2128 2688 C.
2167 2624 2459 2690 Laelius
2496 2624 2694 2689 Afri-

391 2752 669 2796 canum
742 2731 1262 2795 intuentibus
1321 2738 1444 2794 cet.
1557 2731 1776 2810 (Quod
1843 2733 1909 2795 in
1969 2731 2255 2797 editione
2312 2733 2698 2814 Moguntina

390 2840 669 2922 primum
730 2838 1017 2903 deletum
1075 2847 1174 2903 est
1218 2839 1685 2915 Africanus»,
1756 2860 1833 2902 ex
1894 2859 1970 2902 eo
2029 2838 2108 2903 de
2156 2837 2375 2904 codice
2422 2838 2489 2902 M
2534 2839 2694 2902 nihil

390 2947 747 3023 conficitur,
807 2944 1173 3010 Carbachio
1221 2954 1287 3011 et
1334 2945 1605 3009 Gelenio
1657 2946 2059 3024 tacentibus;
2117 2947 2342 3028 itaque
2388 2945 2479 3009 ibi
2525 2945 2696 3009 idem

390 3056 702 3137 scriptum
763 3055 993 3131 fuisse,
1062 3052 1238 3135 quod
1298 3054 1364 3117 in
1411 3052 1492 3129 B,
1563 3052 1841 3134 opinor.)
1952 3053 2167 3136 Atque
2227 3052 2395 3115 hanc
2451 3052 2695 3116 codicis

392 3161 885 3243 Bambergensis
933 3162 1327 3243 scripturam
1375 3160 1676 3223 omnibus
1720 3160 1959 3224 litteris
2004 3180 2221 3223 veram
2269 3167 2334 3223 et
2377 3160 2696 3241 integram

393 3290 535 3332 esse
598 3278 759 3350 puto
820 3290 938 3331 nec
1001 3267 1360 3351 quidquam
1417 3267 1595 3331 ultra
1641 3266 2079 3349 quaerendum.
2186 3266 2326 3330 Hoc
2373 3267 2543 3330 enim
2592 3266 2697 3329 Li-

393 3377 535 3439 vius
583 3375 760 3451 dicit,
809 3376 874 3437 in
922 3375 1222 3440 creandis
1270 3375 1339 3438 L.
1380 3373 1684 3456 Scipione
1733 3382 1799 3438 et
1844 3372 1911 3437 C.
1952 3373 2152 3438 Laelio
2200 3374 2494 3438 homines
2540 3373 2697 3437 belli

394 3504 535 3546 curn
600 3482 919 3546 Antiocho
988 3482 1258 3547 finiendi
1327 3490 1393 3546 et
1460 3483 1523 3544 in
1586 3502 1664 3545 ea
1721 3502 1790 3545 re
1852 3482 2140 3545 Africani
2200 3483 2523 3546 rationem
2584 3481 2698 3544 ha-

391 3590 632 3667 buisse,
694 3591 881 3654 cuius
929 3590 1099 3653 alter
1145 3611 1225 3654 ex
1269 3591 1368 3667 iis,
1415 3590 1527 3673 qui
1574 3589 1993 3668 creabantur,
2041 3589 2245 3653 frater
2292 3596 2484 3665 esset,
2532 3588 2701 3652 alter

393 3697 548 3761 olim
605 3698 669 3760 in
724 3697 919 3761 rebus
980 3697 1279 3777 gerendis
1339 3698 1555 3761 socius
1613 3705 1680 3761 et
1737 3696 2002 3761 adiutor
2059 3697 2322 3773 fuisset,
2390 3703 2464 3759 ut
2522 3694 2698 3758 credi

393 3811 648 3886 posset,
704 3805 921 3868 neutri
968 3803 1150 3867 illum
1197 3824 1472 3887 operam
1514 3806 1581 3868 in
1629 3825 1706 3868 eo
1755 3803 1946 3881 bello,
2006 3803 2181 3884 quod
2227 3823 2399 3866 nunc
2444 3823 2698 3885 gerere-

391 3917 519 3989 tur,
570 3911 1047 3994 denegaturum
1096 3920 1259 3975 esse.

453 4179 503 4244 ¹)
543 4178 669 4248 Cap.
703 4184 786 4248 40,
823 4186 856 4234 4
893 4183 1013 4234 sine
1049 4181 1162 4234 ulla
1198 4180 1553 4234 dubitatione
1591 4180 1913 4249 recipienda
1950 4189 2068 4233 erat
2095 4180 2336 4233 Rubenii
2374 4178 2694 4232 emendatio

532 4262 815 4319 Gronovio
848 4271 904 4319 et
924 4264 1179 4319 Creverio
1209 4266 1467 4334 probata:
1501 4271 1670 4333 quot
1701 4282 1839 4319 cum
1873 4265 2199 4318 millibus.
2242 4262 2354 4331 [Sic
2381 4264 2491 4316 iam
2522 4263 2691 4315 Lovv.

536 4352 559 4400 1
601 4356 658 4402 et
694 4349 764 4417 3.]
