3230 5282
1359 586 1485 648 273
1842 569 1849 581 “
2266 597 2391 652 Lib.
2427 598 2577 653 xxl.

296 770 486 851 dico;
552 771 750 838 duos
809 769 1190 836 consules
1248 769 1490 835 huius
1546 769 1732 835 anni
1789 790 2019 834 unum
2078 770 2159 836 in
2202 770 2579 851 Africam,

292 878 616 945 alterum
659 881 738 945 in
781 878 1263 963 Hispaniam
1307 878 1724 943 miserunt.
1815 877 2331 961 Interrogationi
2377 879 2579 944 subii-

295 986 447 1051 citur
497 988 648 1072 ipsa
702 987 1027 1054 correctio
1075 978 1733 1067 (transcendisse
1778 986 1909 1049 iam
1956 985 2200 1068 dico),
2261 986 2417 1050 huic
2462 987 2578 1052 ad·

292 1093 453 1160 ditur
501 1096 874 1181 explicatio.
976 1091 1037 1176 (ἓ
1086 1098 1124 1158 6
1170 1114 1205 1158 e
1253 1093 1556 1160 codicum
1603 1093 1965 1177 scriptura:
2035 1092 2133 1158 ad
2188 1092 2581 1160 Hiberum

291 1209 399 1267 est
463 1202 910 1286 Saguntum
976 1200 1239 1266 facilius
1312 1199 1597 1267 efficitur
1665 1208 1747 1265 at
1815 1221 1969 1266 non
2034 1200 2132 1266 ad
2197 1201 2581 1267 Hiberum

288 1344 364 1355 —-
403 1331 597 1395 quam
653 1316 738 1376 at
794 1310 913 1374 cis
970 1307 1360 1374 Hiberum
1402 1343 1507 1372 —.
1583 1308 1794 1385 1862.)
1913 1306 2105 1384 Quod
2150 1308 2219 1372 in
2263 1309 2581 1392 proximis

291 1418 485 1484 verbis
540 1418 844 1483 codicum
899 1416 1209 1481 mendum
1273 1416 1886 1481 vindicaremus
1955 1435 2076 1498 pro
2130 1416 2581 1481 vindicari-

291 1547 439 1591 mus
494 1524 1071 1590 Weissenbornius
1140 1523 1506 1589 enarrando
1573 1524 1750 1589 tueri
1807 1527 2112 1603 conatur,
2177 1544 2335 1589 vera
2391 1545 2581 1589 enar-

288 1634 441 1700 ratio
504 1640 714 1713 esset,
781 1634 842 1697 si
886 1631 1332 1697 scriberetur:
1400 1630 1612 1696 nihil
1658 1630 1897 1696 nobis
1943 1630 2580 1715 relinqueretur,

291 1761 408 1806 11011
476 1739 744 1823 (nihil)
822 1739 1210 1805 relictum
1275 1745 1431 1819 est3
1509 1738 1664 1803 huic
1731 1739 1903 1803 enim
1973 1738 2029 1802 si
2096 1738 2339 1804 addas:
2420 1740 2581 1804 nisi

291 1846 484 1930 quod
526 1849 773 1913 armis
818 1846 1443 1925 vindicaremus,
1490 1845 1661 1910 hanc
1705 1866 1903 1910 unam
1946 1848 2341 1912 sententiam
2361 1847 2583 1912 Latini

289 1957 590 2021 sermonis
636 1977 794 2020 usus
841 1952 1072 2019 efficit:
1120 1975 1192 2019 es
1238 1953 1329 2018 ist
1372 1974 1496 2018 uns
1542 1952 1756 2018 nichts
1787 1954 1982 2037 iibrig
2015 1953 2317 2037 gelassen
2349 1954 2448 2019 als
2484 1959 2583 2019 et-

287 2082 415 2127 was
465 2084 538 2128 zu
591 2061 1045 2145 vertheidigen
1064 2111 1078 2140 ‚
1146 2060 1276 2126 hoc
1321 2066 1450 2142 est,
1519 2060 1889 2126 ridiculam.
2000 2061 2316 2128 Extremo
2364 2063 2583 2146 capite

288 2166 355 2251 (ἐ
395 2168 475 2250 9),
515 2171 628 2236 ubi
672 2171 742 2235 in
789 2169 1130 2235 codicibus
1177 2168 1521 2233 scribitur:
1592 2170 1660 2233 si
1704 2168 1850 2233 hoc
1893 2168 2092 2234 bene
2137 2167 2385 2233 fixum
2431 2191 2581 2235 om-

288 2276 517 2343 nibus
573 2278 1081 2344 destinatum
1124 2277 1203 2341 in
1249 2277 1517 2342 animo
1564 2282 1718 2356 est,
1786 2296 2000 2358 neque
2047 2276 2581 2341 destinatum-

289 2405 432 2469 que
492 2406 703 2469 neque
760 2386 827 2451 si
886 2385 1390 2450 destinatum
1447 2382 1868 2448 scribendum
1922 2384 2212 2463 videtur,
2280 2385 2394 2449 sed
2452 2384 2594 2449 de-

290 2494 671 2559 stinatum
716 2491 1083 2558 tollendum
1127 2497 1202 2555 ut
1245 2491 1728 2575 interpretandi
1764 2511 1967 2556 causa
2003 2491 2352 2557 adiectum.
2422 2489 2582 2576 Cap.

289 2604 385 2679 45,
444 2604 479 2664 3
524 2622 559 2667 e
605 2600 907 2667 codicum
950 2601 1282 2684 scriptura
1325 2584 1506 2664 111110
1524 2597 1913 2665 otumulis
1961 2598 2249 2664 efficitur
2305 2597 2409 2682 [ut
2452 2600 2585 2664 iam

290 2707 646 2794 Gronovius
683 2706 970 2790 viderat]
1018 2707 1249 2773 eadem
1291 2707 1577 2774 nominis
1612 2708 1964 2789 scriptura,
2010 2729 2157 2791 quae
2190 2707 2367 2792 apud
2403 2707 2585 2772 Stra·

286 2814 510 2881 bonem
566 2824 695 2882 est:
767 2816 862 2882 ab
920 2814 1379 2895 Ictumulis;
1447 2815 1597 2879 bin
1642 2834 1672 2876 v
1717 2816 2001 2880 transiit.
2092 2814 2214 2896 (De
2272 2836 2324 2879 c.
2372 2820 2483 2895 45,
2544 2821 2583 2879 8

288 2921 522 3014 dictum
568 2923 655 2988 ad
701 2944 756 2989 c.
805 2927 907 3005 25,
954 2923 1042 3006 9.)

445 3030 636 3116 *Cap
684 3036 797 3111 49,
868 3036 906 3095 7
965 3030 1107 3112 (ubi
1174 3032 1392 3113 agitur
1462 3030 1542 3095 de
1611 3028 1904 3095 consiliis
1974 3036 2043 3094 et
2106 3030 2429 3094 institutis
2493 3031 2583 3096 M.

286 3136 518 3206 AEmilii
584 3139 887 3223 praetoris
954 3140 1021 3203 in
1092 3132 1343 3217 Sicilia,
1427 3159 1633 3221 quum
1698 3137 1781 3201 ab
1849 3138 2141 3202 Hierone
2207 3137 2585 3203 admonitus

287 3253 475 3326 esset,
536 3245 1120 3330 Carthaginienses
1183 3244 1568 3327 adventare)
1618 3245 1714 3310 sic
1759 3244 2073 3309 scribitur
2114 3245 2182 3309 in
2226 3244 2305 3327 P,
2364 3266 2406 3310 a
2451 3267 2582 3330 quo

287 3356 475 3419 ceteri
540 3354 884 3432 meliores,
965 3354 1225 3419 etiamsi
1306 3373 1419 3419 eos
1488 3373 1782 3418 seorsum
1852 3353 2300 3418 testimonium
2366 3352 2585 3419 facere

286 3467 609 3542 putemus,
680 3460 876 3541 nihil,
946 3460 1126 3545 quod
1185 3460 1269 3526 ad
1326 3481 1465 3524 rem
1521 3460 1885 3544 pertineat,
1954 3459 2343 3526 deflectunt:
2434 3461 2583 3526 Ex·

287 3569 572 3654 templo
641 3577 721 3634 et
789 3569 1008 3634 circa
1084 3574 1434 3651 praetore
1502 3589 1544 3632 a
1610 3568 1951 3633 civitate
2020 3569 2254 3634 missi
2322 3569 2585 3653 legati

287 3676 759 3761 tribunique
827 3697 1011 3740 suos
1080 3675 1176 3740 ad
1244 3695 1514 3740 curam
1587 3675 1987 3740 custodiae
2055 3677 2588 3742 intenderent

285 3790 460 3848 ante
559 3785 826 3849 omnia
910 3782 1355 3866 Lilybaeum
1458 3782 1721 3846 teneri
1812 3790 2293 3866 apparatum
2382 3785 2585 3850 belli

287 3890 547 3958 edicto
619 3891 1050 3974 proposito
1120 3899 1203 3953 ut
1270 3889 1474 3954 socii
1539 3887 1872 3954 navales
1940 3890 2208 3956 decem
2277 3891 2585 3957 dierum

288 4006 566 4064 coacta
633 3998 949 4063 ciuaria
1015 3996 1111 4061 ad
1165 4017 1408 4061 naves
1466 3995 1889 4063 deferrent
1946 4005 2025 4064 et
2080 3998 2216 4063 ubi
2274 4000 2584 4084 signum

289 4101 551 4171 datum
610 4111 835 4171 esset
889 4126 981 4170 ne
1040 4105 1218 4187 quis
1276 4125 1571 4169 moram
1618 4107 2227 4172 conscendendi
2270 4108 2588 4173 faceret

287 4232 576 4296 perque
624 4234 929 4279 omnem
976 4213 1447 4296 moram'qui
1484 4233 1576 4277 ex
1613 4214 1974 4296 speculis
2009 4217 2589 4299 prospicerent

289 4318 773 4385 adventante
850 4318 1207 4385 hostium
1286 4319 1629 4384 classem
1696 4322 1968 4386 simili.
2090 4323 2382 4407 Itaque
2451 4328 2757 4403 cet.(223)

289 4423 568 4492 Primum
646 4434 962 4513 apparet,
1046 4448 1307 4493 omnem
1387 4448 1613 4492 curam
1693 4430 2198 4515 cautionemque
2276 4432 2343 4495 in
2421 4429 2586 4495 duas

2064 4548 2129 4602 18
