<?xml version="1.0" encoding="UTF-8"?>
<!DOCTYPE html PUBLIC "-//W3C//DTD XHTML 1.0 Transitional//EN"
    "http://www.w3.org/TR/xhtml1/DTD/xhtml1-transitional.dtd">
<html xmlns="http://www.w3.org/1999/xhtml" xml:lang="en" lang="en">
 <head>
  <title>
</title>
<meta http-equiv="Content-Type" content="text/html;charset=utf-8" />
  <meta name='ocr-system' content='tesseract 3.04.00' />
  <meta name='ocr-capabilities' content='ocr_page ocr_carea ocr_par ocr_line ocrx_word'/>
</head>
<body>
  <div class='ocr_page' id='page_1' title='image "./emendationesliv03madvgoog_0341.png"; bbox 0 0 3230 5282; ppageno 0'>
   <div class='ocr_carea' id='block_1_1' title="bbox 1454 656 2668 724">
    <p class='ocr_par' dir='ltr' id='par_1_1' title="bbox 1454 656 2668 724">
     <span class='ocr_line' id='line_1_1' title="bbox 1454 656 2668 724; baseline 0.004 -7"><span class='ocrx_word' id='word_1_1' title='bbox 1454 656 1576 718; x_wconf 70' lang='lat'>327</span> <span class='ocrx_word' id='word_1_2' title='bbox 2305 670 2427 723; x_wconf 88' lang='lat' dir='ltr'><strong>Lib.</strong></span> <span class='ocrx_word' id='word_1_3' title='bbox 2466 669 2668 724; x_wconf 82' lang='lat' dir='ltr'>xxm.</span> 
     </span>
    </p>
   </div>
   <div class='ocr_carea' id='block_1_2' title="bbox 344 822 2835 3946">
    <p class='ocr_par' dir='ltr' id='par_1_2' title="bbox 354 822 2672 1141">
     <span class='ocr_line' id='line_1_2' title="bbox 354 822 2672 926; baseline -0 -18"><span class='ocrx_word' id='word_1_4' title='bbox 354 848 718 923; x_wconf 79' lang='lat' dir='ltr'>aestuque</span> <span class='ocrx_word' id='word_1_5' title='bbox 764 863 904 906; x_wconf 91' lang='lat' dir='ltr'>suo</span> <span class='ocrx_word' id='word_1_6' title='bbox 940 841 1238 906; x_wconf 92' lang='lat' dir='ltr'>Locros</span> <span class='ocrx_word' id='word_1_7' title='bbox 1283 841 1640 906; x_wconf 87' lang='lat' dir='ltr'>traiecit.</span> <span class='ocrx_word' id='word_1_8' title='bbox 1702 841 1923 908; x_wconf 80' lang='lat' dir='ltr'><strong>Causa</strong></span> <span class='ocrx_word' id='word_1_9' title='bbox 1967 822 2209 908; x_wconf 86' lang='lat' dir='ltr'>erroris</span> <span class='ocrx_word' id='word_1_10' title='bbox 2252 841 2380 907; x_wconf 88' lang='lat' dir='ltr'>fuit</span> <span class='ocrx_word' id='word_1_11' title='bbox 2414 842 2672 926; x_wconf 82' lang='lat' dir='ltr'>syllaba</span> 
     </span>
     <span class='ocr_line' id='line_1_3' title="bbox 360 948 2668 1031; baseline 0 -17"><span class='ocrx_word' id='word_1_12' title='bbox 360 956 440 1014; x_wconf 90' lang='lat' dir='ltr'>to</span> <span class='ocrx_word' id='word_1_13' title='bbox 508 950 636 1014; x_wconf 90' lang='lat' dir='ltr'>duo</span> <span class='ocrx_word' id='word_1_14' title='bbox 702 950 920 1014; x_wconf 83' lang='lat' dir='ltr'>vicina</span> <span class='ocrx_word' id='word_1_15' title='bbox 976 949 1181 1014; x_wconf 82' lang='lat' dir='ltr'>verba</span> <span class='ocrx_word' id='word_1_16' title='bbox 1240 948 1571 1014; x_wconf 89' lang='lat' dir='ltr'>claudens.</span> <span class='ocrx_word' id='word_1_17' title='bbox 1686 949 1985 1031; x_wconf 88' lang='lat' dir='ltr'>(AEstus</span> <span class='ocrx_word' id='word_1_18' title='bbox 2046 972 2393 1016; x_wconf 90' lang='lat' dir='ltr'>summus</span> <span class='ocrx_word' id='word_1_19' title='bbox 2452 950 2668 1014; x_wconf 90' lang='lat' dir='ltr'>nullus</span> 
     </span>
     <span class='ocr_line' id='line_1_4' title="bbox 356 1055 2646 1141; baseline -0 -18"><span class='ocrx_word' id='word_1_20' title='bbox 356 1064 490 1137; x_wconf 82' lang='lat' dir='ltr'>est3</span> <span class='ocrx_word' id='word_1_21' title='bbox 537 1064 640 1122; x_wconf 91' lang='lat' dir='ltr'>est</span> <span class='ocrx_word' id='word_1_22' title='bbox 685 1057 926 1141; x_wconf 89' lang='lat' dir='ltr'>aliquis</span> <span class='ocrx_word' id='word_1_23' title='bbox 974 1056 1378 1137; x_wconf 83' lang='lat' dir='ltr'>vehemens.)</span> <span class='ocrx_word' id='word_1_24' title='bbox 1470 1055 1605 1140; x_wconf 91' lang='lat' dir='ltr'>[Sic</span> <span class='ocrx_word' id='word_1_25' title='bbox 1653 1057 1784 1122; x_wconf 90' lang='lat' dir='ltr'>iam</span> <span class='ocrx_word' id='word_1_26' title='bbox 1831 1063 1984 1123; x_wconf 90' lang='lat' dir='ltr'>ante</span> <span class='ocrx_word' id='word_1_27' title='bbox 2028 1056 2646 1139; x_wconf 89' lang='lat' dir='ltr'>Weissenbornius.]</span> 
     </span>
    </p>

    <p class='ocr_par' dir='ltr' id='par_1_3' title="bbox 344 1163 2835 3731">
     <span class='ocr_line' id='line_1_5' title="bbox 527 1163 2667 1249; baseline 0 -20"><span class='ocrx_word' id='word_1_28' title='bbox 527 1165 720 1249; x_wconf 85' lang='lat' dir='ltr'>*Cap.</span> <span class='ocrx_word' id='word_1_29' title='bbox 767 1169 882 1242; x_wconf 82' lang='lat'>42,</span> <span class='ocrx_word' id='word_1_30' title='bbox 949 1169 1025 1229; x_wconf 90' lang='lat'>13</span> <span class='ocrx_word' id='word_1_31' title='bbox 1084 1163 1178 1245; x_wconf 91' lang='lat' dir='ltr'>(in</span> <span class='ocrx_word' id='word_1_32' title='bbox 1236 1166 1534 1230; x_wconf 89' lang='lat' dir='ltr'>oratione</span> <span class='ocrx_word' id='word_1_33' title='bbox 1581 1164 1975 1231; x_wconf 81' lang='lat' dir='ltr'><strong>Samnitium</strong></span> <span class='ocrx_word' id='word_1_34' title='bbox 2032 1165 2118 1230; x_wconf 91' lang='lat' dir='ltr'>ab</span> <span class='ocrx_word' id='word_1_35' title='bbox 2163 1165 2535 1231; x_wconf 82' lang='lat' dir='ltr'>Hannibale</span> <span class='ocrx_word' id='word_1_36' title='bbox 2582 1165 2667 1231; x_wconf 91' lang='lat' dir='ltr'>ad</span> 
     </span>
     <span class='ocr_line' id='line_1_6' title="bbox 357 1271 2666 1356; baseline 0 -19"><span class='ocrx_word' id='word_1_37' title='bbox 357 1272 591 1337; x_wconf 89' lang='lat' dir='ltr'>Nolam</span> <span class='ocrx_word' id='word_1_38' title='bbox 658 1273 926 1338; x_wconf 82' lang='lat' dir='ltr'>sedente</span> <span class='ocrx_word' id='word_1_39' title='bbox 993 1271 1312 1337; x_wconf 79' lang='lat' dir='ltr'>auxilium</span> <span class='ocrx_word' id='word_1_40' title='bbox 1381 1279 1618 1338; x_wconf 86' lang='lat' dir='ltr'>contra</span> <span class='ocrx_word' id='word_1_41' title='bbox 1684 1272 2112 1356; x_wconf 82' lang='lat' dir='ltr'>populatores</span> <span class='ocrx_word' id='word_1_42' title='bbox 2157 1274 2488 1338; x_wconf 88' lang='lat' dir='ltr'>Romanos</span> <span class='ocrx_word' id='word_1_43' title='bbox 2555 1293 2666 1356; x_wconf 91' lang='lat' dir='ltr'>pe-</span> 
     </span>
     <span class='ocr_line' id='line_1_7' title="bbox 357 1379 2667 1466; baseline -0 -21"><span class='ocrx_word' id='word_1_44' title='bbox 357 1380 696 1461; x_wconf 85' lang='lat' dir='ltr'>tentium):</span> <span class='ocrx_word' id='word_1_45' title='bbox 767 1380 1288 1445; x_wconf 84' lang='lat' dir='ltr'>Numidarum</span> <span class='ocrx_word' id='word_1_46' title='bbox 1346 1401 1788 1464; x_wconf 90' lang='lat' dir='ltr'>paucorum</span> <span class='ocrx_word' id='word_1_47' title='bbox 1849 1380 1976 1446; x_wconf 93' lang='lat' dir='ltr'>illi</span> <span class='ocrx_word' id='word_1_48' title='bbox 2026 1381 2350 1466; x_wconf 89' lang='lat' dir='ltr'>quidem</span> <span class='ocrx_word' id='word_1_49' title='bbox 2393 1379 2667 1464; x_wconf 85' lang='lat' dir='ltr'>praeda</span> 
     </span>
     <span class='ocr_line' id='line_1_8' title="bbox 360 1488 2666 1572; baseline 0 -20"><span class='ocrx_word' id='word_1_50' title='bbox 360 1495 623 1565; x_wconf 81' lang='lat' dir='ltr'>erunt,</span> <span class='ocrx_word' id='word_1_51' title='bbox 693 1488 1329 1572; x_wconf 71' lang='lat' dir='ltr'>praesidiumque</span> <span class='ocrx_word' id='word_1_52' title='bbox 1399 1488 1642 1553; x_wconf 91' lang='lat' dir='ltr'>misul</span> <span class='ocrx_word' id='word_1_53' title='bbox 1698 1489 1937 1555; x_wconf 92' lang='lat' dir='ltr'>nobis</span> <span class='ocrx_word' id='word_1_54' title='bbox 1995 1495 2074 1555; x_wconf 94' lang='lat' dir='ltr'>et</span> <span class='ocrx_word' id='word_1_55' title='bbox 2118 1488 2337 1555; x_wconf 74' lang='lat' dir='ltr'>Nolae</span> <span class='ocrx_word' id='word_1_56' title='bbox 2397 1488 2666 1552; x_wconf 89' lang='lat' dir='ltr'>adem·</span> 
     </span>
     <span class='ocr_line' id='line_1_9' title="bbox 356 1594 2663 1679; baseline -0.002 -20"><span class='ocrx_word' id='word_1_57' title='bbox 356 1596 722 1660; x_wconf 68' lang='lat' dir='ltr'>demeris</span> <span class='ocrx_word' id='word_1_58' title='bbox 838 1594 946 1660; x_wconf 91' lang='lat' dir='ltr'>Sic</span> <span class='ocrx_word' id='word_1_59' title='bbox 1014 1596 1096 1675; x_wconf 89' lang='lat' dir='ltr'>P;</span> <span class='ocrx_word' id='word_1_60' title='bbox 1165 1617 1395 1660; x_wconf 87' lang='lat' dir='ltr'>manus</span> <span class='ocrx_word' id='word_1_61' title='bbox 1465 1595 1675 1661; x_wconf 88' lang='lat' dir='ltr'>altera</span> <span class='ocrx_word' id='word_1_62' title='bbox 1741 1618 1945 1679; x_wconf 88' lang='lat' dir='ltr'>supra</span> <span class='ocrx_word' id='word_1_63' title='bbox 2009 1598 2034 1658; x_wconf 92' lang='grc'>1</span> <span class='ocrx_word' id='word_1_64' title='bbox 2103 1596 2199 1678; x_wconf 92' lang='lat' dir='ltr'>(in</span> <span class='ocrx_word' id='word_1_65' title='bbox 2269 1594 2534 1672; x_wconf 88' lang='lat' dir='ltr'>misul)</span> <span class='ocrx_word' id='word_1_66' title='bbox 2608 1615 2663 1655; x_wconf 77' lang='grc' dir='ltr'>ιι</span> 
     </span>
     <span class='ocr_line' id='line_1_10' title="bbox 348 1701 2835 1787; baseline -0.001 -19"><span class='ocrx_word' id='word_1_67' title='bbox 348 1704 617 1787; x_wconf 85' lang='lat' dir='ltr'>scripsit</span> <span class='ocrx_word' id='word_1_68' title='bbox 675 1709 742 1768; x_wconf 90' lang='lat' dir='ltr'>et</span> <span class='ocrx_word' id='word_1_69' title='bbox 787 1702 1044 1767; x_wconf 83' lang='lat' dir='ltr'>litteras</span> <span class='ocrx_word' id='word_1_70' title='bbox 1090 1701 1260 1767; x_wconf 89' lang='lat' dir='ltr'>dem</span> <span class='ocrx_word' id='word_1_71' title='bbox 1307 1703 1554 1768; x_wconf 90' lang='lat' dir='ltr'>alteras</span> <span class='ocrx_word' id='word_1_72' title='bbox 1598 1704 1888 1782; x_wconf 82' lang='lat' dir='ltr'>induxit,</span> <span class='ocrx_word' id='word_1_73' title='bbox 1946 1704 2121 1769; x_wconf 90' lang='lat' dir='ltr'>unde</span> <span class='ocrx_word' id='word_1_74' title='bbox 2167 1706 2233 1768; x_wconf 92' lang='lat' dir='ltr'>in</span> <span class='ocrx_word' id='word_1_75' title='bbox 2280 1702 2330 1768; x_wconf 84' lang='lat' dir='ltr'>C</span> <span class='ocrx_word' id='word_1_76' title='bbox 2377 1703 2656 1786; x_wconf 89' lang='lat' dir='ltr'>aliisque</span> <span class='ocrx_word' id='word_1_77' title='bbox 2693 1708 2835 1777; x_wconf 78' lang='lat'>(269)</span> 
     </span>
     <span class='ocr_line' id='line_1_11' title="bbox 358 1809 2663 1894; baseline 0 -18"><span class='ocrx_word' id='word_1_78' title='bbox 358 1812 605 1878; x_wconf 83' lang='lat' dir='ltr'>factum</span> <span class='ocrx_word' id='word_1_79' title='bbox 672 1817 804 1877; x_wconf 90' lang='lat' dir='ltr'>est:</span> <span class='ocrx_word' id='word_1_80' title='bbox 884 1809 1511 1894; x_wconf 75' lang='lat' dir='ltr'>praesidiumque</span> <span class='ocrx_word' id='word_1_81' title='bbox 1592 1811 1914 1877; x_wconf 89' lang='lat' dir='ltr'>missum</span> <span class='ocrx_word' id='word_1_82' title='bbox 1991 1811 2224 1878; x_wconf 92' lang='lat' dir='ltr'>nobis</span> <span class='ocrx_word' id='word_1_83' title='bbox 2302 1817 2380 1878; x_wconf 91' lang='lat' dir='ltr'>et</span> <span class='ocrx_word' id='word_1_84' title='bbox 2443 1810 2663 1876; x_wconf 82' lang='lat' dir='ltr'>Nolae</span> 
     </span>
     <span class='ocr_line' id='line_1_12' title="bbox 355 1917 2665 2003; baseline -0 -19"><span class='ocrx_word' id='word_1_85' title='bbox 355 1920 793 1995; x_wconf 86' lang='lat' dir='ltr'>ademeris,</span> <span class='ocrx_word' id='word_1_86' title='bbox 863 1919 1194 1984; x_wconf 89' lang='lat' dir='ltr'>sententia</span> <span class='ocrx_word' id='word_1_87' title='bbox 1238 1940 1465 2001; x_wconf 85' lang='lat' dir='ltr'>prava,</span> <span class='ocrx_word' id='word_1_88' title='bbox 1527 1920 1663 1984; x_wconf 85' lang='lat' dir='ltr'>sive</span> <span class='ocrx_word' id='word_1_89' title='bbox 1708 1925 2063 2003; x_wconf 92' lang='lat' dir='ltr'>utrumque</span> <span class='ocrx_word' id='word_1_90' title='bbox 2109 1919 2429 1998; x_wconf 83' lang='lat' dir='ltr'>dativum,</span> <span class='ocrx_word' id='word_1_91' title='bbox 2485 1917 2665 2002; x_wconf 90' lang='lat' dir='ltr'>quod</span> 
     </span>
     <span class='ocr_line' id='line_1_13' title="bbox 350 2026 2662 2110; baseline -0.001 -16"><span class='ocrx_word' id='word_1_92' title='bbox 350 2029 678 2094; x_wconf 82' lang='lat' dir='ltr'>sermonis</span> <span class='ocrx_word' id='word_1_93' title='bbox 756 2034 995 2092; x_wconf 90' lang='lat' dir='ltr'>natura</span> <span class='ocrx_word' id='word_1_94' title='bbox 1072 2027 1396 2110; x_wconf 82' lang='lat' dir='ltr'>postulat,</span> <span class='ocrx_word' id='word_1_95' title='bbox 1475 2027 1562 2092; x_wconf 91' lang='lat' dir='ltr'>ad</span> <span class='ocrx_word' id='word_1_96' title='bbox 1640 2028 1968 2093; x_wconf 89' lang='lat' dir='ltr'>missum</span> <span class='ocrx_word' id='word_1_97' title='bbox 2044 2026 2295 2093; x_wconf 86' lang='lat' dir='ltr'>referas</span> <span class='ocrx_word' id='word_1_98' title='bbox 2373 2028 2506 2093; x_wconf 85' lang='lat' dir='ltr'>sive</span> <span class='ocrx_word' id='word_1_99' title='bbox 2585 2034 2662 2092; x_wconf 91' lang='lat' dir='ltr'>et</span> 
     </span>
     <span class='ocr_line' id='line_1_14' title="bbox 357 2134 2661 2219; baseline 0 -20"><span class='ocrx_word' id='word_1_100' title='bbox 357 2135 577 2201; x_wconf 54' lang='lat' dir='ltr'>1501ae</span> <span class='ocrx_word' id='word_1_101' title='bbox 634 2156 782 2200; x_wconf 92' lang='lat' dir='ltr'>cum</span> <span class='ocrx_word' id='word_1_102' title='bbox 838 2134 1247 2200; x_wconf 87' lang='lat' dir='ltr'>ademeris</span> <span class='ocrx_word' id='word_1_103' title='bbox 1306 2136 1687 2219; x_wconf 83' lang='lat' dir='ltr'>coni-ungas.</span> <span class='ocrx_word' id='word_1_104' title='bbox 1793 2134 2075 2202; x_wconf 89' lang='lat' dir='ltr'>Omnino</span> <span class='ocrx_word' id='word_1_105' title='bbox 2130 2135 2484 2201; x_wconf 87' lang='lat' dir='ltr'>tenendum</span> <span class='ocrx_word' id='word_1_106' title='bbox 2540 2141 2661 2213; x_wconf 90' lang='lat' dir='ltr'>est,</span> 
     </span>
     <span class='ocr_line' id='line_1_15' title="bbox 354 2242 2662 2328; baseline -0.001 -19"><span class='ocrx_word' id='word_1_107' title='bbox 354 2265 487 2309; x_wconf 92' lang='lat' dir='ltr'>non</span> <span class='ocrx_word' id='word_1_108' title='bbox 531 2265 725 2326; x_wconf 85' lang='lat' dir='ltr'>posse</span> <span class='ocrx_word' id='word_1_109' title='bbox 772 2243 1048 2308; x_wconf 89' lang='lat' dir='ltr'>eandem</span> <span class='ocrx_word' id='word_1_110' title='bbox 1083 2242 1473 2308; x_wconf 88' lang='lat' dir='ltr'>Hannibalis</span> <span class='ocrx_word' id='word_1_111' title='bbox 1518 2244 1850 2309; x_wconf 84' lang='lat' dir='ltr'>actionem</span> <span class='ocrx_word' id='word_1_112' title='bbox 1894 2244 2069 2308; x_wconf 89' lang='lat' dir='ltr'>idem</span> <span class='ocrx_word' id='word_1_113' title='bbox 2113 2249 2182 2310; x_wconf 89' lang='lat' dir='ltr'>et</span> <span class='ocrx_word' id='word_1_114' title='bbox 2226 2244 2401 2328; x_wconf 90' lang='lat' dir='ltr'>apud</span> <span class='ocrx_word' id='word_1_115' title='bbox 2448 2242 2662 2309; x_wconf 91' lang='lat' dir='ltr'>socios</span> 
     </span>
     <span class='ocr_line' id='line_1_16' title="bbox 355 2351 2660 2434; baseline 0 -17"><span class='ocrx_word' id='word_1_116' title='bbox 355 2351 740 2431; x_wconf 89' lang='lat' dir='ltr'>(Samnites)</span> <span class='ocrx_word' id='word_1_117' title='bbox 808 2358 874 2415; x_wconf 87' lang='lat' dir='ltr'>et</span> <span class='ocrx_word' id='word_1_118' title='bbox 939 2351 1119 2434; x_wconf 89' lang='lat' dir='ltr'>apud</span> <span class='ocrx_word' id='word_1_119' title='bbox 1183 2351 1408 2416; x_wconf 88' lang='lat' dir='ltr'>hostes</span> <span class='ocrx_word' id='word_1_120' title='bbox 1466 2352 1824 2433; x_wconf 87' lang='lat' dir='ltr'>(Romanos</span> <span class='ocrx_word' id='word_1_121' title='bbox 1884 2360 1950 2417; x_wconf 91' lang='lat' dir='ltr'>et</span> <span class='ocrx_word' id='word_1_122' title='bbox 2004 2352 2327 2433; x_wconf 91' lang='lat' dir='ltr'>Nolanos)</span> <span class='ocrx_word' id='word_1_123' title='bbox 2385 2352 2660 2427; x_wconf 89' lang='lat' dir='ltr'>efficere,</span> 
     </span>
     <span class='ocr_line' id='line_1_17' title="bbox 346 2456 2662 2542; baseline 0 -18"><span class='ocrx_word' id='word_1_124' title='bbox 346 2459 468 2524; x_wconf 87' lang='lat' dir='ltr'>sed</span> <span class='ocrx_word' id='word_1_125' title='bbox 523 2459 894 2525; x_wconf 90' lang='lat' dir='ltr'>necessario</span> <span class='ocrx_word' id='word_1_126' title='bbox 941 2456 1276 2524; x_wconf 83' lang='lat' dir='ltr'>contraria</span> <span class='ocrx_word' id='word_1_127' title='bbox 1321 2457 1543 2539; x_wconf 90' lang='lat' dir='ltr'>(simul</span> <span class='ocrx_word' id='word_1_128' title='bbox 1589 2459 1818 2524; x_wconf 89' lang='lat' dir='ltr'>alteris</span> <span class='ocrx_word' id='word_1_129' title='bbox 1865 2458 2208 2542; x_wconf 85' lang='lat' dir='ltr'>prodesse,</span> <span class='ocrx_word' id='word_1_130' title='bbox 2276 2460 2503 2525; x_wconf 86' lang='lat' dir='ltr'>alteris</span> <span class='ocrx_word' id='word_1_131' title='bbox 2547 2482 2662 2524; x_wconf 91' lang='lat' dir='ltr'>no-</span> 
     </span>
     <span class='ocr_line' id='line_1_18' title="bbox 348 2566 2661 2652; baseline 0 -20"><span class='ocrx_word' id='word_1_132' title='bbox 348 2567 561 2650; x_wconf 90' lang='lat' dir='ltr'>cere);</span> <span class='ocrx_word' id='word_1_133' title='bbox 620 2589 699 2631; x_wconf 82' lang='lat' dir='ltr'>ex</span> <span class='ocrx_word' id='word_1_134' title='bbox 756 2587 888 2652; x_wconf 91' lang='lat' dir='ltr'>quo</span> <span class='ocrx_word' id='word_1_135' title='bbox 942 2566 1046 2647; x_wconf 92' lang='lat' dir='ltr'>fit,</span> <span class='ocrx_word' id='word_1_136' title='bbox 1106 2574 1180 2630; x_wconf 89' lang='lat' dir='ltr'>ut</span> <span class='ocrx_word' id='word_1_137' title='bbox 1236 2566 1517 2632; x_wconf 88' lang='lat' dir='ltr'>alterum</span> <span class='ocrx_word' id='word_1_138' title='bbox 1561 2567 1832 2632; x_wconf 85' lang='lat' dir='ltr'>verbum</span> <span class='ocrx_word' id='word_1_139' title='bbox 1879 2568 2175 2634; x_wconf 90' lang='lat' dir='ltr'>eiusdem</span> <span class='ocrx_word' id='word_1_140' title='bbox 2218 2566 2445 2633; x_wconf 78' lang='lat' dir='ltr'>formae</span> <span class='ocrx_word' id='word_1_141' title='bbox 2490 2569 2661 2633; x_wconf 91' lang='lat' dir='ltr'>desi-</span> 
     </span>
     <span class='ocr_line' id='line_1_19' title="bbox 355 2675 2660 2758; baseline 0.001 -18"><span class='ocrx_word' id='word_1_142' title='bbox 355 2675 651 2755; x_wconf 89' lang='lat' dir='ltr'>deretur,</span> <span class='ocrx_word' id='word_1_143' title='bbox 722 2676 809 2740; x_wconf 89' lang='lat' dir='ltr'>ad</span> <span class='ocrx_word' id='word_1_144' title='bbox 876 2676 1050 2758; x_wconf 89' lang='lat' dir='ltr'>quod</span> <span class='ocrx_word' id='word_1_145' title='bbox 1116 2677 1520 2741; x_wconf 90' lang='lat' dir='ltr'>contrarium</span> <span class='ocrx_word' id='word_1_146' title='bbox 1585 2676 1914 2742; x_wconf 84' lang='lat' dir='ltr'>referatur</span> <span class='ocrx_word' id='word_1_147' title='bbox 1981 2676 2399 2742; x_wconf 88' lang='lat' dir='ltr'>ademeris.</span> <span class='ocrx_word' id='word_1_148' title='bbox 2523 2677 2660 2742; x_wconf 88' lang='lat' dir='ltr'>Iam</span> 
     </span>
     <span class='ocr_line' id='line_1_20' title="bbox 345 2783 2660 2868; baseline 0 -19"><span class='ocrx_word' id='word_1_149' title='bbox 345 2807 552 2868; x_wconf 90' lang='lat' dir='ltr'>quum</span> <span class='ocrx_word' id='word_1_150' title='bbox 619 2784 804 2849; x_wconf 91' lang='lat' dir='ltr'>nulla</span> <span class='ocrx_word' id='word_1_151' title='bbox 870 2785 1136 2848; x_wconf 92' lang='lat' dir='ltr'>minima</span> <span class='ocrx_word' id='word_1_152' title='bbox 1202 2785 1289 2848; x_wconf 88' lang='lat' dir='ltr'>sit</span> <span class='ocrx_word' id='word_1_153' title='bbox 1355 2805 1555 2849; x_wconf 90' lang='lat' dir='ltr'>causa</span> <span class='ocrx_word' id='word_1_154' title='bbox 1626 2783 1706 2849; x_wconf 88' lang='lat' dir='ltr'>de</span> <span class='ocrx_word' id='word_1_155' title='bbox 1773 2785 2087 2849; x_wconf 88' lang='lat' dir='ltr'>extremis</span> <span class='ocrx_word' id='word_1_156' title='bbox 2154 2784 2240 2865; x_wconf 89' lang='lat' dir='ltr'>(N</span> <span class='ocrx_word' id='word_1_157' title='bbox 2254 2784 2398 2850; x_wconf 85' lang='lat' dir='ltr'>olae</span> <span class='ocrx_word' id='word_1_158' title='bbox 2470 2785 2660 2849; x_wconf 87' lang='lat' dir='ltr'>ade-</span> 
     </span>
     <span class='ocr_line' id='line_1_21' title="bbox 352 2890 2660 2972; baseline -0 -15"><span class='ocrx_word' id='word_1_159' title='bbox 352 2894 620 2972; x_wconf 91' lang='lat' dir='ltr'>meris)</span> <span class='ocrx_word' id='word_1_160' title='bbox 690 2892 1040 2957; x_wconf 86' lang='lat' dir='ltr'>dubitandi</span> <span class='ocrx_word' id='word_1_161' title='bbox 1106 2899 1169 2956; x_wconf 90' lang='lat' dir='ltr'>et</span> <span class='ocrx_word' id='word_1_162' title='bbox 1238 2912 1317 2957; x_wconf 84' lang='lat' dir='ltr'>ex</span> <span class='ocrx_word' id='word_1_163' title='bbox 1386 2891 1626 2956; x_wconf 90' lang='lat' dir='ltr'>misul</span> <span class='ocrx_word' id='word_1_164' title='bbox 1693 2890 2003 2957; x_wconf 87' lang='lat' dir='ltr'>facillime</span> <span class='ocrx_word' id='word_1_165' title='bbox 2072 2898 2376 2969; x_wconf 85' lang='lat' dir='ltr'>eruatur,</span> <span class='ocrx_word' id='word_1_166' title='bbox 2444 2892 2660 2957; x_wconf 86' lang='lat' dir='ltr'>tribus</span> 
     </span>
     <span class='ocr_line' id='line_1_22' title="bbox 350 2997 2662 3083; baseline 0.001 -20"><span class='ocrx_word' id='word_1_167' title='bbox 350 2999 596 3065; x_wconf 87' lang='lat' dir='ltr'>litteris</span> <span class='ocrx_word' id='word_1_168' title='bbox 652 2997 1110 3083; x_wconf 67' lang='lat' dir='ltr'>transpositis,</span> <span class='ocrx_word' id='word_1_169' title='bbox 1180 2998 1445 3078; x_wconf 91' lang='lat' dir='ltr'>simul,</span> <span class='ocrx_word' id='word_1_170' title='bbox 1514 2998 1695 3083; x_wconf 88' lang='lat' dir='ltr'>quod</span> <span class='ocrx_word' id='word_1_171' title='bbox 1742 3000 2072 3065; x_wconf 87' lang='lat' dir='ltr'>sententia</span> <span class='ocrx_word' id='word_1_172' title='bbox 2115 3020 2300 3083; x_wconf 73' lang='lat' dir='ltr'>paene</span> <span class='ocrx_word' id='word_1_173' title='bbox 2347 2998 2662 3082; x_wconf 89' lang='lat' dir='ltr'>postulat,</span> 
     </span>
     <span class='ocr_line' id='line_1_23' title="bbox 349 3107 2661 3189; baseline -0.001 -16"><span class='ocrx_word' id='word_1_174' title='bbox 349 3109 670 3173; x_wconf 83' lang='lat' dir='ltr'>excidisse</span> <span class='ocrx_word' id='word_1_175' title='bbox 729 3108 990 3173; x_wconf 85' lang='lat' dir='ltr'>videtur</span> <span class='ocrx_word' id='word_1_176' title='bbox 1035 3107 1302 3173; x_wconf 83' lang='lat' dir='ltr'>verbum</span> <span class='ocrx_word' id='word_1_177' title='bbox 1348 3107 1704 3184; x_wconf 91' lang='lat' dir='ltr'>eiusmodi,</span> <span class='ocrx_word' id='word_1_178' title='bbox 1773 3108 1951 3189; x_wconf 91' lang='lat' dir='ltr'>quod</span> <span class='ocrx_word' id='word_1_179' title='bbox 2008 3127 2156 3172; x_wconf 91' lang='lat' dir='ltr'>cum</span> <span class='ocrx_word' id='word_1_180' title='bbox 2216 3108 2454 3172; x_wconf 89' lang='lat' dir='ltr'>simul</span> <span class='ocrx_word' id='word_1_181' title='bbox 2509 3128 2661 3171; x_wconf 92' lang='lat' dir='ltr'>con-</span> 
     </span>
     <span class='ocr_line' id='line_1_24' title="bbox 344 3214 2664 3300; baseline -0.001 -20"><span class='ocrx_word' id='word_1_182' title='bbox 344 3215 533 3281; x_wconf 79' lang='lat' dir='ltr'>fundi</span> <span class='ocrx_word' id='word_1_183' title='bbox 590 3215 991 3300; x_wconf 88' lang='lat' dir='ltr'>conflarique</span> <span class='ocrx_word' id='word_1_184' title='bbox 1052 3214 1380 3281; x_wconf 88' lang='lat' dir='ltr'>scribendi</span> <span class='ocrx_word' id='word_1_185' title='bbox 1436 3235 1657 3279; x_wconf 91' lang='lat' dir='ltr'>errore</span> <span class='ocrx_word' id='word_1_186' title='bbox 1704 3217 2012 3297; x_wconf 91' lang='lat' dir='ltr'>potuerit.</span> <span class='ocrx_word' id='word_1_187' title='bbox 2121 3215 2422 3280; x_wconf 85' lang='lat' dir='ltr'>Efficitur</span> <span class='ocrx_word' id='word_1_188' title='bbox 2465 3216 2664 3297; x_wconf 84' lang='lat' dir='ltr'>igitur</span> 
     </span>
     <span class='ocr_line' id='line_1_25' title="bbox 345 3322 2660 3407; baseline -0.001 -18"><span class='ocrx_word' id='word_1_189' title='bbox 345 3326 683 3407; x_wconf 87' lang='lat' dir='ltr'>scriptura</span> <span class='ocrx_word' id='word_1_190' title='bbox 748 3324 1099 3388; x_wconf 90' lang='lat' dir='ltr'>admodum</span> <span class='ocrx_word' id='word_1_191' title='bbox 1172 3322 1568 3406; x_wconf 90' lang='lat' dir='ltr'>probabilis:</span> <span class='ocrx_word' id='word_1_192' title='bbox 1640 3324 2265 3407; x_wconf 79' lang='lat' dir='ltr'>praesidiumque</span> <span class='ocrx_word' id='word_1_193' title='bbox 2333 3324 2660 3389; x_wconf 89' lang='lat' dir='ltr'>miseris</span> 
     </span>
     <span class='ocr_line' id='line_1_26' title="bbox 344 3430 2660 3510; baseline 0 -14"><span class='ocrx_word' id='word_1_194' title='bbox 344 3432 587 3497; x_wconf 84' lang='lat' dir='ltr'>simul</span> <span class='ocrx_word' id='word_1_195' title='bbox 635 3432 872 3497; x_wconf 91' lang='lat' dir='ltr'>nobis</span> <span class='ocrx_word' id='word_1_196' title='bbox 917 3440 993 3497; x_wconf 91' lang='lat' dir='ltr'>et</span> <span class='ocrx_word' id='word_1_197' title='bbox 1038 3430 1252 3497; x_wconf 84' lang='lat' dir='ltr'>Nolae</span> <span class='ocrx_word' id='word_1_198' title='bbox 1298 3431 1720 3497; x_wconf 89' lang='lat' dir='ltr'>ademeris.</span> <span class='ocrx_word' id='word_1_199' title='bbox 1812 3431 2063 3497; x_wconf 89' lang='lat' dir='ltr'>Occisis</span> <span class='ocrx_word' id='word_1_200' title='bbox 2110 3433 2283 3498; x_wconf 89' lang='lat' dir='ltr'>enim</span> <span class='ocrx_word' id='word_1_201' title='bbox 2329 3432 2660 3510; x_wconf 79' lang='lat' dir='ltr'>RomaniS,</span> 
     </span>
     <span class='ocr_line' id='line_1_27' title="bbox 348 3537 2661 3623; baseline 0.001 -20"><span class='ocrx_word' id='word_1_202' title='bbox 348 3541 466 3622; x_wconf 89' lang='lat' dir='ltr'>qui</span> <span class='ocrx_word' id='word_1_203' title='bbox 533 3539 701 3604; x_wconf 88' lang='lat' dir='ltr'>Nola</span> <span class='ocrx_word' id='word_1_204' title='bbox 766 3537 975 3623; x_wconf 84' lang='lat' dir='ltr'>palati</span> <span class='ocrx_word' id='word_1_205' title='bbox 1042 3547 1261 3618; x_wconf 90' lang='lat' dir='ltr'>erant,</span> <span class='ocrx_word' id='word_1_206' title='bbox 1338 3540 1754 3605; x_wconf 86' lang='lat' dir='ltr'>imminutum</span> <span class='ocrx_word' id='word_1_207' title='bbox 1823 3539 2149 3605; x_wconf 87' lang='lat' dir='ltr'>Samnites</span> <span class='ocrx_word' id='word_1_208' title='bbox 2229 3541 2456 3606; x_wconf 89' lang='lat' dir='ltr'>dicunt</span> <span class='ocrx_word' id='word_1_209' title='bbox 2521 3540 2661 3605; x_wconf 82' lang='lat' dir='ltr'>fore</span> 
     </span>
     <span class='ocr_line' id='line_1_28' title="bbox 349 3646 1048 3731; baseline 0.004 -21"><span class='ocrx_word' id='word_1_210' title='bbox 349 3646 534 3711; x_wconf 81' lang='lat' dir='ltr'>Nolae</span> <span class='ocrx_word' id='word_1_211' title='bbox 581 3650 1048 3731; x_wconf 83' lang='lat' dir='ltr'>praesidium.¹)</span> 
     </span>
    </p>

    <p class='ocr_par' dir='ltr' id='par_1_4' title="bbox 347 3753 2660 3946">
     <span class='ocr_line' id='line_1_29' title="bbox 524 3753 2660 3838; baseline 0 -19"><span class='ocrx_word' id='word_1_212' title='bbox 524 3753 680 3838; x_wconf 85' lang='lat' dir='ltr'>Cap.</span> <span class='ocrx_word' id='word_1_213' title='bbox 730 3762 840 3833; x_wconf 82' lang='lat'>45,</span> <span class='ocrx_word' id='word_1_214' title='bbox 931 3761 1005 3819; x_wconf 91' lang='lat'>10</span> <span class='ocrx_word' id='word_1_215' title='bbox 1073 3757 1166 3838; x_wconf 90' lang='lat' dir='ltr'>(in</span> <span class='ocrx_word' id='word_1_216' title='bbox 1235 3755 1628 3821; x_wconf 90' lang='lat' dir='ltr'>Hannibalis</span> <span class='ocrx_word' id='word_1_217' title='bbox 1694 3755 2153 3821; x_wconf 89' lang='lat' dir='ltr'>cohortatione</span> <span class='ocrx_word' id='word_1_218' title='bbox 2233 3756 2513 3821; x_wconf 85' lang='lat' dir='ltr'>militum</span> <span class='ocrx_word' id='word_1_219' title='bbox 2591 3757 2660 3821; x_wconf 92' lang='lat' dir='ltr'>in</span> 
     </span>
     <span class='ocr_line' id='line_1_30' title="bbox 347 3863 2660 3946; baseline 0 -19"><span class='ocrx_word' id='word_1_220' title='bbox 347 3863 601 3946; x_wconf 89' lang='lat' dir='ltr'>proelio</span> <span class='ocrx_word' id='word_1_221' title='bbox 649 3863 735 3926; x_wconf 89' lang='lat' dir='ltr'>ad</span> <span class='ocrx_word' id='word_1_222' title='bbox 779 3863 1071 3944; x_wconf 83' lang='lat' dir='ltr'>Nolam):</span> <span class='ocrx_word' id='word_1_223' title='bbox 1134 3865 1456 3928; x_wconf 82' lang='lat' dir='ltr'>Romam</span> <span class='ocrx_word' id='word_1_224' title='bbox 1500 3885 1635 3929; x_wconf 84' lang='lat' dir='ltr'>vos</span> <span class='ocrx_word' id='word_1_225' title='bbox 1683 3871 2317 3946; x_wconf 78' lang='lat' dir='ltr'>expugnaturoS,</span> <span class='ocrx_word' id='word_1_226' title='bbox 2365 3864 2433 3928; x_wconf 91' lang='lat' dir='ltr'>si</span> <span class='ocrx_word' id='word_1_227' title='bbox 2479 3864 2660 3946; x_wconf 90' lang='lat' dir='ltr'>quis</span> 
     </span>
    </p>
   </div>
   <div class='ocr_carea' id='block_1_3' title="bbox 357 4014 806 4025">
    <p class='ocr_par' dir='ltr' id='par_1_5' title="bbox 357 4014 806 4025">
     <span class='ocr_line' id='line_1_31' title="bbox 357 4014 806 4025; baseline 0 1257"><span class='ocrx_word' id='word_1_228' title='bbox 357 4014 806 4025; x_wconf 95' lang='lat' dir='ltr'> </span> 
     </span>
    </p>
   </div>
   <div class='ocr_carea' id='block_1_4' title="bbox 407 4099 2661 4595">
    <p class='ocr_par' dir='ltr' id='par_1_6' title="bbox 407 4099 2661 4595">
     <span class='ocr_line' id='line_1_32' title="bbox 407 4099 2658 4169; baseline 0.002 -18"><span class='ocrx_word' id='word_1_229' title='bbox 407 4099 459 4165; x_wconf 81' lang='lat'>¹)</span> <span class='ocrx_word' id='word_1_230' title='bbox 495 4099 729 4154; x_wconf 85' lang='lat' dir='ltr'>Prorsus</span> <span class='ocrx_word' id='word_1_231' title='bbox 783 4118 900 4154; x_wconf 92' lang='lat' dir='ltr'>non</span> <span class='ocrx_word' id='word_1_232' title='bbox 954 4100 1253 4169; x_wconf 76' lang='lat' dir='ltr'>intellego,</span> <span class='ocrx_word' id='word_1_233' title='bbox 1309 4117 1410 4154; x_wconf 88' lang='lat' dir='ltr'>cur</span> <span class='ocrx_word' id='word_1_234' title='bbox 1445 4100 1936 4156; x_wconf 83' lang='lat' dir='ltr'>Weissenbornius</span> <span class='ocrx_word' id='word_1_235' title='bbox 1989 4100 2249 4156; x_wconf 83' lang='lat' dir='ltr'>maluerit</span> <span class='ocrx_word' id='word_1_236' title='bbox 2300 4101 2472 4156; x_wconf 89' lang='lat' dir='ltr'>etiam</span> <span class='ocrx_word' id='word_1_237' title='bbox 2526 4117 2658 4155; x_wconf 84' lang='lat' dir='ltr'>sana</span> 
     </span>
     <span class='ocr_line' id='line_1_33' title="bbox 489 4184 2661 4254; baseline 0 -16"><span class='ocrx_word' id='word_1_238' title='bbox 489 4189 791 4239; x_wconf 85' lang='lat' dir='ltr'>attrectare</span> <span class='ocrx_word' id='word_1_239' title='bbox 828 4189 912 4238; x_wconf 87' lang='lat' dir='ltr'>et:</span> <span class='ocrx_word' id='word_1_240' title='bbox 965 4186 1251 4240; x_wconf 82' lang='lat' dir='ltr'>missum</span> <span class='ocrx_word' id='word_1_241' title='bbox 1288 4185 1489 4239; x_wconf 82' lang='lat' dir='ltr'>simul</span> <span class='ocrx_word' id='word_1_242' title='bbox 1525 4214 1593 4224; x_wconf 89' lang='lat'>—</span> <span class='ocrx_word' id='word_1_243' title='bbox 1631 4186 1976 4241; x_wconf 82' lang='lat' dir='ltr'>ademtum</span> <span class='ocrx_word' id='word_1_244' title='bbox 2012 4187 2142 4241; x_wconf 88' lang='lat' dir='ltr'>erit</span> <span class='ocrx_word' id='word_1_245' title='bbox 2180 4186 2443 4241; x_wconf 84' lang='lat' dir='ltr'>scribere.</span> <span class='ocrx_word' id='word_1_246' title='bbox 2516 4184 2661 4254; x_wconf 85' lang='lat' dir='ltr'>Quid</span> 
     </span>
     <span class='ocr_line' id='line_1_34' title="bbox 486 4270 2657 4341; baseline 0 -17"><span class='ocrx_word' id='word_1_247' title='bbox 486 4270 661 4326; x_wconf 82' lang='lat' dir='ltr'>habet</span> <span class='ocrx_word' id='word_1_248' title='bbox 711 4271 1032 4325; x_wconf 84' lang='lat' dir='ltr'>offensionis</span> <span class='ocrx_word' id='word_1_249' title='bbox 1087 4271 1271 4325; x_wconf 83' lang='lat' dir='ltr'>oratio</span> <span class='ocrx_word' id='word_1_250' title='bbox 1325 4287 1359 4324; x_wconf 80' lang='lat' dir='ltr'>a</span> <span class='ocrx_word' id='word_1_251' title='bbox 1408 4287 1469 4325; x_wconf 86' lang='lat' dir='ltr'>re</span> <span class='ocrx_word' id='word_1_252' title='bbox 1514 4271 1585 4324; x_wconf 91' lang='lat' dir='ltr'>ad</span> <span class='ocrx_word' id='word_1_253' title='bbox 1638 4288 1939 4341; x_wconf 81' lang='lat' dir='ltr'>personam</span> <span class='ocrx_word' id='word_1_254' title='bbox 1974 4271 2303 4326; x_wconf 79' lang='lat' dir='ltr'>Hannibalis</span> <span class='ocrx_word' id='word_1_255' title='bbox 2359 4270 2657 4326; x_wconf 73' lang='lat' dir='ltr'>traducta?</span> 
     </span>
     <span class='ocr_line' id='line_1_35' title="bbox 489 4354 2661 4427; baseline 0 -17"><span class='ocrx_word' id='word_1_256' title='bbox 489 4354 619 4424; x_wconf 89' lang='lat' dir='ltr'>[Pro</span> <span class='ocrx_word' id='word_1_257' title='bbox 657 4373 740 4423; x_wconf 89' lang='lat' dir='ltr'>eo,</span> <span class='ocrx_word' id='word_1_258' title='bbox 791 4355 945 4424; x_wconf 88' lang='lat' dir='ltr'>quod</span> <span class='ocrx_word' id='word_1_259' title='bbox 984 4361 1069 4409; x_wconf 84' lang='lat' dir='ltr'>est</span> <span class='ocrx_word' id='word_1_260' title='bbox 1102 4355 1410 4409; x_wconf 88' lang='lat' dir='ltr'>liberare</span> <span class='ocrx_word' id='word_1_261' title='bbox 1446 4356 1753 4425; x_wconf 80' lang='lat' dir='ltr'>aliquem</span> <span class='ocrx_word' id='word_1_262' title='bbox 1792 4357 2124 4426; x_wconf 73' lang='lat' dir='ltr'>praesidio</span> <span class='ocrx_word' id='word_1_263' title='bbox 2162 4357 2497 4427; x_wconf 83' lang='lat' dir='ltr'>(imposito),</span> <span class='ocrx_word' id='word_1_264' title='bbox 2542 4373 2661 4410; x_wconf 89' lang='lat' dir='ltr'>non</span> 
     </span>
     <span class='ocr_line' id='line_1_36' title="bbox 486 4440 2661 4511; baseline 0 -17"><span class='ocrx_word' id='word_1_265' title='bbox 486 4448 678 4511; x_wconf 84' lang='lat' dir='ltr'>potest</span> <span class='ocrx_word' id='word_1_266' title='bbox 723 4441 837 4497; x_wconf 88' lang='lat' dir='ltr'>dici</span> <span class='ocrx_word' id='word_1_267' title='bbox 886 4441 1185 4496; x_wconf 86' lang='lat' dir='ltr'>adimere</span> <span class='ocrx_word' id='word_1_268' title='bbox 1233 4440 1443 4495; x_wconf 81' lang='lat' dir='ltr'>alicui</span> <span class='ocrx_word' id='word_1_269' title='bbox 1492 4442 1930 4511; x_wconf 76' lang='lat' dir='ltr'>praesidium,</span> <span class='ocrx_word' id='word_1_270' title='bbox 1985 4459 2089 4497; x_wconf 85' lang='lat' dir='ltr'>nec</span> <span class='ocrx_word' id='word_1_271' title='bbox 2127 4441 2475 4499; x_wconf 82' lang='lat' dir='ltr'>Samnitibus</span> <span class='ocrx_word' id='word_1_272' title='bbox 2520 4457 2661 4511; x_wconf 81' lang='lat' dir='ltr'>prae·</span> 
     </span>
     <span class='ocr_line' id='line_1_37' title="bbox 484 4526 2661 4595; baseline 0 -15"><span class='ocrx_word' id='word_1_273' title='bbox 484 4527 690 4580; x_wconf 84' lang='lat' dir='ltr'>sidium</span> <span class='ocrx_word' id='word_1_274' title='bbox 752 4528 1067 4582; x_wconf 84' lang='lat' dir='ltr'>Romanum</span> <span class='ocrx_word' id='word_1_275' title='bbox 1137 4527 1461 4595; x_wconf 86' lang='lat' dir='ltr'>impositum</span> <span class='ocrx_word' id='word_1_276' title='bbox 1534 4533 1671 4581; x_wconf 88' lang='lat' dir='ltr'>erat.</span> <span class='ocrx_word' id='word_1_277' title='bbox 1771 4527 1859 4581; x_wconf 86' lang='lat' dir='ltr'>Ad</span> <span class='ocrx_word' id='word_1_278' title='bbox 1924 4528 2150 4581; x_wconf 85' lang='lat' dir='ltr'>Livium</span> <span class='ocrx_word' id='word_1_279' title='bbox 2210 4527 2502 4582; x_wconf 77' lang='lat' dir='ltr'>transferri</span> <span class='ocrx_word' id='word_1_280' title='bbox 2564 4526 2661 4580; x_wconf 77' lang='lat' dir='ltr'>vix</span> 
     </span>
    </p>
   </div>
  </div>
 </body>
</html>
