3230 5282
611 613 736 668 Lib.
775 611 941 667 XLV.
1699 603 1821 664 736

612 786 958 851 medium
1002 805 1269 866 unum,
1327 788 1659 869 utrique
1716 787 1990 870 generi
2048 787 2504 868 adversum,
2571 789 2903 855 liberta—

612 901 768 959 tem
815 902 891 959 et
934 895 1158 978 leges
1204 895 1614 961 tuebatur.
1707 893 1865 961 Cod.
1911 895 2173 962 media
2216 918 2370 962 una
2413 932 2499 942 —
2542 898 2900 978 adversa,

611 1022 759 1086 quae
803 1000 1127 1069 femininae
1173 1004 1657 1069 terminationis
1704 1006 2075 1070 constantia
2131 1003 2310 1070 aliud
2356 1005 2623 1071 subesse
2679 1023 2905 1089 argtut,

611 1131 812 1193 quum
846 1112 1208 1194 praesertim
1230 1131 1462 1196 parum
1495 1121 1675 1177 recte
1711 1133 1945 1177 unum
1980 1134 2230 1196 genus
2266 1114 2594 1197 utrique
2629 1117 2901 1199 generi

609 1218 796 1299 (nonz
843 1219 1034 1285 huic
1079 1218 1430 1302 utrique)
1479 1221 1898 1286 adversum
1934 1221 2211 1286 dicatur.
2281 1221 2557 1287 Videtur
2593 1224 2905 1289 excidisse

610 1337 841 1394 secta
888 1326 1032 1411 [aut
1074 1324 1307 1412 pars].
1398 1329 1552 1394 Mox
1597 1327 1631 1412 ἓ
1680 1335 1715 1394 5
1765 1328 2192 1411 (Secundis
2237 1328 2477 1395 rebus
2523 1330 2728 1396 elati
2773 1332 2905 1397 Ro-

607 1458 1013 1503 manorum
1080 1438 1368 1522 partis·
1416 1438 1590 1503 eius
1658 1436 2057 1518 fautores)
2125 1439 2510 1522 pravissime
2570 1440 2664 1505 sic
2710 1439 2907 1505 verba

608 1545 1018 1610 collocantur
1065 1545 1626 1626 (Romanorum
1683 1547 2082 1631 transposito
2141 1554 2294 1629 post
2338 1547 2756 1630 participium
2803 1570 2905 1614 co·

607 1653 901 1736 pulatum
938 1674 1086 1718 cum
1119 1655 1378 1719 nomine
1421 1652 1840 1736 fautores),
1887 1656 2073 1737 quasi
2108 1654 2479 1720 fautores
2524 1655 2906 1722 Romano-

603 1782 775 1826 rum
842 1763 1012 1827 eius
1079 1763 1345 1847 partis
1413 1762 1881 1844 significentur.
1993 1762 2500 1828 Restituendum
2566 1765 2705 1829 sine
2771 1764 2909 1830 ulla

606 1867 1049 1936 dubitatione:
1099 1871 1499 1936 Secundis
1544 1870 1786 1936 rebus
1822 1871 2355 1936 Romanorum
2392 1871 2591 1936 elati
2638 1876 2909 1955 partis

605 1979 779 2045 eius
827 1978 1197 2062 (Romanae)
1231 1978 1615 2044 fautores
1708 1976 1894 2059 (Cod.
1936 1979 2184 2045 elatis
2235 1971 2908 2046 Romanorumim·

601 2086 919 2172 partiS.)
1004 2087 1309 2170 Sequitur
1373 2085 1435 2170 (ἓ
1485 2086 1549 2167 7)
1598 2087 1680 2152 de
1724 2086 1826 2152 his
1872 2089 2034 2172 ipsis
2080 2088 2389 2152 Romanae
2434 2091 2647 2172 partis
2691 2089 2909 2154 fauto—

602 2193 815 2260 ribus:
861 2196 959 2260 Hi
1003 2196 1572 2280 —implevere
1621 2216 1859 2261 aures
1906 2194 1965 2259 X
2010 2195 2504 2279 legatorum:
2550 2196 2721 2262 Non
2767 2219 2908 2263 eos

601 2311 940 2382 tantum,
989 2305 1251 2386 quise
1297 2304 1719 2387 propalam
1767 2325 1908 2388 per
1951 2304 2405 2369 vanitatem
2448 2305 2909 2370 iactassent

602 2417 1004 2492 tamquam
1079 2411 1454 2495 hospites
1536 2421 1614 2478 et
1692 2413 1990 2478 amicos
2066 2412 2378 2493 Persei,
2446 2413 2580 2478 sed
2647 2414 2907 2479 multo

599 2518 882 2605 plures
927 2518 1143 2584 alios
1190 2540 1280 2585 ex
1327 2521 1655 2585 occulto
1702 2520 2041 2601 favisse3
2108 2521 2473 2604 reliquos
2529 2542 2670 2605 per
2738 2544 2911 2607 spe·

601 2628 801 2694 ciem
845 2626 1168 2695 tuendae
1234 2628 1665 2696 libertatis
1731 2630 1808 2694 in
1866 2629 2250 2696 conciliis
2308 2629 2705 2696 adversus
2762 2630 2912 2697 Ro-

427 2740 572 2807 (613)
609 2758 886 2803 manos
955 2738 1222 2803 omnia
1286 2738 1805 2804 instruxisse.
1896 2737 2038 2805 Hoc
2096 2738 2360 2822 quidem
2412 2760 2542 2804 non
2599 2739 2911 2824 reliqui

597 2846 817 2911 nescio
859 2847 977 2928 ‘qui
1023 2846 1292 2930 (praeter
1336 2845 1586 2913 multo
1632 2847 1913 2930 plures
1961 2844 2205 2929 alios)
2252 2846 2582 2927 fecerunt,
2645 2847 2763 2914 sed
2808 2848 2909 2912 illi

596 2954 753 3038 ipsi,
811 2956 921 3039 qui
979 2953 1231 3020 occulte
1290 2954 1603 3020 favebant
1645 2955 1902 3020 Perseo.
1991 2953 2358 3020 Durissime
2414 2954 2599 3019 deest
2645 2955 2909 3020 dativus

597 3062 774 3145 apud
819 3060 1090 3127 verbum
1155 3062 1480 3129 favisse.
1572 3062 1729 3129 Cod.
1778 3063 2088 3145 reliqui
2143 3097 2230 3108 --
2283 3063 2905 3129 instruxissent.

596 3168 745 3236 Non
791 3178 1106 3252 quattuor
1149 3172 1215 3235 in
1262 3171 1519 3237 duabus
1555 3172 1821 3237 vocibus
1854 3171 2111 3253 litterae,
2159 3171 2334 3253 quod
2373 3170 2692 3255 Grynaeus
2728 3171 2907 3252 fecit,

598 3279 713 3343 sed
774 3300 908 3343 una
966 3278 1282 3343 mutanda
1328 3286 1500 3344 erat:
1559 3279 1772 3344 alios
1834 3300 1925 3345 ex
1983 3279 2310 3344 occulto
2366 3279 2671 3345 favisse
2718 3280 2907 3361 regi,

595 3387 723 3464 qui
758 3408 896 3469 per
932 3387 1280 3471 speciem
1324 3386 1645 3452 tuendae
1690 3387 2112 3452 libertatis
2155 3421 2241 3431 —
2287 3388 2548 3451 omnia
2604 3389 2905 3452 instru—

595 3495 931 3561 xissent.
980 3495 1169 3575 Quod
1194 3496 1485 3578 proxime
1525 3493 1585 3579 (ξ
1611 3494 1677 3578 8)
1715 3495 2055 3562 scribitur:
2091 3496 2252 3560 nisi
2285 3495 2578 3561 fractis
2614 3498 2904 3561 animis

594 3604 974 3686 partium,
1035 3606 1101 3668 in
1160 3605 1385 3671 codice
1443 3626 1562 3689 pro
1608 3605 1963 3687 partium
2019 3611 2117 3669 est
2173 3604 2513 3687 aptium,
2562 3590 2694 3669 *nec
2753 3625 2903 3688 par-

594 3710 761 3773 tium
828 3713 1080 3777 animos
1147 3712 1361 3797 frangi
1406 3712 1531 3792 illi,
1590 3733 1869 3795 quorum
1929 3713 2143 3777 oratio
2198 3712 2510 3792 refertur,
2576 3712 2901 3791 volebant,

595 3816 712 3882 sed
756 3821 1099 3885 contrariae
1146 3828 1262 3886 aut
1307 3821 1522 3886 dubiae
1567 3821 1797 3903 partis.
1867 3820 1942 3885 In
1988 3820 2303 3904 aptium
2351 3821 2650 3904 suspicor
2692 3820 2900 3886 latere

592 3924 1011 4007 vocabulum,
1082 3947 1212 4011 quo
1282 3929 1619 4013 ancipites·
1677 3928 1756 4011 (οἱ
1820 3926 2359 4011 ἐπαμφοτερίςοηες)
2428 3927 2899 4009 significentur,

596 4036 910 4101 contrarii
955 4035 1065 4115 iis,
1114 4037 1250 4119 qui
1294 4036 1503 4101 nihil
1550 4044 1850 4120 praeter
1894 4036 2318 4120 imperium
2361 4035 2905 4101 Romanorum

598 4150 1088 4226 spectarent.
1138 4141 1706 4228 [Ancipitum⁴?]

768 4249 925 4334 Cap.
977 4255 1075 4332 32,
1126 4257 1162 4317 8
1224 4251 1334 4334 (de
1380 4252 1449 4317 L.
1498 4251 1816 4335 AEmilio):
1887 4251 2002 4316 Ab
2071 4251 2313 4317 seriis
2378 4251 2617 4317 rebus
2686 4251 2899 4317 ludi-

594 4378 840 4439 crum,
909 4360 1117 4443 quod
1184 4360 1591 4427 ex.mult0
1650 4368 1834 4425 ante
1891 4368 2356 4444 praeparato
2425 4366 2504 4424 et
2557 4359 2635 4424 in
2693 4360 2900 4424 Asiae

598 4466 986 4534 civitates
1033 4476 1114 4533 et
1156 4468 1254 4534 ad
1308 4490 1539 4554 reges
1600 4469 1903 4549 missi8‚
1962 4468 2096 4553 qui
2155 4467 2772 4548 denuntiarent,
2818 4476 2902 4531 et
