3230 5282
542 621 665 675 Lib.
701 620 899 674 xm.
937 689 942 698 „
1632 569 1757 669 418

542 813 695 877 pax
775 799 914 857 aut
977 791 1276 857 bellum
1341 791 1795 856 habendum
1863 796 2099 856 esset.
2223 789 2535 855 Similiter
2599 787 2853 853 Gellius

541 899 716 979 XIX,
767 906 821 980 1,
876 905 971 977 10,
1020 920 1217 980 quum
1264 901 1357 963 sic
1407 900 1764 981 coepisset:
1835 899 2212 980 quoniam
2269 899 2338 962 is
2398 896 2723 979 quidem
2765 931 2854 940 —

544 1014 762 1072 esset
819 1014 975 1085 cet.,
1043 1007 1310 1071 transiit
1374 1007 1442 1070 in
1508 1006 1681 1070 hanc
1737 1006 2046 1071 formam:
2115 1007 2379 1090 ipsum
2443 1012 2711 1069 autem
2766 1039 2854 1049 —

543 1115 846 1179 timere.
938 1114 1184 1195 (1863.)

715 1220 870 1305 Cap.
925 1226 1019 1302 14,
1073 1226 1176 1285 13:
1221 1222 1344 1286 Eae
1391 1221 1765 1302 (matronae)
1812 1243 1950 1305 per
1992 1243 2269 1286 manus
2314 1220 2851 1284 succedentes

544 1328 834 1393 deinde
902 1330 1080 1394 aliae
1148 1329 1364 1408 aliis,
1445 1331 1651 1395 omni
1730 1330 2050 1394 obviam
2132 1327 2403 1393 effusa
2447 1328 2848 1407 civitate,

542 1436 954 1501 turibulis
1033 1445 1218 1502 ante
1296 1429 1584 1502 ianuas
1664 1438 1965 1520 positis
2031 1472 2118 1482 —
2185 1442 2429 1518 atque
2510 1456 2847 1500 accenso

541 1549 753 1623 ture,
810 1545 1364 1627 precantibus,
1425 1551 1509 1608 ut
1551 1579 1642 1588 —
1685 1545 1973 1624 iniret,
2036 1545 2115 1607 in
2174 1544 2411 1607 {edem
2457 1542 2850 1607 Victoriae

540 1686 626 1695 —
692 1652 1116 1734 pertulere
1195 1652 1438 1716 deam.
1562 1651 1794 1734 Neque
1875 1653 2231 1716 civitate
2300 1636 2850 1734 'precantibus

540 1779 749 1839 neque
796 1758 1062 1824 effusa
1107 1761 1464 1838 civitate,
1509 1759 1903 1824 turibulis
1950 1759 2272 1842 positiS,
2321 1757 2848 1841 precantibus

540 1864 697 1930 ferri
761 1872 1001 1949 potest.
1122 1867 1326 1932 Recte
1393 1867 1739 1950 Ussingius
1820 1874 2292 1950 precantes;
2373 1865 2702 1929 ablativus
2770 1885 2849 1927 ex

539 1973 1065 2055 praecedentibus
1123 1974 1428 2038 ablativis
1487 1981 1671 2038 ortus
1731 1981 1850 2039 est.
1954 1972 2202 2054 (1863.)
2303 1970 2460 2056 Cap.
2513 1977 2609 2050 17,
2659 1975 2737 2036 19
2783 1972 2851 2034 in

539 2080 641 2144 his
706 2081 950 2145 verbis:
1029 2088 1212 2147 uter
1296 2103 1530 2146 casus
1610 2082 1985 2174 civitatis
2069 2082 2179 2144 sit
2258 2079 2849 2144 detestabilior

543 2195 723 2252 recte
807 2189 1320 2253 Forchhammer
1404 2190 1695 2253 litteram
1787 2188 2179 2271 geminando
2264 2193 2479 2252 ortam
2561 2187 2848 2251 detraxit

545 2295 898 2374 (civitati
944 2297 1099 2376 sit),
1145 2303 1218 2360 ut
1265 2297 1523 2361 dativus
1560 2318 1708 2361 cum
1741 2297 2063 2361 adiectivo
2100 2295 2553 2375 coniungatur.
2601 2293 2848 2375 (1863.)

716 2400 870 2487 Cap.
925 2408 1030 2482 18,
1093 2409 1200 2482 16,
1256 2404 1369 2468 ubi
1427 2404 1769 2469 scribitur:
1842 2403 2064 2467 deam
2133 2424 2276 2467 sua
2344 2401 2647 2486 templa
2715 2401 2847 2465 de-

541 2508 978 2590 fensuram,
1035 2513 1405 2576 necessario
1462 2511 1824 2576 tollendum
1870 2518 1969 2575 est
2012 2509 2331 2593 templa.
2445 2509 2656 2574 Unum
2706 2514 2849 2573 erat

540 2618 856 2700 templum
903 2619 999 2701 (et
1042 2619 1359 2703 praecedit
1403 2619 1794 2703 templum
1828 2640 2030 2684 ——ex
2077 2617 2479 2699 delubro);
2528 2617 2607 2682 de
2652 2617 2844 2682 bonis

540 2726 769 2809 templi
826 2733 893 2790 et
951 2728 1088 2791 deae
1144 2729 1393 2810 agitur,
1450 2729 1560 2810 qui
1622 2748 1979 2811 pronomen
2027 2727 2432 2791 substantive
2481 2725 2561 2789 de
2607 2726 2684 2788 iis
2728 2746 2846 2808 po-

539 2834 738 2897 situm
804 2856 934 2899 non
1001 2836 1441 2914 intellexerat,
1519 2837 1817 2919 ineptum
1886 2835 2407 2919 supplementum
2475 2833 2844 2915 adscripsit.

540 2939 784 3022 (1863.)
857 2940 890 3023 ξ
934 2946 1010 3005 17
1045 2942 1629 3021 WeissenborniuS,
1678 2965 1805 3026 quo
1852 2943 1987 3007 fere
2033 2940 2396 3006 inclinabat
2431 2940 2558 3004 Iac.
2590 2941 2843 3005 Grono-

536 3049 698 3128 viuS,
735 3049 993 3115 codices
1032 3057 1295 3114 secutus
1332 3049 1566 3114 edidit:
1609 3050 2123 3133 aliquantum
2161 3051 2314 3113 iam
2351 3048 2841 3112 altitudinis

537 3157 899 3221 excitata
964 3164 1197 3222 erant
1262 3158 1606 3237 moenia3
1677 3165 1875 3222 antea
1941 3157 2260 3222 edebatur
2316 3155 2409 3220 ad
2470 3155 2841 3237 aliquan-

534 3270 713 3327 tum.
824 3264 1359 3346 Aliquantum
1431 3266 1733 3345 genetivo
1791 3265 2051 3328 adiecto
2108 3265 2173 3328 in
2234 3285 2540 3327 mensura
2598 3261 2840 3345 signifi-

535 3371 748 3435 canda
801 3373 1179 3436 accusativo
1237 3389 1393 3435 casu
1453 3378 1632 3435 recte
1688 3373 1841 3454 poni
1898 3379 2148 3454 potest3
2216 3393 2344 3435 non
2401 3371 2612 3433 minus
2669 3371 2839 3433 enim

531 3484 707 3541 recte
764 3478 824 3556 Ι,
885 3482 994 3556 25,
1053 3481 1091 3541 8
1151 3479 1490 3542 scribitur:
1571 3479 2082 3560 aliquantum
2150 3478 2404 3561 spatii
2466 3513 2548 3522 -
2604 3476 2836 3540 aufu-

531 3592 760 3667 gerat
828 3606 1022 3667 quam
1090 3586 1235 3665 XL,
1306 3590 1415 3664 28,
1483 3591 1552 3648 4;
1639 3586 2003 3666 exiguum
2083 3587 2480 3668 temporis
2549 3584 2840 3667 aliqua

529 3691 786 3756 forma
830 3714 1108 3776 pugnae
1153 3693 1329 3757 fuit.
1430 3693 1556 3757 Sed
1619 3692 2108 3757 altitudinis
2166 3714 2403 3756 nomen
2447 3713 2577 3757 non
2625 3692 2834 3774 magis

529 3822 650 3882 pro
730 3820 1036 3864 mensura
1113 3802 1266 3882 poni
1338 3806 1556 3881 potest
1625 3822 1820 3881 quam
1886 3800 2256 3864 latitudinis
2323 3800 2833 3882 longitudinisve

528 3905 681 3986 (hoc
728 3915 856 3981 est,
916 3915 1246 3971 certarum
1293 3908 1490 3990 spatii
1539 3908 1910 3987 regionum,
1973 3930 2137 3991 quas
2184 3929 2355 3972 nunc
2401 3914 2537 3971 tres
2586 3908 2835 3971 dimen-

528 4016 745 4078 siones
790 4014 1228 4097 appellamus)
1277 4035 1395 4076 nec
1441 4014 1566 4077 dici
1627 4036 1981 4097 magnam
2040 4015 2572 4080 altitudinem
2620 4013 2834 4095 (mul-

526 4128 686 4184 tum
745 4120 1252 4200 altitudinis)
1301 4143 1672 4186 crescere
1723 4122 1927 4205 (quod
1976 4130 2209 4187 contra
2255 4124 2624 4186 rectissime
2674 4122 2833 4185 dici·-

524 4234 634 4291 tur
691 4249 1046 4308 magnum
1108 4230 1454 4311 spatium
1512 4228 1849 4310 fugere),
1919 4231 2033 4293 sed
2088 4236 2346 4294 tantum
2404 4231 2479 4293 in
2539 4230 2832 4293 altitu-

523 4335 786 4400 dinem
833 4357 1221 4413 crescere,
1281 4338 1358 4400 in
1405 4358 1763 4419 magnam
1811 4337 1964 4417 alt,
2022 4340 2100 4401 in
2148 4337 2489 4402 multum
2536 4336 2830 4400 altitu-

349 4457 491 4527 (342)
529 4443 768 4523 dinis3
814 4465 1026 4526 neque
1070 4446 1137 4508 in
1184 4466 1262 4509 ea
1305 4467 1375 4510 re
1423 4445 1555 4509 alia
1599 4452 1700 4509 est
1740 4445 1956 4509 Latini
2001 4447 2319 4510 sermonis
2364 4444 2596 4526 regula
2631 4466 2829 4528 quam
