3230 5282
1470 582 1595 642 427
2352 594 2476 648 Lib.
2513 594 2683 647 XXX.

377 768 557 851 gine
626 768 996 851 conspici
1066 773 1144 831 et
1211 766 1577 850 praebere
1645 768 1818 850 ipse
1886 772 2407 850 conspectum
2476 787 2682 830 cum·

376 875 639 941 fusum
691 897 909 941 mare
956 875 1137 940 urbi
1182 882 1482 960 posset.
1590 874 1698 938 Sic
1743 874 2029 952 codices,
2089 895 2368 957 quorum
2414 873 2685 957 aliquod

378 990 478 1048 est
534 990 969 1063 momentum,
1037 1004 1291 1062 omnes,
1363 1004 1532 1065 quos
1590 981 2196 1061 Weissenbornius,
2267 982 2528 1048 adscita
2572 982 2683 1048 Al-

377 1091 688 1158 schefskii
723 1093 1134 1157 coniectura:
1182 1096 1707 1174 conspectum
1739 1091 1815 1154 in
1853 1089 2418 1154 circumfusum
2450 1110 2684 1170 mare,

377 1207 675 1279 secutus»,
757 1200 1006 1284 expulit
1085 1200 1495 1284 superiorum
1563 1198 2032 1281 interpolatam
2100 1198 2527 1280 scripturam:
2607 1205 2687 1262 et

378 1308 737 1394 praebere
796 1309 970 1391 ipse
1028 1314 1545 1390 prospectum
1604 1328 1835 1389 quum
1893 1306 1991 1370 ad
2046 1306 2323 1371 urbem
2378 1312 2540 1370 tum
2588 1306 2684 1370 ad

378 1416 949 1482 circumfusum
996 1436 1078 1479 m.
1125 1437 1186 1479 u.
1236 1419 1531 1498 posset.
1637 1413 1765 1478 Sed
1811 1415 1950 1497 ipse
1996 1414 2486 1492 animadvertit,
2543 1435 2674 1478 non
2710 1421 2855 1489 (348)

379 1526 509 1589 dici
551 1525 784 1589 Latine
831 1529 1359 1607 conspectum
1409 1522 1487 1586 in
1534 1543 1745 1586 mare
1797 1545 1915 1607 pro
1963 1528 2433 1606 prospectu3
2486 1529 2551 1586 et
2582 1529 2684 1586 ta-

376 1653 526 1697 men
575 1632 1055 1700 substantivum
1094 1651 1241 1695 cum
1278 1629 1843 1714 conspiciendi
1882 1630 2079 1694 verbo
2117 1631 2535 1713 coniugatum
2570 1652 2684 1714 po—

379 1739 589 1805 stulat
636 1741 915 1823 quaesita
962 1739 1281 1803 orationis
1329 1739 1758 1802 concinnitas,
1854 1737 2288 1802 Scribendum
2335 1744 2495 1817 erat,
2552 1760 2686 1802 una

374 1848 602 1912 littera
645 1853 931 1911 mutata:
995 1852 1070 1910 et
1124 1846 1488 1930 praebere
1534 1846 1710 1929 ipse
1758 1845 2205 1925 conspectui
2253 1844 2683 1910 circumfu-

377 1977 546 2020 sum
591 1976 800 2019 mare
845 1954 1028 2019 urbi
1079 1961 1375 2037 posset.
1437 1952 1819 2018 Subiectum
1867 1953 2244 2035 conspectui
2291 1973 2469 2016 mare
2516 1960 2682 2017 erat.

548 2061 706 2146 Cap.
760 2067 866 2141 10,
928 2067 964 2125 7
1012 2060 1121 2141 (de
1177 2062 1449 2126 navibus
1495 2062 1578 2126 ad
1625 2061 1885 2126 Uticam
1932 2082 1972 2124 a
2018 2058 2321 2143 Scipione
2368 2059 2683 2126 adversus

378 2169 1017 2254 Carthaginiensium
1097 2170 1412 2252 impetum
1490 2167 1891 2249 instructis):
1980 2168 2326 2232 telorum
2391 2169 2684 2233 *missi-

375 2278 602 2357 lium,
661 2285 750 2341 ut
796 2278 1162 2360 quamvis
1209 2277 1449 2361 longo
1493 2277 1939 2341 certamine
1986 2276 2511 2354 sufficerent,
2566 2278 2684 2341 vis

376 2387 664 2468 ingens
711 2381 1205 2467 congeritur.
1318 2383 1407 2448 Ut
1468 2385 1726 2449 dicatur
1782 2391 1965 2449 recte
2023 2384 2391 2467 quamvis
2438 2384 2683 2469 longo

377 2493 825 2557 certamine
871 2514 992 2575 pro
1040 2514 1149 2571 ec,
1208 2492 1384 2576 quod
1433 2499 1563 2556 est:
1635 2493 1968 2556 etiamsi
2028 2493 2351 2575 longum
2409 2503 2684 2561 certa-

383 2622 550 2666 men
596 2601 878 2679 fieret,
940 2600 1019 2665 de
1068 2622 1200 2685 quo
1249 2601 1665 2666 vehementer
1712 2599 1974 2680 dubito,
2030 2605 2254 2665 tamen
2300 2623 2427 2666 non
2478 2604 2685 2669 credi-

384 2710 589 2774 derim
633 2708 883 2773 Livium
935 2715 1070 2773 tam
1117 2709 1388 2774 moleste
1435 2709 1696 2786 dixisse,
1756 2730 1953 2791 quum
1999 2705 2192 2772 facilc
2240 2715 2304 2772 et
2350 2710 2687 2793 eleganter

383 2825 641 2901 posset:
710 2824 796 2882 ut
861 2818 1224 2898 quamvis
1291 2817 1541 2900 longo
1603 2817 2036 2880 certamini
2096 2815 2682 2900 sufficerent.¹)

381 2924 662 2989 Inferius
708 2926 774 2988 in
823 2924 946 2988 hoc
992 2926 1208 3008 eapite
1256 2923 1318 3007 (ξ
1368 2925 1505 3002 19),
1566 2923 1681 2986 ubi
1737 2944 1989 2987 summa
2045 2928 2315 2987 eventus
2371 2924 2685 3007 longioris

384 3033 763 3097 certaminis
812 3033 1143 3113 colligitur
1202 3032 1376 3113 (hoc
1437 3031 1777 3095 maxime
1838 3030 2063 3094 modo
2109 3030 2463 3096 lacerati
2509 3035 2685 3117 qui-

385 3139 557 3203 dem
615 3161 877 3205 omnes
933 3140 1286 3223 pontes),
1355 3138 1681 3222 particula
1752 3138 2067 3222 quidem
2124 3144 2257 3201 tam
2314 3160 2512 3221 prave
2569 3161 2688 3223 po-

383 3248 592 3326 nitur,
661 3269 860 3330 quum
929 3248 1110 3312 nulla
1175 3248 1442 3311 minima
1510 3248 1598 3310 sit
1666 3267 1866 3310 causa
1934 3246 2118 3309 verbi
2184 3245 2535 3311 lacerati
2593 3249 2687 3312 sic

384 3353 754 3431 extollendi,
802 3362 876 3419 ut
921 3356 1228 3420 mendum
1274 3355 1694 3419 manifestum
1740 3359 2061 3418 teneatur.
2152 3353 2427 3419 Videtur
2469 3355 2687 3420 Livius

445 3572 495 3637 ¹)
535 3570 591 3641 [ξ
627 3576 661 3625 4
696 3574 885 3627 nescio
924 3591 995 3627 an
1031 3591 1137 3643 pro
1173 3578 1513 3644 poterant
1548 3574 1905 3627 scribendum
1943 3575 2018 3627 sit
2052 3579 2445 3642 potuerant.
2514 3573 2684 3643 1863]

522 3656 555 3726 ξ
592 3661 625 3711 5
660 3659 862 3711 vellem
897 3659 982 3712 W.
1021 3660 1319 3726 tenuisset,
1367 3659 1520 3728 quod
1565 3659 1624 3711 in
1660 3660 1847 3727 priore
1886 3659 2130 3713 editione
2166 3667 2453 3729 posuerat:
2502 3662 2690 3714 tabu-

523 3744 769 3812 lasque
825 3746 1395 3813 superinstravit,
1463 3750 1537 3798 ut
1589 3745 1818 3813 pervii
1874 3745 2161 3798 ordines
2216 3750 2475 3811 essent,
2538 3746 2690 3815 quod

519 3830 668 3897 ipse,
713 3829 905 3882 recisis
952 3830 1011 3883 in
1047 3829 1310 3884 Gronovii
1351 3829 1744 3884 emendatione
1780 3829 1996 3883 duabus
2034 3831 2275 3896 voculis,
2325 3832 2542 3900 pridem
2588 3832 2685 3884 ad·

519 3918 791 3967 notaram.
877 3912 1019 3967 Nam
1071 3914 1220 3982 quod
1269 3932 1417 3969 nunc
1463 3915 1679 3984 posuit:
1736 3915 1836 3968 ita
1880 3932 2025 3969 cum
2071 3916 2198 3984 (pro
2244 3916 2343 3982 ut)
2380 3917 2690 3984 pervium

520 3999 828 4053 ordinem
907 3998 1234 4066 fecisset,
1301 4000 1513 4053 nullam
1576 4000 1751 4054 habet
1816 4001 2147 4054 mutationis
2215 4001 2687 4071 probabilitatem.

519 4083 608 4136 Ex
675 4084 1216 4138 ordinesessent
1280 4089 1465 4138 ortum
1528 4085 2107 4150 ordinefecisset,
2176 4087 2305 4140 dein
2361 4087 2688 4154 ordinem,

524 4174 645 4222 tum
679 4171 1003 4238 pervium.
1061 4166 1342 4237 [Fortasse
1379 4170 1471 4224 hic
1509 4188 1733 4238 quoque
1771 4170 2103 4239 simpliciter
2130 4170 2375 4224 tenenda
2405 4175 2492 4226 est
2521 4173 2690 4240 scrip·

521 4262 651 4308 tura
687 4255 810 4308 cod.
852 4254 993 4324 Spir.
1033 4262 1107 4309 ut
1151 4255 1464 4325 pervium
1511 4256 1579 4309 in
1617 4260 1837 4309 totum
1876 4255 2184 4309 ordinem
2221 4263 2430 4324 esset,
2481 4261 2546 4310 ut
2583 4258 2689 4325 sig-

519 4338 780 4393 nificetur
827 4340 1122 4394 transitum
1170 4341 1419 4409 patuisse
1458 4358 1525 4395 ex
1560 4341 1875 4410 posteriore
1912 4358 2136 4409 quaque
2172 4358 2314 4394 nave
2349 4341 2408 4395 in
2444 4342 2689 4410 priorem

525 4441 594 4477 ex
631 4425 718 4492 iis,
771 4442 898 4493 quae
935 4443 1048 4479 una
1085 4425 1224 4480 serie
1261 4443 1320 4480 se
1359 4426 1734 4494 excipiebant.
1816 4425 2133 4479 Pervium
2171 4431 2273 4479 est
2307 4427 2387 4479 sic
2422 4426 2690 4493 imperso-

520 4510 727 4563 naliter
762 4509 1026 4564 dixerunt
1062 4509 1274 4565 Seneca
1311 4511 1380 4564 de
1416 4509 1575 4563 Prov.
1615 4512 1667 4578 6,
1706 4513 1739 4564 9
1777 4517 1834 4565 et
1869 4510 2082 4564 Plinius
2120 4510 2187 4562 Η.
2224 4509 2290 4563 N.
2328 4509 2394 4577 V,
2435 4508 2535 4577 12]
