3230 5282
1378 604 1450 664 21
1467 605 1502 665 7
2342 617 2467 672 Lib.
2503 616 2602 671 IX.

297 796 462 856 recte
509 790 641 856 dici
684 790 948 855 videtur
992 788 1184 871 quasi
1232 788 1313 853 de
1359 789 1613 853 incerta
1648 794 1715 852 et
1749 808 1886 852 una
1919 809 1999 852 ex
2032 787 2354 872 pluribus,
2402 811 2603 873 quum

297 920 488 964 unum
530 898 817 964 licentiae
863 917 1066 979 genus
1113 895 1176 960 h.
1222 894 1265 960 1.
1314 895 1610 977 intellegi
1655 896 1894 979 possit,
1954 917 2167 979 neque
2213 895 2282 961 hi
2327 897 2603 962 ablativi
2660 912 2665 917 ·

300 1029 443 1090 qua
495 1006 850 1071 licentia
894 1011 962 1070 et
1005 1003 1478 1088 populando
1527 1004 1772 1087 optime
1820 1004 2016 1069 coire.
2118 1005 2386 1085 Vereor,
2433 1026 2517 1071 ne
2565 1026 2606 1070 a

298 1114 470 1180 Livio
529 1113 758 1179 fuerit:
831 1114 898 1178 si
966 1134 1120 1196 qua
1177 1111 1500 1194 (adverb.)
1577 1101 1920 1176 licentia
1976 1112 2431 1196 populandi
2487 1112 2599 1179 ef-

295 1222 518 1287 fusus
575 1222 997 1287 exercitus
1054 1227 1177 1286 cet.
1222 1218 1654 1285 Praedandi
1710 1218 2064 1285 licentia
2109 1219 2352 1285 dicitur
2396 1220 2603 1300 XXII,

297 1334 346 1409 3,
387 1334 459 1411 9;
506 1330 594 1395 ad
640 1351 788 1395 eam
831 1329 1142 1394 Romanis
1184 1327 1603 1412 praebendam
1649 1327 2089 1410 pertinebant.
2139 1348 2288 1410 quae
2334 1349 2375 1393 a
2420 1327 2603 1394 Sam-

295 1438 535 1503 nitibus
582 1444 742 1502 acta
782 1443 1160 1502 narrantur.
1243 1434 1383 1518 [Sic
1428 1434 1818 1517 Creverius]
1898 1435 2128 1500 Altera
2171 1437 2239 1499 in
2283 1438 2601 1520 proximis

297 1543 349 1628 (ἓ
416 1545 482 1627 7)
564 1545 849 1629 suspicio
919 1546 1160 1624 oritur,
1245 1563 1392 1627 quae
1462 1543 1557 1608 sic
1627 1542 2038 1607 scribuntur:
2119 1542 2601 1627 Transfugae

295 1659 660 1736 agrestes
717 1657 795 1717 et
852 1653 1165 1736 captivi
1222 1651 1577 1735 quidam,
1636 1672 1824 1733 pars
1882 1650 2126 1729 forte,
2184 1672 2373 1734 pars
2420 1672 2603 1715 con-

295 1760 475 1826 silio
538 1761 833 1841 oblati,
891 1759 1440 1843 congruentia
1497 1757 1595 1823 ad
1654 1757 2076 1823 consulem
2121 1757 2602 1824 adferentes

291 1903 369 1913 —
403 1905 496 1914 —-
540 1869 1086 1953 perpulerunt
1132 1873 1254 1932 cet.
1346 1865 1472 1944 Qui
1519 1866 1604 1931 ad
1649 1886 1840 1930 usum
1885 1867 2344 1948 pronominum
2390 1865 2603 1929 infini-

294 1981 506 2041 torum
550 1976 1005 2055 attenderunt,
1068 1974 1385 2054 sentient,
1442 1995 1572 2039 non
1629 1980 1809 2039 recte
1868 1973 2259 2057 quosdam
2305 1975 2602 2056 captivos

293 2081 348 2148 h.
392 2084 432 2149 1.
492 2083 852 2168 appellari,
923 2084 1116 2165 quasi
1184 2088 1402 2148 certos
1470 2102 1550 2146 ex
1615 2082 1868 2146 maiore
1935 2102 2236 2161 numero;
2303 2083 2600 2146 universe

295 2193 697 2275 captivorum
758 2198 826 2257 et
868 2190 1364 2274 transfugarum
1409 2190 1478 2254 id
1525 2189 1842 2254 indicium
1885 2188 2087 2254 fuisse
2132 2188 2351 2253 Livius
2400 2189 2601 2272 signi-

292 2297 455 2364 ficat.
568 2300 667 2364 Ne
722 2306 905 2365 recto
949 2298 1217 2383 quidem
1261 2298 1406 2363 loco
1453 2318 1812 2381 pronomen
1871 2298 2164 2380 ponitur,
2234 2297 2290 2361 si
2337 2296 2602 2380 quidem

292 2428 414 2472 nou
477 2408 694 2472 minus
749 2408 835 2473 ad
883 2405 1263 2488 ,transfugas
1311 2426 1511 2488 quam
1555 2405 1642 2469 ad
1687 2405 1982 2487 captivos
2028 2405 2359 2487 pertinere
2407 2403 2603 2469 debet

296 2512 766 2597 (transfugae
825 2514 1149 2598 quidam
1205 2518 1571 2594 agrestes
1619 2519 1698 2578 et
1743 2513 2103 2596 captivi).
2215 2512 2452 2595 Itaque
2496 2512 2603 2577 vix

295 2621 561 2688 dubium
629 2628 762 2703 est,
830 2622 992 2706 quin
1056 2621 1278 2687 Livius
1345 2620 1719 2705 scripserit:
1788 2628 1881 2686 tr.
1931 2643 2088 2704 agr.
2137 2625 2221 2688 et
2267 2620 2600 2704 captivi,

299 2731 626 2812 quidam
672 2730 924 2811 forte,
988 2751 1182 2814 pars
1229 2728 1580 2794 consilio
1627 2729 1919 2809 oblati,
1987 2730 2329 2816 notissimo
2379 2730 2602 2794 distri-

291 2835 529 2903 buendi
587 2860 856 2922 genere,
923 2859 1054 2922 quo
1121 2838 1332 2922 partis
1406 2836 1798 2919 significatio
1854 2839 2176 2915 variatur,
2245 2836 2314 2900 id
2372 2843 2594 2901 autem
2631 2844 2773 2911 (183)

291 2943 759 3029 interpolatum
805 2947 892 3010 sit
936 2945 1144 3011 altero
1191 2946 1422 3010 addito
1467 2966 1671 3029 pars.
1766 2943 2081 3010 Similiter
2126 2944 2453 3022 XXXVII,
2500 2949 2601 3022 42,

293 3053 327 3112 2
368 3053 434 3118 in
490 3054 963 3119 distributione
1021 3052 1241 3118 verbis
1287 3053 1545 3117 variata
1589 3060 1879 3118 erratum
1923 3051 2311 3116 videbimus.
2424 3049 2602 3132 [Tol-

289 3156 546 3226 lendum
591 3182 785 3245 pars
831 3162 963 3226 iam
1009 3181 1068 3224 a.
1123 3164 1284 3224 1853
1330 3158 1837 3225 Muehlmannus
1883 3158 2259 3240 iudicarat]

449 3268 608 3353 Cap.
639 3273 741 3348 32,
794 3272 903 3333 10:
951 3268 1146 3333 Post
1190 3289 1568 3333 occasum
1615 3267 1822 3332 solis
1869 3268 2179 3349 signum
2224 3267 2601 3350 receptui

287 3371 555 3440 datum
624 3383 778 3455 est3
845 3382 1083 3441 nocte
1152 3375 1246 3440 ab
1315 3380 1662 3458 utroque
1730 3376 1810 3439 in
1878 3382 2157 3440 castra
2229 3374 2599 3440 reditum.

289 3477 458 3547 Scire
504 3483 719 3562 velim,
767 3503 894 3566 quo
939 3483 1266 3576 referatur
1309 3488 1658 3565 utroque
1704 3503 2099 3565 pronomem
2145 3504 2296 3547 nam
2343 3482 2603 3547 etiamsi

287 3587 653 3656 Romanum
726 3598 795 3657 et
860 3592 1218 3656 Etruscum
1286 3590 1507 3655 Livius
1591 3611 1795 3672 supra
1861 3590 2163 3669 dixisset,
2243 3597 2467 3655 tamen
2531 3591 2599 3654 in

283 3701 661 3764 narratione
748 3699 1200 3765 continuanda
1277 3698 1553 3762 dixisset
1621 3696 1717 3760 ab
1784 3697 2176 3780 utrisque,
2246 3706 2322 3762 ut
2395 3697 2595 3762 scribi

283 3805 537 3871 volebat
585 3805 975 3886 Creveriu83
1045 3806 1160 3871 sed
1215 3804 1380 3869 nihil
1440 3804 1576 3868 tale
1625 3804 1822 3884 dixit;
1889 3804 2095 3870 multo
2142 3806 2358 3869 minus
2405 3805 2603 3870 duces

281 3911 573 3996 intellegi
609 3920 907 3998 possunt,
955 3914 1070 3996 qui
1106 3911 1189 3977 ab
1226 3913 1659 3977 Etruscorum
1703 3918 1893 3994 parte
1942 3914 2205 3976 omnino
2251 3912 2600 3993 significati

283 4039 403 4084 non
477 4027 646 4087 sunt.
763 4019 1039 4098 Vereor,
1128 4041 1209 4084 ne
1262 4020 1487 4085 Livius
1560 4020 1899 4103 scripserit
1966 4026 2254 4084 tantum:
2345 4018 2602 4084 Nocte

282 4133 619 4211 utroque
665 4131 749 4192 in
797 4132 1091 4207 castra,
1136 4126 1200 4192 h.
1249 4149 1324 4208 e.‚
1372 4129 1439 4193 in
1484 4135 1915 4209 utrorumque
1964 4135 2205 4192 castra.
2296 4124 2544 4208 (1875.)

440 4234 598 4320 Cap.
649 4239 753 4315 33,
800 4240 870 4300 6:
942 4236 1162 4301 Mam.
1211 4235 1621 4300 AEmilium
1665 4271 1771 4314 —,
1829 4236 1965 4319 qui
2025 4236 2602 4319 quinquenna-

276 4337 418 4406 lem
484 4350 666 4409 ante
744 4364 1174 4409 censuram
1243 4349 1320 4408 et
1395 4343 2026 4427 longinquitate
2095 4349 2604 4426 potestatem

278 4445 813 4518 dominantem
880 4452 1104 4516 intra
1171 4472 1308 4516 sex
1375 4473 1733 4516 mensum
1806 4459 1882 4516 et
1937 4451 2129 4515 anni
2188 4450 2603 4531 coegisset
