3230 5282
500 594 624 650 Lib.
663 595 860 648 XXVI.
1593 583 1718 644 382

500 789 627 852 que
675 767 906 831 eadem
951 789 1219 850 prorsus
1267 774 1368 832 est
1411 767 1686 846 Liviani,
1746 768 1812 831 in
1858 787 1990 849 quo
2036 786 2389 844 versamur,
2434 768 2563 833 loci
2606 769 2811 846 ratio;

498 896 712 956 neque
784 876 957 938 enim
1026 875 1265 956 singuli
1323 876 1729 958 singularum
1786 874 2051 939 urbium
2108 875 2312 958 legati
2375 874 2530 955 (etsi
2586 876 2811 958 plures

499 982 909 1066 singularum
977 983 1238 1048 urbium
1307 982 1591 1049 fortasse
1661 981 1957 1063 fuerunt)
2026 1004 2096 1048 se
2153 984 2328 1048 solos
2387 983 2685 1048 abituros
2731 1004 2810 1048 ex

497 1091 726 1159 Sicilia
771 1090 1111 1171 dicebant,
1171 1091 1287 1156 sed
1346 1092 1585 1156 civium
1631 1112 1902 1156 suorum
1945 1091 2161 1156 verbis
2206 1092 2677 1174 loquebantur,
2736 1096 2811 1155 ut

499 1221 611 1279 se,
690 1198 1246 1282 quemadmodum
1315 1201 1674 1283 saepissime
1743 1200 1918 1281 apud
1986 1199 2242 1264 Livium
2310 1200 2376 1262 in
2441 1198 2808 1282 legatorum

497 1308 793 1373 oratione
838 1305 1203 1387 reddenda,
1263 1308 1346 1371 ad
1394 1308 1566 1372 cives
1611 1306 1940 1372 referatur
1986 1309 2182 1387 (nos,
2240 1307 2309 1371 id
2356 1314 2486 1385 est,
2544 1327 2685 1388 ego
2733 1313 2812 1371 et

496 1417 708 1481 cives
777 1414 977 1496 mei).
1089 1412 1370 1493 (Eodem
1431 1415 1624 1480 modo
1672 1414 1885 1496 XXX,
1942 1418 2056 1494 42,
2116 1419 2153 1477 3
2201 1436 2280 1480 se
2326 1416 2393 1479 in
2441 1415 2811 1498 legatorum

493 1524 931 1589 Macedonum
1011 1525 1308 1588 oratione
1378 1524 1461 1588 ad
1528 1523 1905 1606 Philippum
1969 1520 2302 1603 refertur.)
2425 1522 2660 1604 Itaque
2726 1522 2811 1585 ad

324 1644 464 1712 (312)
500 1631 620 1697 hos
676 1632 1080 1715 singularum
1138 1631 1399 1695 urbium
1446 1632 1621 1695 cives
1669 1651 1892 1696 omnes
1936 1630 2156 1695 Livius
2203 1631 2526 1713 pluralem
2573 1651 2809 1714 prono-

493 1741 689 1805 minis
757 1738 1162 1804 distributivi
1230 1760 1571 1803 numerum
1642 1738 2186 1803 accommodavit:
2267 1739 2808 1803 adfirmantes

497 1869 578 1913 se
638 1869 795 1913 non
851 1847 1080 1911 modo
1138 1869 1358 1912 suam
1416 1866 1751 1924 quosque
1808 1847 2160 1928 patriam
2203 1882 2289 1891 —-
2331 1847 2807 1912 relicturos.

493 1956 746 2022 Eodem
802 1955 1020 2038 capite
1082 1953 1115 2037 ξ
1182 1959 1258 2018 10
1315 1954 1426 2035 (de
1483 1954 1856 2020 Hannibale
1914 1961 1982 2019 et
2025 1954 2371 2035 Marcello)
2429 1957 2495 2019 in
2552 1956 2603 2020 P
2651 1957 2808 2020 scri-

493 2065 701 2130 bitur:
772 2084 860 2128 ex
918 2082 1070 2144 quo
1132 2064 1436 2145 primus
1492 2070 1678 2146 post
1723 2063 2079 2128 adversae
2125 2083 2411 2145 pugnae
2459 2063 2808 2146 gloriam

496 2178 860 2256 ceperat3
930 2191 1116 2234 error
1170 2177 1355 2234 ortus
1411 2170 1674 2235 videtur
1732 2192 1810 2234 ex
1871 2170 2189 2235 vocabulo
2248 2170 2644 2236 adversus
2702 2171 2807 2235 bis

493 2281 710 2364 posito
756 2280 822 2342 in
869 2279 1042 2342 hunc
1084 2276 1224 2341 fere
1270 2277 1565 2342 modum:
1628 2299 1719 2341 ex
1766 2299 1914 2359 quo
1961 2280 2271 2362 primus
2317 2286 2506 2362 post
2550 2280 2807 2342 adver-

493 2387 841 2450 sissi-as
887 2386 1080 2447 hand
1129 2385 1488 2450 adversae
1533 2407 1815 2470 pugnae
1859 2386 2204 2468 gloriam
2255 2395 2612 2470 ceperat.

668 2494 825 2577 Cap.
876 2497 986 2572 30,
1048 2498 1142 2557 10.
1254 2493 1357 2557 Ad
1415 2494 1590 2558 hunc
1648 2493 1898 2572 locum,
1968 2496 2036 2558 in
2095 2517 2224 2578 quo
2274 2494 2665 2579 Syracusani
2725 2495 2807 2559 de

496 2603 762 2669 miseria
818 2622 937 2667 sua
992 2609 1384 2683 queruntur,
1451 2601 1963 2684 intellegendum
2022 2603 2631 2688 emendandumque
2679 2604 2809 2668 duo

496 2712 784 2778 tenenda
830 2715 1003 2788 sunt,
1050 2711 1350 2792 primum,
1400 2732 1598 2792 quum
1645 2717 1797 2794 post
1841 2717 2066 2776 tecta
2111 2712 2518 2777 exhausta
2563 2712 2810 2794 (direp-

496 2818 707 2900 tione)
744 2826 1287 2884 commemoretur
1330 2824 1673 2900 tamquam
1717 2820 1946 2895 maius‚
1995 2819 2200 2884 bona
2245 2842 2567 2904 quoque
2614 2820 2810 2893 mul-

494 2928 604 2992 tis
665 2927 1042 3009 adempta
1097 2947 1267 3006 esse,
1334 2927 1402 2991 id
1460 2929 1834 2992 necessario
1891 2929 2221 3009 pertinere
2279 2928 2362 2993 ad
2409 2929 2806 3011 praediorum

497 3035 879 3113 (fundorum
924 3039 991 3097 et
1037 3033 1409 3113 domorum)
1459 3034 2006 3118 publicationem,
2067 3034 2303 3129 deinde
2363 3037 2616 3102 solum
2662 3057 2805 3098 nu-

499 3143 680 3208 dum
725 3163 855 3207 non
901 3163 1093 3225 posse
1141 3142 1461 3224 appellari
1500 3141 1977 3225 (appositione)
2011 3142 2419 3227 reliquias
2466 3144 2808 3225 direptae

495 3250 874 3327 fortunae,
956 3251 1269 3331 quoniam
1348 3250 1624 3332 direptae
1704 3250 1989 3315 fortunae
2056 3252 2322 3315 nomine
2389 3253 2811 3316 continentur

495 3357 954 3423 tantummodo
1023 3377 1130 3420 res
1198 3362 1565 3435 moventeS,
1649 3379 1794 3439 quae
1862 3358 2017 3423 solae
2087 3358 2281 3442 diripi
2349 3358 2807 3440 asportarique

495 3470 794 3549 possunt.
909 3464 1140 3544 Itaque
1207 3485 1339 3527 una
1405 3463 1636 3529 addita
1705 3466 2173 3548 praepositione
2229 3468 2310 3530 in
2366 3466 2538 3529 inter
2590 3487 2683 3529 ne
2741 3472 2810 3530 et

494 3572 704 3636 nudo
752 3572 901 3653 (en)
963 3570 1382 3635 scribendum
1442 3580 1571 3637 est:
1642 3574 1762 3637 ita
1817 3580 1899 3636 ut
1954 3593 2049 3637 ne
2106 3573 2183 3635 ln
2228 3574 2436 3638 nudo
2484 3572 2809 3656 quidem

497 3679 670 3744 solo
727 3678 1113 3760 reliquiis
1171 3678 1515 3761 direptae
1571 3679 1931 3744 fortunae
1989 3680 2208 3745 alere
2256 3700 2436 3745 sese
2483 3700 2575 3744 ac
2620 3701 2809 3745 suos

494 3792 849 3870 possent.
974 3785 1118 3850 Hoc
1195 3793 1565 3870 queruntur
1634 3786 2061 3870 Syracusani,
2130 3788 2244 3867 iis,
2316 3788 2560 3872 quibus
2627 3787 2803 3852 bona

494 3893 804 3977 adempta
872 3895 1033 3973 sint,
1100 3914 1182 3959 ne
1249 3895 1497 3960 nudum
1565 3894 1833 3980 quidem
1890 3895 2101 3960 solum
2161 3895 2500 3979 (direptiS,
2568 3895 2811 3979 quibus

492 4004 887 4067 instructum
956 4009 1022 4067 et
1081 4010 1465 4068 exornatum
1518 4003 1749 4084 fuerit)
1816 4010 2098 4080 restare,
2165 4004 2232 4067 in
2290 4025 2421 4087 quo
2480 4005 2595 4083 iis,
2665 4023 2809 4086 quae

495 4109 778 4193 direptio
826 4108 1107 4175 fortunae
1153 4112 1516 4192 reliquerit,
1579 4112 1759 4177 alere
1806 4131 1876 4175 se
1923 4112 2198 4193 possint.
2260 4109 2322 4194 (ἓ
2375 4116 2450 4174 12
2497 4112 2811 4193 quoniam

493 4216 634 4281 haec
703 4218 903 4282 verba
970 4217 1136 4282 duae
1205 4224 1467 4301 captae
1535 4218 1684 4281 hoc
1751 4239 1956 4284 anno
2024 4217 2268 4284 urbes
2326 4254 2412 4264 —
2456 4218 2809 4283 habeant

491 4345 700 4407 neque
747 4346 788 4389 a
832 4325 1144 4390 Marcello
1203 4326 1470 4390 iubente
1538 4345 1751 4407 neque
1823 4345 1973 4390 cum
2047 4327 2261 4392 ironia
2333 4328 2463 4391 dici
2516 4331 2810 4409 apparet,

492 4433 611 4498 sed
655 4441 911 4516 partem
958 4434 1292 4499 continere
1338 4434 1580 4517 iniquae
1628 4433 2048 4514 condicionis,
2106 4456 2252 4518 quae
2301 4433 2809 4518 imperatoribus
