3230 5282
1389 594 1510 656 683
2116 555 2119 556 ἢ
2247 605 2369 660 Lib.
2409 604 2602 661 mv.

327 801 420 845 me
465 791 822 847 commovet
868 779 1109 846 codicis
1166 780 1528 863 scriptura:
1575 777 1909 844 nudatis
1968 780 2339 845 omnibus
2405 799 2605 862 prae-

322 888 547 954 sidiis
582 889 1196 974 patefactisque
1235 888 1453 953 bello
1488 886 1753 966 factis»,
1801 908 1882 952 ex
1915 907 2049 970 qua
2084 885 2401 972 Grynaeus
2447 886 2523 952 fa
2543 907 2606 950 c-

321 999 423 1062 tis
477 1019 749 1082 prorsus
808 997 1112 1077 sustulit,
1180 995 1357 1081 quod
1412 995 1718 1079 praesidia
1772 1002 1951 1061 recte
1997 995 2235 1061 nudari
2281 994 2605 1072 dicuntur,
2728 1023 2735 1030 ·

319 1105 610 1189 patefieri
674 1106 848 1173 bello
915 1107 1021 1170 vix
1083 1111 1263 1171 recte
1331 1105 1653 1170 dicuntur.
1742 1089 1977 1187 Itaque
2043 1104 2255 1169 visum
2322 1110 2427 1168 est
2484 1100 2606 1167 sub

320 1213 350 1277 f
358 1215 551 1279 actis
598 1215 878 1281 alterum
922 1215 1130 1280 latere
1166 1212 1651 1279 substantivum
1686 1233 1728 1278 a
1758 1211 2049 1293 librario,
2094 1233 2296 1294 quum
2328 1210 2609 1276 hoereret

322 1323 528 1389 animo
565 1344 765 1389 sonus
802 1330 867 1389 et
901 1322 1111 1388 forma
1147 1322 1537 1401 litterarum,
1586 1342 1666 1386 ex
1713 1319 2161 1404 patefactis
2208 1327 2605 1402 corruptum.

319 1429 392 1494 Id
435 1438 550 1497 aut
595 1431 990 1498 claustris
1036 1452 1180 1498 esse
1226 1432 1447 1514 potuit
1493 1436 1609 1495 aut
1653 1430 1877 1514 potius
1923 1430 2247 1513 portis·
2290 1427 2389 1492 Ea
2433 1424 2608 1491 bello

323 1535 657 1622 patefiunt,
704 1546 779 1605 ut
822 1541 1163 1624 irrumpat.
1259 1536 1472 1621 1864]

482 1645 638 1732 Cap.
688 1654 745 1727 7,
795 1652 905 1712 11:
972 1647 1191 1713 Adeo
1259 1648 1431 1713 sine
1477 1646 1650 1712 ulla
1694 1668 1839 1731 ope
1898 1645 2190 1724 hostie,
2260 1663 2427 1726 quae
2473 1641 2608 1708 ad·

320 1763 727 1838 gravaret,
777 1777 946 1822 cum
992 1757 1173 1840 ipsa
1218 1754 1745 1821 difficultate
1789 1775 2050 1821 rerum
2096 1751 2611 1838 pugnandum

322 1872 508 1931 erat.
602 1864 1168 1931 Considerandum
1233 1862 1391 1928 mihi
1459 1863 1746 1943 videtur,
1824 1863 2199 1947 potueritne
2278 1861 2371 1926 sic
2439 1860 2608 1926 sine

320 1993 455 2056 ope
501 1973 775 2039 hostis
832 1972 1082 2055 aliquid
1136 1971 1280 2038 fieri
1336 1972 1496 2052 dici,
1564 1977 1640 2037 ut
1685 1973 1867 2056 opis
1912 1972 2203 2048 nomine,
2250 1988 2421 2053 quae
2467 1966 2610 2032 ad-

319 2089 613 2163 gravet,
661 2081 1067 2166 significetur
1112 2101 1312 2165 opera
1355 2082 1423 2146 in
1448 2079 1962 2146 ‘difficultatibus
1995 2077 2610 2163 impedimentisque

319 2187 701 2255 obiiciendis
745 2190 981 2274 posita.
1069 2188 1380 2274 Alioquin
1426 2190 1599 2254 enim
1643 2186 2058 2254 scribendum
2101 2186 2388 2252 videtur:
2438 2185 2609 2250 sine

321 2316 540 2378 open
583 2297 884 2378 hostis,
930 2318 1097 2382 quae
1143 2297 1657 2381 adgravaret.

482 2405 642 2490 Cap.
691 2411 749 2486 8,
798 2411 836 2471 2
883 2404 992 2488 (de
1060 2406 1323 2472 consule
1384 2407 1456 2485 Q.
1504 2405 1753 2471 Marcio
1821 2403 2125 2489 Philippo
2192 2401 2275 2468 ab
2332 2400 2458 2467 Dio
2526 2398 2611 2469 ad

318 2512 567 2580 Philam
610 2514 968 2597 regresso):
1034 2513 1199 2579 Alii
1244 2521 1455 2580 metu
1498 2515 1950 2580 recessisse
2006 2533 2181 2577 eum
2226 2510 2324 2576 ab
2370 2508 2610 2575 hoste

197 2658 202 2665 -
317 2618 717 2704 ferebant,
766 2623 957 2708 quia
999 2623 1359 2689 manenti
1417 2623 1493 2689 in
1538 2621 1811 2690 Pieria
1865 2620 2185 2707 proelio
2231 2618 2612 2686 dimican-

312 2729 480 2795 dum
520 2731 770 2812 foret,
816 2731 983 2812 alii,
1028 2732 1426 2816 ignarum,
1472 2731 1671 2797 belli
1718 2752 1893 2816 quae
1937 2731 2013 2795 in
2062 2730 2236 2795 dies
2281 2727 2618 2792 fortuna

310 2846 666 2920 novaret,
715 2847 800 2906 ut
845 2838 1483 2926 opperientibus
1543 2860 1716 2905 sese
1775 2838 2049 2918 rebuS,
2106 2835 2479 2903 omisisse
2526 2831 2616 2897 de

313 2947 676 3014 manibus
744 2969 865 3029 ea,
934 2969 1105 3033 quae
1172 2967 1350 3012 mox
1414 2949 1684 3032 repeti
1750 2967 1906 3013 non
1972 2948 2324 3030 possent.
2417 2940 2617 3004 Recte

311 3052 449 3119 illa:
495 3063 581 3122 ut
629 3055 1252 3141 opperientibus
1301 3076 1479 3121 sese
1526 3054 1769 3121 rebus
1808 3052 2388 3124 Weissenbornius
2426 3069 2461 3113 e
2508 3067 2617 3113 co-

308 3159 442 3228 dice
482 3165 792 3245 restituit,
838 3186 984 3250 quae
1028 3169 1433 3249 perverterat
1487 3164 1801 3249 Grynaeus
1857 3163 1978 3245 (sic
2022 3165 2193 3230 enim
2235 3159 2586 3246 reprehen-
2624 3171 2787 3243 (566)

310 3292 489 3340 sores
546 3273 647 3338 illi
693 3274 1029 3340 consulem
1074 3294 1269 3357 agere
1326 3272 1829 3352 insimulabant,
1897 3274 2085 3355 quasi
2140 3293 2247 3338 res
2306 3278 2373 3337 et
2430 3290 2616 3337 occa-

313 3382 521 3449 siones
569 3388 985 3465 cunctantem
1031 3381 1522 3466 opperirentur,
1589 3402 1722 3447 non
1780 3381 2080 3446 celeriter
2136 3379 2612 3461 elaberentur);

316 3489 427 3555 sed
466 3490 768 3574 reliquit,
837 3511 1034 3573 quam
1080 3488 1659 3555 Drakenborchius
1717 3488 1966 3554 frustra
2010 3488 2424 3567 defenderat,
2470 3509 2616 3571 per-

210 3595 214 3599 ’
315 3618 569 3665 versam
612 3619 843 3665 vocum
898 3597 1099 3663 belli
1165 3606 1233 3664 et
1297 3597 1644 3663 fortunae
1713 3597 2204 3681 separationem
2246 3605 2315 3663 et
2359 3598 2615 3681 prioris,

314 3705 379 3770 in
423 3720 575 3789 qua,
623 3708 678 3772 si
721 3728 868 3774 cum
911 3706 1179 3773 fortuna
1223 3707 1660 3790 coniungitur,
1709 3704 1874 3770 nihil
1919 3712 2022 3771 est
2055 3705 2406 3789 singularis
2452 3727 2617 3789 pon-

315 3812 502 3895 deris,
571 3816 640 3881 in
703 3816 962 3881 initium
1029 3815 1370 3881 sententiae
1425 3821 1576 3880 ante
1646 3833 2007 3897 pronomen
2063 3814 2614 3897 interrogativum

316 3924 782 3991 traiectionem.
873 3921 1304 3990 Scribendum
1349 3929 1476 3988 est:
1545 3922 1924 4005 ignarum
1989 3921 2229 4003 belli,
2297 3922 2492 3999 qud
2536 3923 2615 3986 in

322 4030 489 4098 dies
536 4031 878 4099 fortuna
919 4038 1274 4110 novaret,
1321 4039 1443 4097 cet.
1524 4031 1821 4098 Fortuna
1862 4030 2037 4097 bello
2081 4051 2317 4096 novum
2363 4029 2431 4093 in
2475 4030 2614 4095 dies

317 4146 559 4205 statum
614 4146 680 4205 et
733 4139 1033 4206 habitum
1089 4139 1221 4206 dat.
1315 4139 1596 4204 Relativi
1644 4139 2047 4224 pronominis
2117 4138 2503 4203 nominativi
2548 4146 2617 4203 et

325 4250 675 4314 accusativi
721 4248 943 4314 formae
987 4249 1245 4330 quoties
1292 4255 1359 4313 et
1404 4246 1487 4313 ab
1545 4247 1671 4312 hoc
1714 4247 1983 4312 librario
2030 4252 2097 4311 et
2140 4244 2225 4310 ab
2273 4245 2418 4311 aliis
2463 4267 2610 4329 per·

318 4363 666 4436 mutentur,
727 4356 853 4421 dici
900 4376 1063 4440 opus
1097 4378 1230 4421 non
1268 4364 1384 4421 est.
1466 4355 1763 4439 [Rectius
1799 4354 2204 4420 Perizonius:
2251 4353 2616 4437 ignarum

313 4460 511 4528 belli
557 4486 881 4547 quaeque
915 4465 990 4528 in
1045 4464 1213 4529 dies
1258 4463 1585 4531 fortuna
1629 4471 1749 4530 cet.
1794 4460 2002 4543 1864]
2079 4461 2329 4527 Deinde
2363 4462 2469 4527 hic
2504 4460 2537 4545 ἓ
2576 4467 2612 4527 5
