3230 5282
688 571 813 626 Lib.
851 570 921 624 11.
1806 558 1887 619 '78

689 744 857 809 Sunt
912 741 1211 827 quaedam
1269 742 1660 808 coniecturae
1717 763 1834 825 per
1880 763 1947 808 se
1993 741 2445 825 improbandae
2493 748 2561 808 et
2604 747 2823 808 tamen
2867 765 2994 809 non

688 852 899 935 inepti
943 850 1170 915 iudicii
1215 849 1553 931 indiceS.¹)

862 956 1020 1042 Cap.
1081 962 1190 1036 51,
1266 964 1293 1021 1
1368 958 1896 1024 emendationem
1951 980 1992 1023 a
2049 979 2152 1022 me
2221 958 2306 1022 ad
2364 956 2495 1023 Cic.
2554 959 2693 1023 Fin.
2752 980 2813 1041 p.
2875 962 2991 1022 531

691 1067 787 1150 [et
854 1073 1006 1131 ante
1074 1088 1115 1131 a
1182 1063 1512 1148 Creverio]
1583 1067 1995 1151 propositam
2077 1066 2344 1148 (quum
2420 1067 2584 1131 haec
2662 1073 2999 1149 accepta

689 1174 971 1239 clades
1031 1180 1156 1240 est
1211 1195 1330 1258 pro
1390 1174 1635 1256 esset)
1681 1173 2257 1239 Weissenbornius
2315 1180 2382 1238 et
2424 1174 2732 1240 Hertzius
2793 1174 2996 1239 secuti

691 1290 862 1347 sunt.
965 1281 1092 1348 Sed
1140 1280 1273 1346 alia
1318 1281 1476 1346 mihi
1522 1282 1588 1345 in
1635 1281 1761 1346 hoc
1807 1282 2024 1365 capite
2071 1282 2317 1347 multos
2362 1283 2494 1347 iam
2541 1303 2750 1347 annos
2796 1282 3002 1347 haeret

688 1393 753 1455 in
814 1391 1033 1455 animo
1096 1391 1419 1473 suspici0,
1500 1411 1701 1474 quam
1770 1390 2081 1474 quoniam
2151 1388 2379 1453 sedare
2447 1394 2514 1454 et
2580 1389 2813 1454 eiicere
2870 1411 3002 1455 non

688 1501 903 1584 potui,
973 1518 1305 1583 promam,
1376 1496 1489 1562 sed
1560 1497 1915 1562 subtimide
1985 1518 2105 1561 nec
2162 1503 2238 1562 ut
2294 1518 2442 1561 cum
2505 1497 2768 1574 ceteriS,
2839 1516 3004 1580 quas

689 1628 1021 1692 propon0‚
1119 1606 1513 1670 coniecturis
1594 1626 1866 1689 prorsus
1947 1604 2179 1670 eodem
2257 1604 2405 1669 loco
2485 1603 2712 1669 haberi
2790 1603 3002 1668 velim.

688 1715 856 1780 Nam
906 1713 1088 1799 quod
1133 1710 1166 1794 ξ
1213 1718 1253 1776 4
1300 1713 1607 1778 Veientes
1659 1712 1965 1778 dicuntur
2010 1711 2233 1777 velut
2278 1712 2371 1777 ab
2420 1733 2602 1776 arce
2648 1711 3004 1776 Ianiculi

690 1823 992 1906 passim
1059 1822 1137 1885 in
1207 1822 1645 1885 Romanum
1716 1842 1992 1903 agrum
2059 1822 2413 1903 impetus
2484 1819 2845 1898 dedisse,
2915 1819 3004 1898 id,

692 1932 1005 2014 quoniam
1074 1949 1308 2012 reapse
1363 1928 1546 1992 nulla
1602 1927 1728 1992 fuit
1784 1927 2060 1992 Ianiculi
2120 1949 2267 2005 arx,
2338 1926 2666 2010 quomodo
2714 1927 3006 2016 intellegi

691 2039 956 2118 debeat,
1027 2036 1379 2103 obscurum
1447 2057 1577 2101 non
1649 2042 1765 2099 est.
1878 2033 2008 2099 Sed
2077 2057 2199 2119 pro
2260 2056 2381 2115 eo,
2450 2033 2631 2117 quod
2688 2041 2817 2100 est:
2903 2034 3003 2099 ab

692 2145 1069 2210 Ianiculo
1149 2144 1375 2208 velut
1455 2144 1549 2208 ab
1632 2163 1850 2221 arce,
1933 2143 2276 2207 dicaturne
2352 2143 2578 2207 velut
2656 2142 2751 2207 ab
2821 2163 3007 2207 arce

691 2252 1052 2319 Ianiculi
1110 2251 1312 2334 (quod
1371 2252 1580 2333 magis
1630 2250 1901 2316 alterius
1945 2250 2075 2315 loci
2123 2272 2265 2315 cum
2314 2271 2464 2316 arce
2510 2249 2786 2315 Ianiculi
2831 2271 3009 2316 oom-

692 2361 1108 2446 parationem
1168 2357 1535 2441 significare
1592 2357 1912 2441 videtur),
1981 2380 2109 2423 non
2166 2359 2406 2423 iniuria
2464 2357 2754 2422 dubitari
2808 2378 3010 2442 posse

696 2468 911 2534 credo.
1015 2467 1251 2550 Itaque
1296 2465 1649 2530 videndum
1694 2472 1879 2549 puto,
1936 2488 2019 2531 ne
2063 2466 2285 2532 Livius
2331 2466 2458 2531 hoc
2500 2465 2648 2531 loco
2696 2464 3009 2549 loquendi

553 2582 658 2654 (64)
696 2574 906 2641 forma
959 2595 1122 2639 usus
1167 2574 1255 2639 sit
1302 2573 1476 2658 apud
1526 2572 1793 2640 Graecos
1840 2575 1907 2639 in
1952 2574 2284 2659 particula
2330 2580 2421 2646 ὡς,
2479 2581 2656 2656 ὥςπερ
2701 2571 3008 2659 frequen-

688 2686 982 2760 tissima,
1052 2703 1182 2766 qua
1251 2683 1592 2766 praemisso
1665 2703 1811 2746 cum
1867 2684 2329 2768 praepositione
2386 2683 2634 2748 nomini
2692 2683 2833 2746 eius
2889 2683 3009 2761 rei,

691 2813 833 2874 quae
880 2790 1309 2875 comparandi
1357 2811 1560 2855 causa
1606 2791 1894 2875 ponitur,
1940 2811 2179 2856 nomen
2225 2792 2364 2855 eius
2409 2791 2523 2868 rei,
2574 2789 2654 2853 de
2690 2810 2824 2872 qua
2855 2810 3010 2854 vere

692 2902 940 2983 agitur,
998 2900 1136 2963 sine
1194 2899 1661 2982 praepositione
1720 2898 2101 2981 adiungitur
2146 2897 2364 2980 (ὥσπερ
2410 2908 2467 2966 ἐξ
2513 2902 2857 2978 ἀκροπόλεως
2901 2897 3008 2962 vel

690 3015 873 3090 ὥσπερ
920 3018 978 3076 ἐξ
1021 3014 1280 3088 ἐρύματος
1328 3015 1421 3068 τοῦ
1463 3005 1808 3087 Ἰανικόλου),
1859 3006 2360 3089 scripseritque:
2408 3004 2633 3070 velut
2678 3005 2773 3070 ab
2820 3027 3012 3070 arce

689 3115 1058 3181 Ianiculo
1108 3114 1338 3180 eodem
1386 3113 1759 3197 significatu
1806 3134 1885 3178 ac
1932 3114 1987 3178 si
2034 3113 2434 3197 scripsisset:
2485 3112 2580 3177 ab
2629 3113 3011 3179 Ianiculo

688 3224 915 3289 velut
991 3222 1143 3305 (ab)
1226 3242 1428 3286 arce.
1553 3221 1659 3287 Sic
1741 3222 1912 3286 enim
1992 3219 2318 3285 interdum
2387 3221 2659 3285 Latinos
2741 3222 3012 3304 optimae

690 3333 905 3398 aetatis
974 3332 1330 3413 scriptores
1393 3328 1669 3406 dixisse,
1737 3335 1814 3393 ut
1868 3350 2002 3394 non
2056 3328 2309 3407 multis,
2378 3329 2474 3393 ita
2531 3330 2729 3393 certis
2785 3336 3014 3394 tamen

691 3439 1005 3522 exemplis
1073 3437 1332 3501 ostendi
1400 3442 1656 3518 potest;
1737 3436 2297 3520 opportunissima
2362 3442 2586 3501 autem
2654 3437 3010 3501 mutationi

691 3552 835 3611 erat
911 3545 1126 3626 figura
1191 3545 1455 3607 minime
1522 3550 1898 3626 pervagata.
2029 3541 2258 3608 Cicero
2315 3544 2504 3609 Tusc.
2553 3544 2638 3623 V,
2709 3548 2817 3622 32,
2892 3548 3013 3608 90:

693 3653 955 3730 Quare
1010 3658 1101 3716 ut
1159 3650 1255 3715 ad
1314 3650 1681 3732 quietum
1725 3672 1840 3716 me
1886 3652 2196 3729 venias,
2255 3650 2382 3717 hoc
2427 3658 2558 3731 est,
2616 3650 2712 3715 ad
2759 3673 2872 3716 me
2919 3660 3015 3716 ut

696 3760 847 3841 (ad)
927 3761 1289 3842 quietum
1369 3757 1466 3838 (ὥς
1545 3765 1684 3840 πρὸς
1765 3766 1967 3835 σχολὴν
2034 3764 2237 3840 ἄγοντά
2300 3785 2394 3837 με,
2475 3779 2870 3843 quamquam
2936 3761 3014 3825 in

694 3867 960 3947 Graecis,
1019 3888 1164 3951 quae
1213 3863 1440 3930 Cicero
1489 3868 1705 3944 vertit,
1763 3866 1963 3950 paulo
2013 3865 2348 3931 diductius
2397 3867 2737 3932 scribitur:
2799 3874 2868 3938 ὥς
2912 3866 3017 3930 οὖν

752 4086 795 4150 “)
839 4083 1095 4153 [Prorsus
1124 4085 1357 4140 eandem
1386 4085 1726 4140 sententiam
1757 4085 1826 4138 de
1844 4084 1931 4138 his
1950 4084 2141 4140 Fabiis
2158 4086 2352 4155 posuit
2371 4084 2622 4152 Ovidius,
2653 4084 2815 4138 Livio
2837 4090 3018 4139 aetate

831 4187 1063 4239 suppar,
1107 4169 1261 4224 Fast.
1298 4171 1378 4239 11,
1425 4172 1549 4224 200:
1600 4187 1630 4222 e
1677 4172 1824 4239 quis
1871 4170 2002 4223 dux
2049 4169 2205 4224 fieri
2252 4170 2546 4238 quilibet
2591 4175 2791 4239 aptus
2841 4175 3015 4224 erat.

831 4255 1114 4309 Habuitne
1152 4272 1184 4307 a
1218 4256 1377 4310 Livio
1415 4276 1487 4312 an
1526 4261 1760 4324 uterque
1797 4257 1867 4310 ab
1907 4255 2093 4324 aliquo
2132 4256 2488 4324 antiquiore?
2547 4254 2684 4324 Quae
2721 4255 3014 4308 Weissen-

832 4339 1069 4393 bornius
1125 4340 1196 4394 ad
1246 4342 1528 4410 vulgatam
1585 4342 1923 4410 scripturam
1978 4341 2244 4396 tuendam
2293 4340 2478 4408 affert,
2532 4340 2619 4394 vel
2657 4340 2790 4394 solae
2836 4356 3018 4395 voces

836 4425 1265 4494 quibuslibet
1301 4430 1358 4478 et
1395 4428 1711 4495 egregius
1749 4424 2050 4493 evertunt-1
