3230 5282
1403 610 1527 672 275
2110 592 2115 599 ’
2314 625 2440 680 Lib.
2476 626 2625 680 xm.

321 798 543 874 parata
614 800 682 858 et
744 793 1047 858 homines
1103 814 1224 876 per
1279 793 1584 877 speculas
1645 794 1987 879 dispositi3
2052 797 2281 881 itaque
2341 819 2460 880 pro
2522 800 2630 863 si·

320 899 485 964 mili
527 920 662 965 non
708 900 935 966 missi
983 900 1439 981 scribendum,
1497 910 1575 966 ut
1633 923 1781 968 cum
1839 906 2109 969 teneri
2168 906 2624 989 coniungatur,

318 1008 426 1072 sed
489 1009 799 1088 missis,
863 1014 939 1072 ut
1004 1029 1155 1072 cum
1212 1008 1490 1074 edicto
1553 1013 2006 1094 proposito.
2118 1012 2287 1077 Nam
2346 1014 2629 1078 missis

317 1122 425 1179 aut
465 1117 704 1182 missi
751 1115 1019 1182 subesse
1064 1121 1133 1180 et
1176 1115 1261 1181 ab
1307 1115 1598 1201 Itaque
1645 1138 1883 1183 novam
1926 1120 2275 1203 periodum
2317 1121 2627 1206 incipere,

313 1224 728 1307 perspicuum
794 1230 917 1288 est.
1040 1223 1250 1289 Totus
1328 1225 1530 1305 igitur
1607 1224 1797 1291 locus
1865 1228 1960 1292 sic
2030 1228 2422 1294 scribendus
2491 1236 2626 1295 est:

315 1329 730 1416 Extemplo
793 1338 874 1397 et
929 1350 967 1392 a
1012 1338 1335 1413 prat-rc
1394 1331 1600 1395 cirea
1658 1332 2028 1397 civitates
2084 1336 2319 1400 missi
2373 1335 2626 1419 legati

314 1438 971 1523 tribunique‚q=i
1006 1460 1193 1504 suos
1228 1439 1326 1503 ad
1356 1460 1626 1505 curam
1655 1441 2046 1507 custodiae
2082 1443 2626 1544 intenderent,

312 1553 375 1608 et
417 1554 604 1611 ante
657 1546 924 1611 omnia
957 1545 1397 1631 Lilybaeum
1444 1548 1712 1613 teneri
1751 1548 2220 1633 (strepere?)
2256 1559 2624 1631 apparat·

311 1652 502 1733 (Mni.
550 1658 611 1733 2,
661 1653 729 1735 3)
775 1653 1009 1734 belli,
1067 1654 1339 1720 edicto
1385 1657 1843 1740 proposito,
1899 1663 1989 1721 ut
2034 1658 2241 1722 socii
2285 1659 2626 1724 navales

310 1759 575 1826 decem
613 1760 924 1826 dierum
971 1768 1207 1827 cocta
1245 1763 1566 1828 cibaria
1600 1764 1701 1828 ad
1733 1785 1978 1832 naves
2016 1763 2453 1845 deferrent,
2487 1766 2624 1830 ubi

311 1869 626 1951 signum
672 1868 945 1933 datum
984 1876 1230 1959 esset,
1275 1890 1372 1934 ne
1418 1869 1598 1946 qnid
1637 1870 1854 1953 (codd.
1878 1870 2076 1954 recc.)
2113 1894 2411 1938 moram
2451 1895 2625 1938 con-

309 1976 754 2043 scendendi
799 1976 1138 2057 faceret,
1186 1997 1496 2061 perque
1545 1999 1844 2044 omnem
1879 1999 2114 2059 oram,
2152 1981 2285 2062 qui
2332 2000 2422 2045 ex
2458 2002 2625 2064 spe-

307 2083 514 2149 culis
571 2084 1160 2169 prospicerent
1213 2084 1792 2151 adventantem
1850 2086 2209 2152 hostium
2255 2088 2621 2167 classem,

309 2190 573 2256 niuis.
671 2190 743 2274 [a
786 2198 1004 2275 praet.
1054 2192 1282 2256 circa
1356 2193 1576 2257 civit.
1626 2195 1827 2258 etiam
1870 2194 2236 2260 Weissenb.
2285 2194 2464 2279 apud
2508 2195 2620 2260 Al-

308 2297 755 2381 schefskium]
824 2298 1001 2363 Illud
1036 2299 1234 2378 addo,
1270 2305 1351 2363 et
1382 2306 1535 2384 post
1568 2299 2104 2367 intenderent
2137 2301 2456 2368 excidisse
2490 2326 2623 2368 non

306 2405 706 2490 infrequenti
763 2406 1057 2490 exemplo
1116 2407 1300 2490 (post
1355 2413 1471 2487 nt;
1532 2408 1647 2473 cfr.
1705 2407 1796 2487 X,
1853 2413 1968 2489 21,
2029 2414 2085 2489 6,
2133 2409 2375 2489 XXIV,
2422 2417 2481 2491 4,
2530 2410 2617 2493 5),

306 2522 447 2594 post
526 2511 963 2581 deferrent
1038 2513 1339 2580 additum
1417 2536 1590 2595 esse,
1674 2516 1855 2600 quod
1922 2519 2400 2583 sententiarum
2468 2539 2621 2583 con·
2722 2557 2727 2561 ·

307 2620 553 2688 iunctio
626 2644 757 2686 non
824 2621 1554 2706 animadverteretur.¹)
1665 2622 1892 2690 Potuit
1949 2624 2151 2690 etiam
2207 2626 2435 2692 scribi:
2504 2633 2616 2706 ut,

307 2728 433 2794 ubi
476 2766 585 2810 —,
635 2751 730 2794 ne
776 2730 970 2814 quid
1016 2737 1137 2795 cet.

468 2837 632 2926 Cap.
678 2842 777 2917 51,
824 2841 862 2901 3
909 2844 979 2902 et
1023 2844 1089 2902 4:
1139 2860 1283 2903 nec
1328 2840 1753 2922 quisquam
1798 2839 2165 2905 hostium
2214 2842 2439 2908 circa
2483 2864 2617 2909 eas

309 2944 628 3012 insulas
675 2944 1008 3027 (Vulcani)
1054 2946 1463 3027 inventus3
1519 2948 1671 3012 iam
1715 2947 1936 3012 forte
1982 2951 2619 3014 transmiserant

308 3053 399 3117 ad
460 3052 952 3119 vastandam
1018 3052 1284 3118 I·taliae
1354 3076 1589 3120 oram.
1715 3054 2147 3130 Scribendum
2214 3077 2356 3130 esse
2421 3078 2617 3137 nam,

307 3159 516 3243 ipsum
589 3159 978 3225 adverbium
1050 3159 1084 3223 f
1092 3183 1129 3224 o
1143 3167 1273 3226 rte
1331 3161 1768 3243 demonstrat,
1839 3162 2017 3247 quod
2069 3183 2209 3227 rem
2268 3183 2425 3228 casu
2478 3162 2616 3229 fac-

304 3273 463 3349 tam,
540 3288 676 3333 non
746 3268 1001 3336 consilii
1070 3275 1225 3333 ante
1295 3270 1474 3353 capti
1540 3272 2031 3335 exsecutionem
2098 3269 2456 3354 significat,
2535 3273 2616 3337 de

305 3395 432 3457 qua
484 3375 635 3449 sola
692 3376 851 3459 poni
910 3377 1066 3440 iam
1110 3382 1405 3459 poterat3
1474 3379 1598 3442 etsi
1644 3378 1747 3442 vel
1794 3379 1889 3442 sic
1936 3378 2159 3444 Livius
2207 3379 2614 3462 scripsisset:

305 3481 448 3546 iam
492 3483 722 3548 enim.

469 3588 633 3672 Cap.
682 3592 794 3668 52,
855 3595 926 3654 9:
995 3589 1524 3675 Sempronius
1569 3627 1657 3638 —-
1702 3593 2098 3658 censebat
2142 3615 2313 3659 cum
2360 3594 2614 3661 colle-

307 3715 470 3776 gam
515 3702 1040 3763 cunctantem
1087 3699 1544 3782 equitatum
1591 3722 1815 3764 suum
1857 3735 1943 3744 —-
1986 3702 2265 3766 mittit.
2343 3702 2445 3766 Ex
2488 3702 2615 3768 hac
2708 3765 2715 3772 .

307 3805 630 3888 scriptura
672 3804 922 3869 factum
969 3813 1147 3871 erat:
1208 3806 1402 3871 Tum
1458 3807 1779 3891 collega
1836 3815 2310 3889 cunctante,
2368 3812 2614 3875 incom-

307 3910 494 3975 moda
551 3914 869 3996 temporis
913 3915 1274 3980 notatione.
1377 3915 1581 3979 Recte
1627 3913 1972 3997 Ussingius
2020 3918 2254 3997 sensit,
2320 3918 2614 3984 scriben-

308 4017 452 4083 dum
498 4026 792 4084 tantum:
841 4017 1183 4104 Collega
1227 4029 1683 4087 cunctante.
1758 4022 2004 4105 (1862.)
2083 4023 2249 4088 Tum
2295 4023 2327 4107 ἓ
2377 4030 2456 4089 10
2491 4046 2612 4109 pro

307 4145 397 4204 eo,
440 4126 618 4209 quod
663 4127 926 4193 codices
973 4135 1041 4193 et
1086 4129 1408 4194 editiones
1454 4129 1732 4194 habent:
1803 4130 2049 4214 Spars
2066 4154 2103 4197 o
2120 4154 2150 4197 s
2197 4139 2275 4197 et
2318 4115 2611 4198 incom-

360 4309 403 4377 ¹)
438 4311 576 4367 Haec
628 4313 807 4368 totius
862 4315 978 4368 loci
1034 4314 1354 4369 emendatio
1410 4315 1523 4368 iam
1579 4316 1732 4385 apud
1766 4317 2169 4386 Ingerslevium
2216 4318 2474 4386 exposita
2509 4322 2612 4384 est,

435 4398 546 4452 nisi
583 4398 852 4468 quodibi
889 4398 969 4453 ad
1004 4406 1416 4468 apparatum
1454 4400 1627 4454 belli
1664 4401 1899 4457 edicto
1927 4402 2302 4472 proposito
2333 4402 2605 4456 scribitur.

434 4482 545 4538 Pro
581 4484 812 4538 simili
848 4484 1344 4540 Weissenbornius
1379 4487 1570 4555 posuit
1605 4488 1807 4542 missi
1843 4505 1877 4542 a
1911 4505 1971 4543 se
2008 4489 2314 4544 inventum.

573 4589 576 4592 ·
2050 4573 2145 4627 18*
