<?xml version="1.0" encoding="UTF-8"?>
<!DOCTYPE html PUBLIC "-//W3C//DTD XHTML 1.0 Transitional//EN"
    "http://www.w3.org/TR/xhtml1/DTD/xhtml1-transitional.dtd">
<html xmlns="http://www.w3.org/1999/xhtml" xml:lang="en" lang="en">
 <head>
  <title>
</title>
<meta http-equiv="Content-Type" content="text/html;charset=utf-8" />
  <meta name='ocr-system' content='tesseract 3.04.00' />
  <meta name='ocr-capabilities' content='ocr_page ocr_carea ocr_par ocr_line ocrx_word'/>
</head>
<body>
  <div class='ocr_page' id='page_1' title='image "./emendationesliv03madvgoog_0244.png"; bbox 0 0 3230 5282; ppageno 0'>
   <div class='ocr_carea' id='block_1_1' title="bbox 588 635 1811 703">
    <p class='ocr_par' dir='ltr' id='par_1_1' title="bbox 588 635 1811 703">
     <span class='ocr_line' id='line_1_1' title="bbox 588 635 1811 703; baseline -0.004 -1"><span class='ocrx_word' id='word_1_1' title='bbox 588 647 713 703; x_wconf 86' lang='lat' dir='ltr'><strong>Lib.</strong></span> <span class='ocrx_word' id='word_1_2' title='bbox 749 646 816 702; x_wconf 84' lang='lat' dir='ltr'><strong>X.</strong></span> <span class='ocrx_word' id='word_1_3' title='bbox 1684 635 1811 697; x_wconf 85' lang='lat'><strong>234</strong></span> 
     </span>
    </p>
   </div>
   <div class='ocr_carea' id='block_1_2' title="bbox 513 818 2918 4470">
    <p class='ocr_par' dir='ltr' id='par_1_2' title="bbox 513 818 2918 4031">
     <span class='ocr_line' id='line_1_2' title="bbox 591 818 2913 904; baseline 0.001 -20"><span class='ocrx_word' id='word_1_4' title='bbox 591 819 792 899; x_wconf 87' lang='lat' dir='ltr'><strong>bitur,</strong></span> <span class='ocrx_word' id='word_1_5' title='bbox 837 818 940 884; x_wconf 90' lang='lat' dir='ltr'><strong>his</strong></span> <span class='ocrx_word' id='word_1_6' title='bbox 990 819 1236 885; x_wconf 83' lang='lat' dir='ltr'><strong>verbis:</strong></span> <span class='ocrx_word' id='word_1_7' title='bbox 1296 826 1375 885; x_wconf 93' lang='lat' dir='ltr'><strong>et</strong></span> <span class='ocrx_word' id='word_1_8' title='bbox 1418 820 1751 885; x_wconf 90' lang='lat' dir='ltr'><strong>deorum</strong></span> <span class='ocrx_word' id='word_1_9' title='bbox 1796 818 2046 884; x_wconf 91' lang='lat' dir='ltr'><strong>etiam</strong></span> <span class='ocrx_word' id='word_1_10' title='bbox 2091 818 2649 885; x_wconf 75' lang='lat' dir='ltr'>adhibuerant</span> <span class='ocrx_word' id='word_1_11' title='bbox 2693 840 2913 904; x_wconf 50' lang='lat' dir='ltr'><strong>opem</strong></span> 
     </span>
     <span class='ocr_line' id='line_1_3' title="bbox 591 926 2915 1010; baseline 0.001 -19"><span class='ocrx_word' id='word_1_12' title='bbox 591 928 757 991; x_wconf 92' lang='lat' dir='ltr'><strong>ritu</strong></span> <span class='ocrx_word' id='word_1_13' title='bbox 834 926 1185 1010; x_wconf 89' lang='lat' dir='ltr'><strong>quodam</strong></span> <span class='ocrx_word' id='word_1_14' title='bbox 1262 927 1761 993; x_wconf 79' lang='lat' dir='ltr'>sacramenti</span> <span class='ocrx_word' id='word_1_15' title='bbox 1838 933 2168 992; x_wconf 86' lang='lat' dir='ltr'><strong>vetusto</strong></span> <span class='ocrx_word' id='word_1_16' title='bbox 2234 927 2466 992; x_wconf 84' lang='lat' dir='ltr'><strong>velut</strong></span> <span class='ocrx_word' id='word_1_17' title='bbox 2527 928 2915 993; x_wconf 86' lang='lat' dir='ltr'><strong>initiatis</strong></span> 
     </span>
     <span class='ocr_line' id='line_1_4' title="bbox 589 1033 2916 1120; baseline 0.001 -20"><span class='ocrx_word' id='word_1_18' title='bbox 589 1035 1016 1101; x_wconf 83' lang='lat' dir='ltr'><strong>militibus.</strong></span> <span class='ocrx_word' id='word_1_19' title='bbox 1142 1035 1397 1102; x_wconf 81' lang='lat' dir='ltr'><strong>Deinde</strong></span> <span class='ocrx_word' id='word_1_20' title='bbox 1475 1036 1692 1120; x_wconf 85' lang='lat' dir='ltr'><strong>ipsam</strong></span> <span class='ocrx_word' id='word_1_21' title='bbox 1767 1035 1866 1100; x_wconf 90' lang='lat' dir='ltr'><strong>rei</strong></span> <span class='ocrx_word' id='word_1_22' title='bbox 1946 1033 2453 1119; x_wconf 81' lang='lat' dir='ltr'><strong>descriptionem</strong></span> <span class='ocrx_word' id='word_1_23' title='bbox 2520 1037 2616 1101; x_wconf 90' lang='lat' dir='ltr'><strong>sic</strong></span> <span class='ocrx_word' id='word_1_24' title='bbox 2682 1036 2916 1102; x_wconf 86' lang='lat' dir='ltr'><strong>Livius</strong></span> 
     </span>
     <span class='ocr_line' id='line_1_5' title="bbox 594 1140 2918 1228; baseline 0 -19"><span class='ocrx_word' id='word_1_25' title='bbox 594 1143 882 1209; x_wconf 85' lang='lat' dir='ltr'><strong>orditur:</strong></span> <span class='ocrx_word' id='word_1_26' title='bbox 965 1143 1301 1209; x_wconf 88' lang='lat' dir='ltr'><strong>Dilectu</strong></span> <span class='ocrx_word' id='word_1_27' title='bbox 1367 1165 1512 1228; x_wconf 87' lang='lat' dir='ltr'><strong>per</strong></span> <span class='ocrx_word' id='word_1_28' title='bbox 1579 1164 1806 1209; x_wconf 93' lang='lat' dir='ltr'><strong>omne</strong></span> <span class='ocrx_word' id='word_1_29' title='bbox 1876 1140 2284 1208; x_wconf 87' lang='lat' dir='ltr'><strong>Samnium</strong></span> <span class='ocrx_word' id='word_1_30' title='bbox 2348 1142 2636 1208; x_wconf 91' lang='lat' dir='ltr'><strong>habito</strong></span> <span class='ocrx_word' id='word_1_31' title='bbox 2704 1166 2918 1210; x_wconf 83' lang='lat' dir='ltr'><strong>nova</strong></span> 
     </span>
     <span class='ocr_line' id='line_1_6' title="bbox 588 1250 2916 1334; baseline -0 -18"><span class='ocrx_word' id='word_1_32' title='bbox 588 1251 794 1334; x_wconf 85' lang='lat' dir='ltr'><strong>lege,</strong></span> <span class='ocrx_word' id='word_1_33' title='bbox 850 1257 956 1332; x_wconf 91' lang='lat' dir='ltr'><strong>ut,</strong></span> <span class='ocrx_word' id='word_1_34' title='bbox 1003 1252 1141 1334; x_wconf 91' lang='lat' dir='ltr'><strong>qui</strong></span> <span class='ocrx_word' id='word_1_35' title='bbox 1185 1252 1593 1317; x_wconf 91' lang='lat' dir='ltr'><strong>iuniorum</strong></span> <span class='ocrx_word' id='word_1_36' title='bbox 1637 1272 1794 1316; x_wconf 92' lang='lat' dir='ltr'><strong>non</strong></span> <span class='ocrx_word' id='word_1_37' title='bbox 1842 1252 2378 1317; x_wconf 86' lang='lat' dir='ltr'><strong>convenisset</strong></span> <span class='ocrx_word' id='word_1_38' title='bbox 2422 1250 2518 1315; x_wconf 91' lang='lat' dir='ltr'><strong>ad</strong></span> <span class='ocrx_word' id='word_1_39' title='bbox 2561 1251 2916 1334; x_wconf 84' lang='lat' dir='ltr'><strong>impera-</strong></span> 
     </span>
     <span class='ocr_line' id='line_1_7' title="bbox 590 1358 2916 1444; baseline 0.001 -22"><span class='ocrx_word' id='word_1_40' title='bbox 590 1364 851 1425; x_wconf 85' lang='lat' dir='ltr'><strong>torum</strong></span> <span class='ocrx_word' id='word_1_41' title='bbox 898 1360 1272 1439; x_wconf 88' lang='lat' dir='ltr'><strong>edictum,</strong></span> <span class='ocrx_word' id='word_1_42' title='bbox 1319 1360 1619 1444; x_wconf 87' lang='lat' dir='ltr'><strong>quique</strong></span> <span class='ocrx_word' id='word_1_43' title='bbox 1664 1359 1992 1424; x_wconf 90' lang='lat' dir='ltr'><strong>iniussu</strong></span> <span class='ocrx_word' id='word_1_44' title='bbox 2036 1358 2382 1439; x_wconf 89' lang='lat' dir='ltr'><strong>abisset,</strong></span> <span class='ocrx_word' id='word_1_45' title='bbox 2444 1366 2694 1443; x_wconf 90' lang='lat' dir='ltr'><strong>caput</strong></span> <span class='ocrx_word' id='word_1_46' title='bbox 2736 1359 2916 1424; x_wconf 85' lang='lat' dir='ltr'><strong>Iovi</strong></span> 
     </span>
     <span class='ocr_line' id='line_1_8' title="bbox 591 1466 2917 1557; baseline -0 -25"><span class='ocrx_word' id='word_1_47' title='bbox 591 1473 1006 1557; x_wconf 85' lang='lat' dir='ltr'><strong>sacratum</strong></span> <span class='ocrx_word' id='word_1_48' title='bbox 1075 1473 1286 1547; x_wconf 85' lang='lat' dir='ltr'><strong>erat3</strong></span> <span class='ocrx_word' id='word_1_49' title='bbox 1353 1473 1520 1531; x_wconf 88' lang='lat' dir='ltr'><strong>tum</strong></span> <span class='ocrx_word' id='word_1_50' title='bbox 1587 1467 2004 1532; x_wconf 84' lang='lat' dir='ltr'><strong>exercitus</strong></span> <span class='ocrx_word' id='word_1_51' title='bbox 2061 1468 2318 1532; x_wconf 91' lang='lat' dir='ltr'><strong>omnis</strong></span> <span class='ocrx_word' id='word_1_52' title='bbox 2372 1466 2917 1552; x_wconf 88' lang='lat' dir='ltr'><strong>Aquiloniam</strong></span> 
     </span>
     <span class='ocr_line' id='line_1_9' title="bbox 590 1573 2916 1660; baseline -0 -19"><span class='ocrx_word' id='word_1_53' title='bbox 590 1582 718 1641; x_wconf 89' lang='lat' dir='ltr'><strong>est</strong></span> <span class='ocrx_word' id='word_1_54' title='bbox 771 1576 1160 1640; x_wconf 88' lang='lat' dir='ltr'><strong>indictus.</strong></span> <span class='ocrx_word' id='word_1_55' title='bbox 1271 1575 1412 1639; x_wconf 92' lang='lat' dir='ltr'><strong>Iam</strong></span> <span class='ocrx_word' id='word_1_56' title='bbox 1459 1581 1773 1660; x_wconf 90' lang='lat' dir='ltr'><strong>apparet,</strong></span> <span class='ocrx_word' id='word_1_57' title='bbox 1833 1574 2146 1640; x_wconf 89' lang='lat' dir='ltr'><strong>mendum</strong></span> <span class='ocrx_word' id='word_1_58' title='bbox 2188 1574 2383 1654; x_wconf 90' lang='lat' dir='ltr'><strong>illud,</strong></span> <span class='ocrx_word' id='word_1_59' title='bbox 2441 1573 2616 1658; x_wconf 90' lang='lat' dir='ltr'><strong>quod</strong></span> <span class='ocrx_word' id='word_1_60' title='bbox 2661 1576 2731 1639; x_wconf 93' lang='lat' dir='ltr'><strong>in</strong></span> <span class='ocrx_word' id='word_1_61' title='bbox 2785 1597 2916 1640; x_wconf 90' lang='lat' dir='ltr'><strong>sa-</strong></span> 
     </span>
     <span class='ocr_line' id='line_1_10' title="bbox 589 1682 2914 1767; baseline 0 -19"><span class='ocrx_word' id='word_1_62' title='bbox 589 1690 907 1748; x_wconf 87' lang='lat' dir='ltr'><strong>cratum</strong></span> <span class='ocrx_word' id='word_1_63' title='bbox 952 1690 1132 1748; x_wconf 89' lang='lat' dir='ltr'><strong>erat</strong></span> <span class='ocrx_word' id='word_1_64' title='bbox 1177 1683 1439 1762; x_wconf 89' lang='lat' dir='ltr'><strong>eminet,</strong></span> <span class='ocrx_word' id='word_1_65' title='bbox 1497 1683 1829 1748; x_wconf 83' lang='lat' dir='ltr'><strong>levissima</strong></span> <span class='ocrx_word' id='word_1_66' title='bbox 1873 1683 2121 1765; x_wconf 86' lang='lat' dir='ltr'><strong>Sigonii</strong></span> <span class='ocrx_word' id='word_1_67' title='bbox 2165 1682 2675 1767; x_wconf 79' lang='lat' dir='ltr'><strong>interpolatione</strong></span> <span class='ocrx_word' id='word_1_68' title='bbox 2723 1682 2914 1766; x_wconf 87' lang='lat' dir='ltr'><strong>(sac.</strong></span> 
     </span>
     <span class='ocr_line' id='line_1_11' title="bbox 589 1790 2916 1876; baseline 0 -20"><span class='ocrx_word' id='word_1_69' title='bbox 589 1791 831 1873; x_wconf 89' lang='lat' dir='ltr'><strong>esset)</strong></span> <span class='ocrx_word' id='word_1_70' title='bbox 886 1791 996 1855; x_wconf 86' lang='lat' dir='ltr'><strong>vix</strong></span> <span class='ocrx_word' id='word_1_71' title='bbox 1049 1798 1369 1876; x_wconf 86' lang='lat' dir='ltr'><strong>tanquam</strong></span> <span class='ocrx_word' id='word_1_72' title='bbox 1423 1790 1754 1875; x_wconf 84' lang='lat' dir='ltr'><strong>pellucido</strong></span> <span class='ocrx_word' id='word_1_73' title='bbox 1810 1791 1953 1856; x_wconf 84' lang='lat' dir='ltr'><strong>velo</strong></span> <span class='ocrx_word' id='word_1_74' title='bbox 2003 1790 2498 1871; x_wconf 89' lang='lat' dir='ltr'><strong>obumbratum,</strong></span> <span class='ocrx_word' id='word_1_75' title='bbox 2566 1793 2916 1875; x_wconf 89' lang='lat' dir='ltr'><strong>pertinere</strong></span> 
     </span>
     <span class='ocr_line' id='line_1_12' title="bbox 589 1897 2918 1983; baseline 0.001 -20"><span class='ocrx_word' id='word_1_76' title='bbox 589 1900 790 1963; x_wconf 90' lang='lat' dir='ltr'><strong>etiam</strong></span> <span class='ocrx_word' id='word_1_77' title='bbox 849 1900 935 1963; x_wconf 91' lang='lat' dir='ltr'><strong>ad</strong></span> <span class='ocrx_word' id='word_1_78' title='bbox 993 1905 1189 1980; x_wconf 91' lang='lat' dir='ltr'><strong>tum;</strong></span> <span class='ocrx_word' id='word_1_79' title='bbox 1256 1921 1472 1983; x_wconf 90' lang='lat' dir='ltr'><strong>neque</strong></span> <span class='ocrx_word' id='word_1_80' title='bbox 1532 1901 1704 1964; x_wconf 90' lang='lat' dir='ltr'><strong>enim</strong></span> <span class='ocrx_word' id='word_1_81' title='bbox 1758 1898 1887 1964; x_wconf 91' lang='lat' dir='ltr'><strong>hoc</strong></span> <span class='ocrx_word' id='word_1_82' title='bbox 1943 1899 2092 1964; x_wconf 91' lang='lat' dir='ltr'><strong>loco</strong></span> <span class='ocrx_word' id='word_1_83' title='bbox 2153 1897 2361 1963; x_wconf 93' lang='lat' dir='ltr'><strong>ullum</strong></span> <span class='ocrx_word' id='word_1_84' title='bbox 2420 1898 2743 1964; x_wconf 88' lang='lat' dir='ltr'><strong>eiusmodi</strong></span> <span class='ocrx_word' id='word_1_85' title='bbox 2809 1906 2918 1965; x_wconf 91' lang='lat' dir='ltr'><strong>est</strong></span> 
     </span>
     <span class='ocr_line' id='line_1_13' title="bbox 513 2006 2915 2091; baseline 0.002 -21"><span class='ocrx_word' id='word_1_86' title='bbox 513 2040 521 2045; x_wconf 89' lang='lat'>-</span> <span class='ocrx_word' id='word_1_87' title='bbox 585 2007 656 2070; x_wconf 94' lang='lat' dir='ltr'><strong>in</strong></span> <span class='ocrx_word' id='word_1_88' title='bbox 720 2008 1039 2091; x_wconf 88' lang='lat' dir='ltr'><strong>temporis</strong></span> <span class='ocrx_word' id='word_1_89' title='bbox 1106 2008 1445 2072; x_wconf 85' lang='lat' dir='ltr'><strong>notatione</strong></span> <span class='ocrx_word' id='word_1_90' title='bbox 1515 2007 1834 2073; x_wconf 89' lang='lat' dir='ltr'><strong>orationis</strong></span> <span class='ocrx_word' id='word_1_91' title='bbox 1892 2006 2185 2090; x_wconf 79' lang='lat' dir='ltr'><strong>ponduS‚</strong></span> <span class='ocrx_word' id='word_1_92' title='bbox 2256 2012 2333 2071; x_wconf 93' lang='lat' dir='ltr'><strong>ut</strong></span> <span class='ocrx_word' id='word_1_93' title='bbox 2389 2006 2697 2071; x_wconf 86' lang='lat' dir='ltr'><strong>ablativis</strong></span> <span class='ocrx_word' id='word_1_94' title='bbox 2757 2007 2915 2089; x_wconf 90' lang='lat' dir='ltr'><strong>(di-</strong></span> 
     </span>
     <span class='ocr_line' id='line_1_14' title="bbox 585 2113 2917 2199; baseline 0.002 -20"><span class='ocrx_word' id='word_1_95' title='bbox 585 2113 805 2180; x_wconf 89' lang='lat' dir='ltr'><strong>lectu</strong></span> <span class='ocrx_word' id='word_1_96' title='bbox 848 2149 937 2160; x_wconf 88' lang='lat'><strong>-—</strong></span> <span class='ocrx_word' id='word_1_97' title='bbox 981 2114 1299 2197; x_wconf 92' lang='lat' dir='ltr'><strong>habito)</strong></span> <span class='ocrx_word' id='word_1_98' title='bbox 1357 2122 1519 2180; x_wconf 92' lang='lat' dir='ltr'><strong>tum</strong></span> <span class='ocrx_word' id='word_1_99' title='bbox 1579 2114 1936 2198; x_wconf 84' lang='lat' dir='ltr'><strong>superaddi</strong></span> <span class='ocrx_word' id='word_1_100' title='bbox 1994 2115 2308 2199; x_wconf 91' lang='lat' dir='ltr'><strong>potuerit.</strong></span> <span class='ocrx_word' id='word_1_101' title='bbox 2420 2114 2563 2180; x_wconf 92' lang='lat' dir='ltr'><strong>Hoc</strong></span> <span class='ocrx_word' id='word_1_102' title='bbox 2618 2115 2917 2195; x_wconf 84' lang='lat' dir='ltr'><strong>invento,</strong></span> 
     </span>
     <span class='ocr_line' id='line_1_15' title="bbox 585 2221 2916 2307; baseline 0.002 -22"><span class='ocrx_word' id='word_1_103' title='bbox 585 2223 694 2286; x_wconf 85' lang='lat' dir='ltr'><strong>vix</strong></span> <span class='ocrx_word' id='word_1_104' title='bbox 740 2221 1034 2287; x_wconf 89' lang='lat' dir='ltr'><strong>dubitari</strong></span> <span class='ocrx_word' id='word_1_105' title='bbox 1079 2228 1331 2307; x_wconf 91' lang='lat' dir='ltr'><strong>potest,</strong></span> <span class='ocrx_word' id='word_1_106' title='bbox 1391 2223 1549 2305; x_wconf 91' lang='lat' dir='ltr'><strong>quin</strong></span> <span class='ocrx_word' id='word_1_107' title='bbox 1596 2227 1775 2287; x_wconf 92' lang='lat' dir='ltr'><strong>erat</strong></span> <span class='ocrx_word' id='word_1_108' title='bbox 1816 2243 2093 2307; x_wconf 90' lang='lat' dir='ltr'><strong>prorsus</strong></span> <span class='ocrx_word' id='word_1_109' title='bbox 2138 2221 2504 2289; x_wconf 91' lang='lat' dir='ltr'><strong>tollendum</strong></span> <span class='ocrx_word' id='word_1_110' title='bbox 2551 2223 2655 2301; x_wconf 92' lang='lat' dir='ltr'><strong>sit,</strong></span> <span class='ocrx_word' id='word_1_111' title='bbox 2714 2223 2916 2289; x_wconf 81' lang='lat' dir='ltr'><strong>addi-</strong></span> 
     </span>
     <span class='ocr_line' id='line_1_16' title="bbox 584 2328 2917 2412; baseline 0.002 -19"><span class='ocrx_word' id='word_1_112' title='bbox 584 2335 726 2394; x_wconf 90' lang='lat' dir='ltr'><strong>tum</strong></span> <span class='ocrx_word' id='word_1_113' title='bbox 784 2328 961 2412; x_wconf 91' lang='lat' dir='ltr'><strong>(cum</strong></span> <span class='ocrx_word' id='word_1_114' title='bbox 1017 2331 1197 2411; x_wconf 84' lang='lat' dir='ltr'><strong>gravi</strong></span> <span class='ocrx_word' id='word_1_115' title='bbox 1255 2330 1584 2396; x_wconf 85' lang='lat' dir='ltr'><strong>oblivione</strong></span> <span class='ocrx_word' id='word_1_116' title='bbox 1645 2329 2186 2411; x_wconf 85' lang='lat' dir='ltr'><strong>constructionis)</strong></span> <span class='ocrx_word' id='word_1_117' title='bbox 2245 2330 2330 2395; x_wconf 91' lang='lat' dir='ltr'><strong>ad</strong></span> <span class='ocrx_word' id='word_1_118' title='bbox 2377 2330 2747 2396; x_wconf 84' lang='lat' dir='ltr'><strong>orationem</strong></span> <span class='ocrx_word' id='word_1_119' title='bbox 2800 2354 2917 2397; x_wconf 81' lang='lat' dir='ltr'><strong>ex-</strong></span> 
     </span>
     <span class='ocr_line' id='line_1_17' title="bbox 585 2436 2916 2523; baseline 0.002 -22"><span class='ocrx_word' id='word_1_120' title='bbox 585 2436 921 2522; x_wconf 91' lang='lat' dir='ltr'><strong>plendam,</strong></span> <span class='ocrx_word' id='word_1_121' title='bbox 989 2459 1192 2522; x_wconf 90' lang='lat' dir='ltr'><strong>quum</strong></span> <span class='ocrx_word' id='word_1_122' title='bbox 1250 2438 1524 2503; x_wconf 84' lang='lat' dir='ltr'><strong>verbum</strong></span> <span class='ocrx_word' id='word_1_123' title='bbox 1570 2460 1611 2502; x_wconf 91' lang='lat' dir='ltr'>a</span> <span class='ocrx_word' id='word_1_124' title='bbox 1654 2438 1839 2504; x_wconf 83' lang='lat' dir='ltr'><strong>Livio</strong></span> <span class='ocrx_word' id='word_1_125' title='bbox 1896 2437 2187 2523; x_wconf 90' lang='lat' dir='ltr'><strong>positum</strong></span> <span class='ocrx_word' id='word_1_126' title='bbox 2246 2439 2340 2502; x_wconf 90' lang='lat' dir='ltr'><strong>sic</strong></span> <span class='ocrx_word' id='word_1_127' title='bbox 2398 2443 2578 2503; x_wconf 90' lang='lat' dir='ltr'><strong>esset</strong></span> <span class='ocrx_word' id='word_1_128' title='bbox 2623 2438 2916 2505; x_wconf 82' lang='lat' dir='ltr'><strong>distrac-</strong></span> 
     </span>
     <span class='ocr_line' id='line_1_18' title="bbox 587 2545 2915 2626; baseline 0.002 -18"><span class='ocrx_word' id='word_1_129' title='bbox 587 2550 761 2625; x_wconf 87' lang='lat' dir='ltr'><strong>tum,</strong></span> <span class='ocrx_word' id='word_1_130' title='bbox 831 2551 905 2610; x_wconf 92' lang='lat' dir='ltr'><strong>ut</strong></span> <span class='ocrx_word' id='word_1_131' title='bbox 960 2545 1114 2610; x_wconf 91' lang='lat' dir='ltr'><strong>inde</strong></span> <span class='ocrx_word' id='word_1_132' title='bbox 1159 2552 1545 2611; x_wconf 86' lang='lat' dir='ltr'><strong>nasceretur</strong></span> <span class='ocrx_word' id='word_1_133' title='bbox 1589 2552 1786 2626; x_wconf 89' lang='lat' dir='ltr'><strong>tum,</strong></span> <span class='ocrx_word' id='word_1_134' title='bbox 1856 2568 1936 2611; x_wconf 85' lang='lat' dir='ltr'><strong>ex</strong></span> <span class='ocrx_word' id='word_1_135' title='bbox 1994 2551 2402 2610; x_wconf 90' lang='lat' dir='ltr'><strong>sacratum</strong></span> <span class='ocrx_word' id='word_1_136' title='bbox 2460 2552 2620 2611; x_wconf 91' lang='lat' dir='ltr'><strong>tum</strong></span> <span class='ocrx_word' id='word_1_137' title='bbox 2680 2554 2915 2613; x_wconf 90' lang='lat' dir='ltr'><strong>autem</strong></span> 
     </span>
     <span class='ocr_line' id='line_1_19' title="bbox 586 2652 2917 2744; baseline 0.001 -27"><span class='ocrx_word' id='word_1_138' title='bbox 586 2652 964 2718; x_wconf 90' lang='lat' dir='ltr'><strong>faciendum</strong></span> <span class='ocrx_word' id='word_1_139' title='bbox 1010 2659 1509 2734; x_wconf 86' lang='lat' dir='ltr'><strong>sacraretur,</strong></span> <span class='ocrx_word' id='word_1_140' title='bbox 1566 2654 1694 2719; x_wconf 93' lang='lat' dir='ltr'><strong>hac</strong></span> <span class='ocrx_word' id='word_1_141' title='bbox 1741 2655 2086 2720; x_wconf 74' lang='lat' dir='ltr'><strong>sententiae</strong></span> <span class='ocrx_word' id='word_1_142' title='bbox 2129 2654 2374 2720; x_wconf 85' lang='lat' dir='ltr'><strong>forma:</strong></span> <span class='ocrx_word' id='word_1_143' title='bbox 2443 2654 2771 2719; x_wconf 91' lang='lat' dir='ltr'><strong>Dilectu</strong></span> <span class='ocrx_word' id='word_1_144' title='bbox 2821 2691 2917 2744; x_wconf 54' lang='grc' dir='ltr'><strong>-ε</strong></span> 
     </span>
     <span class='ocr_line' id='line_1_20' title="bbox 586 2760 2918 2845; baseline 0 -19"><span class='ocrx_word' id='word_1_145' title='bbox 586 2760 879 2828; x_wconf 89' lang='lat' dir='ltr'><strong>habito</strong></span> <span class='ocrx_word' id='word_1_146' title='bbox 948 2783 1157 2828; x_wconf 85' lang='lat' dir='ltr'><strong>nova</strong></span> <span class='ocrx_word' id='word_1_147' title='bbox 1212 2762 1423 2845; x_wconf 86' lang='lat' dir='ltr'><strong>lege,</strong></span> <span class='ocrx_word' id='word_1_148' title='bbox 1488 2768 1601 2842; x_wconf 91' lang='lat' dir='ltr'><strong>ut,</strong></span> <span class='ocrx_word' id='word_1_149' title='bbox 1673 2763 1806 2845; x_wconf 91' lang='lat' dir='ltr'><strong>qui</strong></span> <span class='ocrx_word' id='word_1_150' title='bbox 1862 2797 1952 2807; x_wconf 95' lang='lat'>—</span> <span class='ocrx_word' id='word_1_151' title='bbox 2003 2784 2159 2828; x_wconf 92' lang='lat' dir='ltr'><strong>non</strong></span> <span class='ocrx_word' id='word_1_152' title='bbox 2219 2762 2745 2827; x_wconf 86' lang='lat' dir='ltr'><strong>convenisset</strong></span> <span class='ocrx_word' id='word_1_153' title='bbox 2803 2799 2918 2843; x_wconf 90' lang='lat'><strong>—‚</strong></span> 
     </span>
     <span class='ocr_line' id='line_1_21' title="bbox 588 2869 2918 2953; baseline 0.001 -20"><span class='ocrx_word' id='word_1_154' title='bbox 588 2875 835 2953; x_wconf 88' lang='lat' dir='ltr'><strong>caput</strong></span> <span class='ocrx_word' id='word_1_155' title='bbox 900 2869 1074 2937; x_wconf 86' lang='lat' dir='ltr'><strong>Iovi</strong></span> <span class='ocrx_word' id='word_1_156' title='bbox 1152 2876 1666 2949; x_wconf 87' lang='lat' dir='ltr'><strong>sacraretur,</strong></span> <span class='ocrx_word' id='word_1_157' title='bbox 1747 2870 2161 2936; x_wconf 86' lang='lat' dir='ltr'><strong>exercitus</strong></span> <span class='ocrx_word' id='word_1_158' title='bbox 2242 2871 2502 2935; x_wconf 91' lang='lat' dir='ltr'><strong>omnis</strong></span> <span class='ocrx_word' id='word_1_159' title='bbox 2570 2875 2724 2947; x_wconf 47' lang='lat' dir='ltr'><strong>cet..</strong></span> <span class='ocrx_word' id='word_1_160' title='bbox 2823 2871 2918 2936; x_wconf 89' lang='lat' dir='ltr'><strong>Et</strong></span> 
     </span>
     <span class='ocr_line' id='line_1_22' title="bbox 588 2977 2916 3058; baseline 0 -15"><span class='ocrx_word' id='word_1_161' title='bbox 588 2985 1063 3044; x_wconf 84' lang='lat' dir='ltr'><strong>sacraretur</strong></span> <span class='ocrx_word' id='word_1_162' title='bbox 1108 2977 1531 3043; x_wconf 90' lang='lat' dir='ltr'><strong>scribendum</strong></span> <span class='ocrx_word' id='word_1_163' title='bbox 1577 2999 1742 3058; x_wconf 85' lang='lat' dir='ltr'><strong>esse,</strong></span> <span class='ocrx_word' id='word_1_164' title='bbox 1791 2979 1989 3043; x_wconf 90' lang='lat' dir='ltr'><strong>etiam</strong></span> <span class='ocrx_word' id='word_1_165' title='bbox 2034 2977 2566 3043; x_wconf 86' lang='lat' dir='ltr'><strong>Weissenbornio</strong></span> <span class='ocrx_word' id='word_1_166' title='bbox 2612 2980 2680 3042; x_wconf 91' lang='lat' dir='ltr'><strong>in</strong></span> <span class='ocrx_word' id='word_1_167' title='bbox 2725 3000 2916 3044; x_wconf 88' lang='lat' dir='ltr'><strong>men-</strong></span> 
     </span>
     <span class='ocr_line' id='line_1_23' title="bbox 587 3083 2913 3169; baseline 0.001 -19"><span class='ocrx_word' id='word_1_168' title='bbox 587 3091 721 3150; x_wconf 86' lang='lat' dir='ltr'><strong>tem</strong></span> <span class='ocrx_word' id='word_1_169' title='bbox 777 3088 1032 3151; x_wconf 85' lang='lat' dir='ltr'><strong>venisse</strong></span> <span class='ocrx_word' id='word_1_170' title='bbox 1079 3085 1289 3151; x_wconf 86' lang='lat' dir='ltr'><strong>video.</strong></span> <span class='ocrx_word' id='word_1_171' title='bbox 1404 3085 1658 3151; x_wconf 90' lang='lat' dir='ltr'><strong>Deinde</strong></span> <span class='ocrx_word' id='word_1_172' title='bbox 1717 3086 1946 3151; x_wconf 91' lang='lat' dir='ltr'><strong>eodem</strong></span> <span class='ocrx_word' id='word_1_173' title='bbox 2008 3086 2225 3169; x_wconf 87' lang='lat' dir='ltr'><strong>capite</strong></span> <span class='ocrx_word' id='word_1_174' title='bbox 2271 3083 2305 3168; x_wconf 63' lang='grc' dir='ltr'>ἓ</span> <span class='ocrx_word' id='word_1_175' title='bbox 2352 3089 2424 3164; x_wconf 90' lang='grc'><strong>6,</strong></span> <span class='ocrx_word' id='word_1_176' title='bbox 2491 3084 2607 3150; x_wconf 90' lang='lat' dir='ltr'><strong>ubi</strong></span> <span class='ocrx_word' id='word_1_177' title='bbox 2653 3086 2913 3152; x_wconf 88' lang='lat' dir='ltr'><strong>editur:</strong></span> 
     </span>
     <span class='ocr_line' id='line_1_24' title="bbox 590 3191 2918 3278; baseline 0 -19"><span class='ocrx_word' id='word_1_178' title='bbox 590 3195 727 3278; x_wconf 85' lang='lat' dir='ltr'><strong>qui</strong></span> <span class='ocrx_word' id='word_1_179' title='bbox 796 3215 876 3259; x_wconf 88' lang='lat' dir='ltr'><strong>se</strong></span> <span class='ocrx_word' id='word_1_180' title='bbox 944 3194 1027 3259; x_wconf 92' lang='lat' dir='ltr'><strong>id</strong></span> <span class='ocrx_word' id='word_1_181' title='bbox 1096 3214 1416 3259; x_wconf 88' lang='lat' dir='ltr'><strong>sacrum</strong></span> <span class='ocrx_word' id='word_1_182' title='bbox 1482 3199 1769 3277; x_wconf 87' lang='lat' dir='ltr'><strong>petere</strong></span> <span class='ocrx_word' id='word_1_183' title='bbox 1836 3191 2346 3259; x_wconf 87' lang='lat' dir='ltr'><strong>adfirmabat</strong></span> <span class='ocrx_word' id='word_1_184' title='bbox 2412 3215 2504 3259; x_wconf 84' lang='lat' dir='ltr'><strong>ex</strong></span> <span class='ocrx_word' id='word_1_185' title='bbox 2571 3199 2918 3260; x_wconf 84' lang='lat' dir='ltr'><strong>vetusta</strong></span> 
     </span>
     <span class='ocr_line' id='line_1_25' title="bbox 588 3300 2914 3386; baseline 0.002 -21"><span class='ocrx_word' id='word_1_186' title='bbox 588 3300 1072 3367; x_wconf 86' lang='lat' dir='ltr'><strong>Samnitium</strong></span> <span class='ocrx_word' id='word_1_187' title='bbox 1118 3301 1733 3385; x_wconf 55' lang='lat' dir='ltr'><strong>religionesnon</strong></span> <span class='ocrx_word' id='word_1_188' title='bbox 1780 3300 2033 3380; x_wconf 91' lang='lat' dir='ltr'><strong>dubit0,</strong></span> <span class='ocrx_word' id='word_1_189' title='bbox 2091 3302 2252 3384; x_wconf 89' lang='lat' dir='ltr'><strong>quin</strong></span> <span class='ocrx_word' id='word_1_190' title='bbox 2295 3307 2621 3386; x_wconf 92' lang='lat' dir='ltr'><strong>perpetuo</strong></span> <span class='ocrx_word' id='word_1_191' title='bbox 2666 3301 2914 3369; x_wconf 83' lang='lat' dir='ltr'><strong>Latine</strong></span> 
     </span>
     <span class='ocr_line' id='line_1_26' title="bbox 583 3408 2916 3494; baseline 0 -20"><span class='ocrx_word' id='word_1_192' title='bbox 583 3408 994 3491; x_wconf 88' lang='lat' dir='ltr'><strong>loquentium</strong></span> <span class='ocrx_word' id='word_1_193' title='bbox 1037 3430 1163 3473; x_wconf 89' lang='lat' dir='ltr'><strong>usu</strong></span> <span class='ocrx_word' id='word_1_194' title='bbox 1208 3410 1289 3473; x_wconf 91' lang='lat' dir='ltr'><strong>de</strong></span> <span class='ocrx_word' id='word_1_195' title='bbox 1333 3409 1712 3475; x_wconf 84' lang='lat' dir='ltr'><strong>renovando</strong></span> <span class='ocrx_word' id='word_1_196' title='bbox 1759 3410 2034 3494; x_wconf 90' lang='lat' dir='ltr'><strong>antiquo</strong></span> <span class='ocrx_word' id='word_1_197' title='bbox 2081 3410 2387 3476; x_wconf 91' lang='lat' dir='ltr'><strong>instituto</strong></span> <span class='ocrx_word' id='word_1_198' title='bbox 2431 3409 2653 3474; x_wconf 84' lang='lat' dir='ltr'><strong>Livius</strong></span> <span class='ocrx_word' id='word_1_199' title='bbox 2699 3411 2916 3494; x_wconf 87' lang='lat' dir='ltr'><strong>scrip-</strong></span> 
     </span>
     <span class='ocr_line' id='line_1_27' title="bbox 586 3516 2913 3601; baseline 0.001 -20"><span class='ocrx_word' id='word_1_200' title='bbox 586 3516 749 3581; x_wconf 87' lang='lat' dir='ltr'><strong>serit</strong></span> <span class='ocrx_word' id='word_1_201' title='bbox 800 3522 1200 3601; x_wconf 89' lang='lat' dir='ltr'><strong>repetere.</strong></span> <span class='ocrx_word' id='word_1_202' title='bbox 1312 3517 1595 3599; x_wconf 89' lang='lat' dir='ltr'><strong>(Ibidem</strong></span> <span class='ocrx_word' id='word_1_203' title='bbox 1663 3518 1826 3581; x_wconf 87' lang='lat' dir='ltr'><strong>mire</strong></span> <span class='ocrx_word' id='word_1_204' title='bbox 1884 3537 1976 3581; x_wconf 84' lang='lat' dir='ltr'><strong>ex</strong></span> <span class='ocrx_word' id='word_1_205' title='bbox 2029 3516 2248 3582; x_wconf 91' lang='lat' dir='ltr'><strong>libro</strong></span> <span class='ocrx_word' id='word_1_206' title='bbox 2307 3522 2584 3582; x_wconf 85' lang='lat' dir='ltr'><strong>vetere</strong></span> <span class='ocrx_word' id='word_1_207' title='bbox 2638 3516 2913 3583; x_wconf 90' lang='lat' dir='ltr'><strong>linteo</strong></span> 
     </span>
     <span class='ocr_line' id='line_1_28' title="bbox 584 3622 2913 3707; baseline 0.001 -20"><span class='ocrx_word' id='word_1_208' title='bbox 584 3622 802 3688; x_wconf 91' lang='lat' dir='ltr'><strong>lecto</strong></span> <span class='ocrx_word' id='word_1_209' title='bbox 877 3623 1440 3690; x_wconf 82' lang='lat' dir='ltr'><strong>sacrificatum</strong></span> <span class='ocrx_word' id='word_1_210' title='bbox 1507 3625 1780 3704; x_wconf 85' lang='lat' dir='ltr'><strong>dicitur,</strong></span> <span class='ocrx_word' id='word_1_211' title='bbox 1848 3626 2038 3707; x_wconf 89' lang='lat' dir='ltr'><strong>quasi</strong></span> <span class='ocrx_word' id='word_1_212' title='bbox 2096 3646 2175 3690; x_wconf 80' lang='lat' dir='ltr'><strong>ex</strong></span> <span class='ocrx_word' id='word_1_213' title='bbox 2231 3647 2363 3691; x_wconf 92' lang='lat' dir='ltr'><strong>non</strong></span> <span class='ocrx_word' id='word_1_214' title='bbox 2419 3625 2593 3690; x_wconf 88' lang='lat' dir='ltr'><strong>lecto</strong></span> <span class='ocrx_word' id='word_1_215' title='bbox 2652 3624 2913 3690; x_wconf 90' lang='lat' dir='ltr'><strong>sacrifi-</strong></span> 
     </span>
     <span class='ocr_line' id='line_1_29' title="bbox 586 3731 2910 3817; baseline 0.002 -22"><span class='ocrx_word' id='word_1_216' title='bbox 586 3731 724 3796; x_wconf 91' lang='lat' dir='ltr'><strong>cari</strong></span> <span class='ocrx_word' id='word_1_217' title='bbox 789 3733 1114 3815; x_wconf 83' lang='lat' dir='ltr'><strong>potuerit3</strong></span> <span class='ocrx_word' id='word_1_218' title='bbox 1195 3731 1577 3813; x_wconf 83' lang='lat' dir='ltr'><strong>videndum,</strong></span> <span class='ocrx_word' id='word_1_219' title='bbox 1659 3753 1742 3799; x_wconf 92' lang='lat' dir='ltr'><strong>ne</strong></span> <span class='ocrx_word' id='word_1_220' title='bbox 1812 3733 2037 3797; x_wconf 86' lang='lat' dir='ltr'><strong>Livius</strong></span> <span class='ocrx_word' id='word_1_221' title='bbox 2118 3733 2459 3817; x_wconf 88' lang='lat' dir='ltr'><strong>scripserit</strong></span> <span class='ocrx_word' id='word_1_222' title='bbox 2525 3754 2614 3796; x_wconf 85' lang='lat' dir='ltr'><strong>ex</strong></span> <span class='ocrx_word' id='word_1_223' title='bbox 2681 3731 2910 3800; x_wconf 91' lang='lat' dir='ltr'><strong>libro</strong></span> 
     </span>
     <span class='ocr_line' id='line_1_30' title="bbox 583 3838 2912 3925; baseline 0.003 -25"><span class='ocrx_word' id='word_1_224' title='bbox 583 3843 856 3904; x_wconf 85' lang='lat' dir='ltr'><strong>vetere</strong></span> <span class='ocrx_word' id='word_1_225' title='bbox 915 3838 1178 3906; x_wconf 90' lang='lat' dir='ltr'><strong>linteo</strong></span> <span class='ocrx_word' id='word_1_226' title='bbox 1240 3846 1499 3920; x_wconf 89' lang='lat' dir='ltr'><strong>tecto,</strong></span> <span class='ocrx_word' id='word_1_227' title='bbox 1569 3846 1646 3905; x_wconf 95' lang='lat' dir='ltr'><strong>ut</strong></span> <span class='ocrx_word' id='word_1_228' title='bbox 1712 3839 1798 3905; x_wconf 89' lang='lat' dir='ltr'><strong>ad</strong></span> <span class='ocrx_word' id='word_1_229' title='bbox 1862 3840 2245 3921; x_wconf 81' lang='lat' dir='ltr'><strong>religionem</strong></span> <span class='ocrx_word' id='word_1_230' title='bbox 2304 3840 2700 3925; x_wconf 87' lang='lat' dir='ltr'><strong>pertinuerit</strong></span> <span class='ocrx_word' id='word_1_231' title='bbox 2758 3861 2912 3924; x_wconf 88' lang='lat' dir='ltr'><strong>spe-</strong></span> 
     </span>
     <span class='ocr_line' id='line_1_31' title="bbox 585 3946 1707 4031; baseline 0.002 -21"><span class='ocrx_word' id='word_1_232' title='bbox 585 3946 716 4011; x_wconf 89' lang='lat' dir='ltr'><strong>cies</strong></span> <span class='ocrx_word' id='word_1_233' title='bbox 759 3946 916 4011; x_wconf 89' lang='lat' dir='ltr'><strong>libri</strong></span> <span class='ocrx_word' id='word_1_234' title='bbox 959 3947 1169 4014; x_wconf 89' lang='lat' dir='ltr'><strong>linteo</strong></span> <span class='ocrx_word' id='word_1_235' title='bbox 1217 3950 1396 4013; x_wconf 90' lang='lat' dir='ltr'><strong>tecti.</strong></span> <span class='ocrx_word' id='word_1_236' title='bbox 1493 3949 1707 4031; x_wconf 87' lang='lat'>1861.)</span> 
     </span>
    </p>

    <p class='ocr_par' dir='ltr' id='par_1_3' title="bbox 580 4050 2909 4470">
     <span class='ocr_line' id='line_1_32' title="bbox 757 4050 2908 4140; baseline -0 -22"><span class='ocrx_word' id='word_1_237' title='bbox 757 4050 917 4138; x_wconf 86' lang='lat' dir='ltr'><strong>Cap.</strong></span> <span class='ocrx_word' id='word_1_238' title='bbox 978 4058 1092 4134; x_wconf 83' lang='lat'><strong>39,</strong></span> <span class='ocrx_word' id='word_1_239' title='bbox 1162 4060 1232 4120; x_wconf 87' lang='lat'><strong>6:</strong></span> <span class='ocrx_word' id='word_1_240' title='bbox 1294 4055 1433 4140; x_wconf 89' lang='lat' dir='ltr'><strong>(Sp.</strong></span> <span class='ocrx_word' id='word_1_241' title='bbox 1482 4053 1769 4123; x_wconf 78' lang='lat' dir='ltr'><strong>Carvilio</strong></span> <span class='ocrx_word' id='word_1_242' title='bbox 1829 4053 2200 4123; x_wconf 90' lang='lat' dir='ltr'><strong>Cominium</strong></span> <span class='ocrx_word' id='word_1_243' title='bbox 2255 4055 2600 4122; x_wconf 91' lang='lat' dir='ltr'><strong>obsidente</strong></span> <span class='ocrx_word' id='word_1_244' title='bbox 2655 4053 2728 4117; x_wconf 92' lang='lat' dir='ltr'><strong>L.</strong></span> <span class='ocrx_word' id='word_1_245' title='bbox 2776 4052 2908 4118; x_wconf 92' lang='lat' dir='ltr'><strong>Pa-</strong></span> 
     </span>
     <span class='ocr_line' id='line_1_33' title="bbox 580 4161 2909 4249; baseline 0 -23"><span class='ocrx_word' id='word_1_246' title='bbox 580 4162 792 4245; x_wconf 87' lang='lat' dir='ltr'><strong>pirius</strong></span> <span class='ocrx_word' id='word_1_247' title='bbox 859 4163 942 4227; x_wconf 91' lang='lat' dir='ltr'><strong>ad</strong></span> <span class='ocrx_word' id='word_1_248' title='bbox 1013 4163 1435 4246; x_wconf 89' lang='lat' dir='ltr'><strong>Aquiloniam</strong></span> <span class='ocrx_word' id='word_1_249' title='bbox 1514 4163 1865 4249; x_wconf 86' lang='lat' dir='ltr'><strong>pervenit.)</strong></span> <span class='ocrx_word' id='word_1_250' title='bbox 1973 4162 2098 4228; x_wconf 90' lang='lat' dir='ltr'><strong>Ibi</strong></span> <span class='ocrx_word' id='word_1_251' title='bbox 2177 4161 2687 4248; x_wconf 90' lang='lat' dir='ltr'><strong>aliquamdiu</strong></span> <span class='ocrx_word' id='word_1_252' title='bbox 2758 4181 2909 4227; x_wconf 90' lang='lat' dir='ltr'><strong>nec</strong></span> 
     </span>
     <span class='ocr_line' id='line_1_34' title="bbox 583 4268 2906 4356; baseline -0.001 -22"><span class='ocrx_word' id='word_1_253' title='bbox 583 4276 993 4335; x_wconf 88' lang='lat' dir='ltr'><strong>cessatum</strong></span> <span class='ocrx_word' id='word_1_254' title='bbox 1027 4270 1124 4335; x_wconf 94' lang='lat' dir='ltr'><strong>ab</strong></span> <span class='ocrx_word' id='word_1_255' title='bbox 1160 4272 1404 4336; x_wconf 87' lang='lat' dir='ltr'><strong>armis</strong></span> <span class='ocrx_word' id='word_1_256' title='bbox 1441 4278 1567 4337; x_wconf 88' lang='lat' dir='ltr'><strong>est</strong></span> <span class='ocrx_word' id='word_1_257' title='bbox 1600 4294 1862 4355; x_wconf 90' lang='lat' dir='ltr'><strong>neque</strong></span> <span class='ocrx_word' id='word_1_258' title='bbox 1898 4272 2222 4337; x_wconf 84' lang='lat' dir='ltr'><strong>naviter</strong></span> <span class='ocrx_word' id='word_1_259' title='bbox 2261 4275 2732 4356; x_wconf 82' lang='lat' dir='ltr'><strong>pugnatum3</strong></span> <span class='ocrx_word' id='word_1_260' title='bbox 2778 4268 2906 4333; x_wconf 93' lang='lat' dir='ltr'><strong>la-</strong></span> 
     </span>
     <span class='ocr_line' id='line_1_35' title="bbox 584 4376 2906 4470; baseline -0.001 -28"><span class='ocrx_word' id='word_1_261' title='bbox 584 4378 979 4444; x_wconf 88' lang='lat' dir='ltr'><strong>cessendo</strong></span> <span class='ocrx_word' id='word_1_262' title='bbox 1037 4378 1424 4470; x_wconf 53' lang='lat' dir='ltr'><strong>quietos„</strong></span> <span class='ocrx_word' id='word_1_263' title='bbox 1464 4379 2075 4446; x_wconf 87' lang='lat' dir='ltr'><strong>resistentibus</strong></span> <span class='ocrx_word' id='word_1_264' title='bbox 2123 4377 2514 4458; x_wconf 86' lang='lat' dir='ltr'><strong>cedend0‚</strong></span> <span class='ocrx_word' id='word_1_265' title='bbox 2581 4376 2906 4442; x_wconf 91' lang='lat' dir='ltr'><strong>commi-</strong></span> 
     </span>
    </p>
   </div>
  </div>
 </body>
</html>
