3230 5282
545 576 669 631 Lib.
708 577 872 631 XLV.
1645 566 1767 627 740

545 749 933 829 Videndum,
977 770 1061 814 ne
1106 747 1326 814 Livius
1374 749 1745 833 scripserit:
1792 749 2062 816 Iratus
2109 750 2253 833 (pro
2297 755 2478 815 totu
2496 748 2554 830 s)
2599 748 2845 814 Mace·

547 856 888 923 donicus
992 858 1408 923 exercitus
1496 859 1982 942 imperatori
2071 857 2611 941 neglegenter
2689 865 2845 921 erat

547 963 982 1032 adfuturus
1050 966 1419 1031 comitiis
1486 964 1528 1030 f.
1577 965 1619 1030 l.
1710 966 1899 1031 Unde
1966 967 2090 1032 ita
2154 974 2370 1032 ortum
2433 966 2549 1046 sit,
2610 967 2842 1031 nescio.

547 1072 780 1157 [Paulo
827 1076 1075 1139 rectius
1122 1074 1276 1139 erit:
1322 1074 1599 1139 Iratus
1633 1074 2209 1141 Macedonicus
2258 1075 2672 1140 exercitus
2719 1076 2845 1138 im-

544 1184 919 1266 peratori
964 1188 1176 1264 erat3
1234 1183 1512 1266 itaque
1570 1182 2100 1266 neglegenter
2145 1190 2321 1247 erat
2366 1190 2487 1247 cet.
2562 1180 2845 1265 1864.]¹)

718 1289 875 1375 Cap.
946 1296 1043 1371 36,
1124 1294 1163 1354 2
1241 1297 1306 1355 et
1389 1294 1424 1354 3
1495 1311 1695 1372 quum
1766 1289 2078 1374 Grynaeus
2154 1290 2469 1364 edidisset
2539 1292 2844 1374 primum:

546 1397 705 1464 Ser.
768 1399 1036 1466 Galba
1093 1405 1438 1483 repente
1496 1400 1910 1482 processit
1968 1405 2044 1463 et
2098 1419 2139 1462 a
2203 1406 2294 1464 tr.
2364 1399 2844 1484 postulavit.

543 1514 629 1573 ut
693 1544 777 1555 —
844 1510 923 1573 in
992 1513 1405 1592 posterum
1473 1505 1679 1571 diem
1736 1506 2182 1572 differrent
2249 1515 2327 1573 et
2391 1528 2617 1572 mane
2686 1527 2847 1572 eam

544 1638 704 1682 rem
754 1622 1119 1700 agerent,
1168 1614 1432 1680 deinde:
1503 1637 1745 1698 quum
1802 1615 2183 1681 tribunus
2232 1615 2511 1680 dicere
2558 1636 2645 1681 eo
2693 1614 2851 1693 die,

546 1725 616 1790 si
661 1724 851 1806 quid
907 1724 1193 1803 vellet,
1253 1723 1609 1802 iuberet,
1670 1723 2082 1807 Kreyssigius
2128 1724 2345 1807 priore
2399 1723 2546 1789 loco
2590 1730 2769 1788 recte
2818 1743 2851 1788 e

547 1833 774 1898 codice
816 1833 1142 1917 reposuit:
1212 1852 1253 1896 a
1307 1830 1671 1896 tribunis
1718 1831 2209 1915 postulavit,
2258 1831 2433 1917 quod
2480 1833 2653 1916 ipsa,
2700 1852 2850 1914 quae

544 1946 937 2025 sequuntur,
995 1940 1197 2006 verba
1241 1936 1685 2005 differrent
1743 1945 1811 2005 et
1856 1946 2198 2022 agerent
2243 1945 2503 2024 cogunt.
2594 1939 2731 2006 Sed-
2770 1961 2852 2006 eo

543 2051 806 2134 pravius
849 2051 1199 2116 retinetur:
1269 2069 1508 2131 quum
1549 2048 1937 2113 tribunus
1996 2084 2079 2093 —
2143 2048 2502 2127 iuberet,
2550 2069 2672 2131 pro
2718 2070 2852 2132 quo

543 2158 612 2222 in
658 2157 880 2224 codice
928 2166 1057 2223 est:
1127 2179 1360 2240 quum
1405 2155 1727 2221 tribuni
1782 2191 1870 2202 —
1915 2156 2236 2222 iuberet
2281 2155 2506 2237 (verbo
2553 2156 2640 2221 ad
2684 2175 2855 2241 pree·-

545 2266 781 2331 cedens
826 2266 1081 2332 vellet
1125 2264 1665 2347 accommodato),
1715 2265 2025 2347 quoniam
2069 2265 2489 2349 perspicuum
2534 2272 2663 2342 est,
2710 2285 2856 2329 eos-

546 2372 722 2452 dem,
771 2395 811 2438 a
857 2374 1093 2457 quibus
1139 2373 1370 2438 dilatio
1416 2371 1755 2456 postulata
1802 2373 1917 2451 sit,
1966 2394 2109 2438 eam
2158 2394 2288 2438 non
2334 2371 2624 2450 dedisse:
2691 2372 2856 2437 scri-

542 2480 831 2546 bendum
864 2481 1066 2563 igitur
1102 2488 1235 2546 est:
1285 2501 1519 2563 quum
1556 2480 1880 2546 tribuni
1922 2516 2009 2527 —
2052 2480 2445 2546 iuberent.
2526 2478 2855 2547 Tribunos

547 2590 977 2655 communiter
1020 2610 1159 2655 rem
1206 2589 1438 2673 egisse,
1486 2587 1580 2653 Ti.
1626 2587 2010 2674 Sempronio
2058 2590 2332 2656 actionis
2380 2589 2693 2674 principe,
2739 2610 2856 2673 ap-

544 2703 737 2783 paret
785 2700 984 2764 etiam
1030 2720 1109 2763 ex
1152 2696 1280 2763 fine
1327 2698 1561 2781 capitis
1609 2696 1670 2780 (ξ
1722 2697 1849 2779 10).
1941 2697 2156 2782 Atque
2215 2698 2413 2763 etiam
2456 2697 2854 2762 Plutarchus

543 2806 614 2873 in
657 2808 795 2873 vita
837 2807 1084 2873 AEmssii
1130 2828 1182 2873 c.
1228 2811 1327 2885 30,
1373 2805 1629 2871 Livium
1675 2813 1902 2890 aperte
1940 2808 2330 2891 exprimens»,
2379 2808 2664 2890 primum
2700 2806 2856 2871 Gal-

544 2914 700 2981 bam
744 2937 785 2981 a
827 2916 1115 2983 tribunis
1172 2914 1384 3000 plebis
1453 2914 1653 2979 alium
1715 2914 1887 2979 diem
1944 2915 2314 2997 postulasse
2377 2915 2635 2992 scribit,
2692 2922 2852 2993 tum,

374 3026 519 3096 (617)
553 3032 660 3086 τῶν
703 3007 994 3107 ὅηράρχων
1040 3033 1212 3107 λέγειν
1257 3014 1436 3096 αὐτόν,
1481 3032 1535 3085 εἴ
1585 3051 1634 3084 τι
1693 3030 1963 3103 βούλεται,
2021 3030 2369 3103 κελευόντων,
2434 3022 2698 3105 longam
2746 3044 2858 3088 ex·

547 3152 769 3198 orsum
816 3133 1180 3199 orationem
1226 3154 1366 3198 rem
1406 3133 1475 3196 in
1520 3137 1781 3197 noctem
1828 3131 2288 3213 extraxisse.²)

596 3334 643 3403 ι)
684 3333 716 3405 ἓ
751 3338 785 3391 9
817 3337 983 3406 plane
1020 3336 1335 3393 necessaria
1370 3340 1458 3392 est
1507 3334 1780 3389 Gronovii
1833 3336 2178 3392 emendatio:
2231 3335 2605 3391 Pecuniam
2657 3335 2856 3389 illum

681 3437 819 3476 non
856 3422 1014 3477 dare
1052 3422 1204 3493 (pr-0:
1241 3422 1401 3477 dare
1438 3420 1593 3488 non)
1630 3422 1987 3491 potuisse3
2025 3421 2324 3476 militem
2351 3421 2854 3475 honoremnon

684 3505 847 3562 dare
884 3508 1034 3578 (prm
1094 3501 1432 3563 honorem
1489 3507 1678 3574 dare)
1730 3524 1955 3577 posse.
2029 3507 2396 3577 Comparatur
2440 3507 2722 3575 utrimque
2755 3523 2858 3576 po·

683 3596 858 3645 testae
912 3611 1026 3648 non
1078 3593 1338 3648 faciendi.
1409 3592 1664 3647 Licuisse
1712 3593 1851 3647 dicit
1896 3592 2072 3647 Galba
2116 3593 2350 3649 AEmilio
2402 3593 2647 3646 militum
2703 3610 2859 3662 spem

681 3675 973 3746 frustrare;
1029 3697 1151 3735 esse
1207 3685 1264 3735 et
1297 3679 1556 3732 ¹militum
1612 3679 1857 3746 aliquam
1891 3678 2137 3749 negandi
2181 3683 2534 3749 potestatem.
2607 3677 2735 3733 vid.
2785 3678 2860 3732 ad

684 3780 730 3816 c.
768 3765 817 3829 3,
854 3766 904 3817 6.

592 3846 642 3914 ²)
680 3845 866 3901 Etiam
887 3846 919 3917 ξ
942 3853 968 3901 1
990 3850 1050 3904 in
1071 3850 1265 3905 eadem
1283 3867 1345 3904 re
1381 3852 1700 3906 aberratum
1729 3850 1979 3918 videtur;
2017 3869 2145 3906 nam
2182 3851 2450 3919 quoniam
2484 3850 2555 3903 ad
2584 3851 2855 3905 coniunc-

685 3939 802 3988 tam
831 3933 888 3986 in
922 3933 1009 3997 iis,
1041 3952 1166 4003 quae
1203 3940 1527 4004 sequuntur,
1566 3937 1814 3989 omnium
1844 3936 2201 3990 tribunorum
2241 3936 2584 3990 mentionem
2622 3933 2864 4000 accedit,

685 4020 836 4089 quod
870 4019 961 4075 hic
999 4036 1221 4089 quoque
1256 4021 1316 4073 in
1352 4019 1475 4074 cod.
1515 4021 1778 4074 scribitur
1812 4020 2109 4088 ferrent,
2159 4020 2451 4091 probabile
2485 4019 2568 4087 fit,
2623 4037 2657 4072 a
2690 4019 2859 4073 Livio

686 4107 957 4176 scriptum
1002 4106 1174 4161 fuisse
1219 4104 1309 4159 Ti.
1349 4103 1803 4175 Sempronius
1848 4112 1931 4161 tr.
1971 4106 2055 4177 pl.
2094 4106 2456 4174 ceterique
2494 4110 2572 4159 tr.
2610 4105 2692 4174 pl.
2731 4104 2861 4159 fex*

686 4197 853 4245 rent.
925 4190 1121 4261 (1864.)
1195 4189 1226 4261 ξ
1263 4193 1296 4246 8
1330 4191 1675 4246 recentiores
1721 4193 1999 4260 integram
2046 4191 2316 4247 Gronovii
2352 4198 2409 4245 et
2444 4190 2683 4246 Iacobsii
2730 4206 2864 4244 con-

687 4274 959 4330 iecturam
989 4278 1242 4347 recipere
1270 4276 1581 4331 debuerant
1620 4277 1766 4345 (iam
1802 4295 1984 4333 nunc
2021 4277 2221 4331 nimis
2261 4292 2437 4346 saepe
2475 4275 2863 4329 ambitione

687 4362 1014 4431 peccari);
1054 4362 1256 4416 omisso
1295 4361 1426 4414 iam
1463 4379 1636 4431 prava
1663 4368 1750 4417 est
1780 4362 2076 4418 sententia.
2134 4360 2254 4432 §10
2285 4360 2864 4431 pronuntiarunt,

687 4445 840 4514 quod
873 4445 1130 4501 Dukerus
1166 4465 1269 4518 pro
1306 4449 1809 4504 renuntiarunt
1842 4448 2041 4518 reponi
2077 4447 2257 4513 iussit,
2291 4464 2409 4503 non
2434 4446 2620 4502 minus
2653 4452 2741 4502 est
2766 4463 2863 4501 ne·
