3230 5282
1447 585 1569 644 583
2381 598 2505 651 Lib.
2544 598 2661 650 XL.

341 769 561 849 ades)
610 770 816 850 magis
864 790 1056 850 quam
1103 767 1188 831 ad
1233 768 1490 849 reliqua
1537 768 1838 850 prodigia
1884 771 2277 850 pertinebat.
2352 768 2479 833 Sed
2522 775 2666 833 tota

359 876 500 940 haec
543 877 884 942 sententiae
932 877 1183 959 species
1229 875 1691 958 interpolando
1750 875 1984 940 effecta
2039 883 2141 941 est
2196 878 2374 961 apud
2421 877 2471 940 F
2476 876 2665 941 robe·
2771 959 2778 966 1

361 985 539 1047 nium
585 984 670 1064 (a.
725 988 906 1060 1531,
953 1006 1085 1047 non
1132 1006 1171 1047 a
1220 983 1548 1062 Gelenio);
1619 985 1685 1046 in
1744 984 2029 1048 editione
2075 984 2464 1066 Moguntina
2510 984 2667 1047 scri-

362 1091 567 1155 bitur:
630 1091 1266 1155 sacrificaretur
1335 1097 1412 1153 et
1478 1090 1957 1155 fulminibus
2016 1093 2434 1175 complura
2489 1092 2668 1156 loca

366 1198 860 1263 deformaret
929 1199 1166 1262 aedem
1233 1198 1471 1262 Iovis.
1563 1199 2162 1279 Weissenbornius,
2220 1199 2483 1264 sublato
2556 1199 2668 1279 ob,

403 1308 483 1370 ed
550 1315 807 1372 retento
879 1305 1366 1384 deformata,
1426 1307 1517 1370 sic
1585 1306 1821 1371 edidit:
1894 1309 2543 1384 sacrificaretur,
2592 1313 2670 1371 et

402 1415 848 1479 ulminibus
918 1414 1333 1495 complura
1400 1414 1580 1478 loca
1649 1415 2107 1479 deformata
2176 1459 2276 1496 *20
2348 1415 2668 1478 excidisse

362 1523 682 1587 nonnulla
749 1523 1114 1604 suspicans).
1221 1521 1479 1596 Quanto
1551 1529 1617 1586 et
1676 1523 2037 1605 simplicius
2095 1531 2161 1587 et
2216 1523 2459 1586 rectius
2528 1513 2671 1586 erat

368 1630 567 1693 verba
610 1637 854 1694 temere
904 1651 943 1692 a
987 1629 1260 1693 librario
1310 1650 1343 1692 e
1392 1627 1487 1709 §3
1537 1629 2215 1711 (fulminibusque
2254 1630 2671 1713 complura

367 1738 545 1801 loca
591 1737 1102 1814 deformavit,
1153 1737 1389 1799 eedem
1434 1736 1653 1800 Iovis
1699 1737 2184 1816 Tarracinae,
2232 1724 2668 1817 aedem'cet.)

366 1846 652 1927 repetita
675 1844 909 1908 tollere
940 1845 1391 1926 scribereque:
1421 1852 1498 1908 et
1533 1852 1620 1908 ut
1656 1846 2162 1928 supplicatio
2202 1847 2409 1909 diem
2437 1865 2672 1908 unum
2734 1855 2743 1864 '

367 1959 607 2016 esset.
699 1953 1049 2015 Permultis
1108 1952 1268 2015 10013
1340 1953 1434 2015 310
1503 1952 1951 2034 prodigiorum
2021 1974 2220 2017 causa
2278 1952 2669 2036 supplicatio

367 2060 600 2123 habita
647 2061 917 2138 dicitur,
964 2059 1205 2122 nullius
1275 2061 1433 2122 certi
1497 2060 1602 2123 dei
1648 2061 1917 2123 nomine
1956 2063 2199 2143 positO,
2248 2061 2425 2125 velut
2470 2059 2673 2138 XLII,

367 2172 472 2245 20,
522 2172 557 2230 6
611 2167 717 2247 (et
762 2167 1270 2250 supplicatio
1340 2189 1569 2230 unum
1618 2167 1824 2232 diem
1880 2168 2265 2250 feriaeque
2322 2167 2670 2248 habitae).

369 2275 567 2338 Initio
616 2276 870 2357 capitis,
919 2275 1031 2338 ubi
1077 2276 1376 2356 ineptum
1421 2281 1520 2338 est
1558 2275 1942 2340 adverbium
1978 2283 2159 2354 tum,
2197 2275 2477 2340 fortasse
2515 2276 2673 2339 scri-

371 2383 658 2448 bendum
705 2392 835 2447 est:
885 2382 1223 2446 arbores
1272 2381 1506 2461 (hiems
1554 2383 1749 2464 saeva)
1792 2419 1880 2427 —
1925 2384 2244 2448 deussit
2293 2390 2662 2463 cunctas3
2700 2396 2842 2467 (47'7)

353 2490 597 2552 -etiam
644 2490 1082 2573 aliquanto
1142 2511 1370 2572 quam
1427 2491 1641 2554 alias
1700 2490 2025 2574 longior
2070 2493 2243 2555 fuit.
2333 2492 2409 2555 Id
2457 2512 2673 2556 acces-

373 2599 459 2662 sit
506 2599 590 2663 ad
635 2599 1044 2679 saevitiam.¹)

543 2706 697 2789 Cap.
747 2712 847 2784 46,
909 2712 944 2769 6
1004 2715 1234 2788 aperta
1288 2707 1524 2771 lacuna
1568 2708 1635 2770 in
1682 2707 1852 2771 hanc
1897 2708 2177 2771 formam
2233 2708 2390 2788 (non
2446 2708 2673 2790 utique

369 2814 471 2877 his
497 2815 743 2894 verbis)
784 2815 1107 2896 explenda
1144 2824 1267 2877 est:
1318 2836 1482 2895 quae
1531 2815 2016 2894 dicerentur,
2054 2818 2213 2879 nisi
2249 2821 2675 2898 praestaret

367 2942 469 2984 ea
537 2943 1197 2998 commemorare,
1256 2942 1422 3001 quse
1471 2922 1852 3003 mitigare
1900 2944 2035 2986 vos
2081 2924 2442 3005 possint;
2512 2923 2674 2986 nisi

370 3028 589 3094 forte
635 3030 1213 3111 implacabiles
1281 3029 1606 3093 furores
1659 3030 1743 3109 (5³)
1813 3030 2442 3112 implicaverunt
2499 3030 2674 3094 ani-

371 3160 539 3203 mos
610 3143 952 3201 vestros.
1018 3135 1047 3216 ξ
1102 3143 1196 3213 14,
1245 3136 1357 3200 ubi
1416 3136 1689 3200 offendit
1735 3137 2024 3200 nonnihil
2072 3140 2427 3220 repetitum
2486 3158 2674 3220 que-

374 3255 546 3311 stus
591 3281 678 3289 -—
724 3246 977 3328 queri,
1040 3244 1391 3308 videndum
1437 3253 1536 3308 est
1592 3266 1673 3308 ne
1736 3246 1833 3309 sic
1901 3246 2101 3309 scribi
2150 3246 2417 3309 debeat:
2487 3245 2673 3308 inde

356 3354 732 3418 AEmilius
801 3352 1034 3433 q'uum
1081 3352 1264 3428 alia,
1315 3359 1475 3416 tum
1522 3352 1647 3417 bis
1695 3388 1776 3396 —
1834 3374 1915 3416 se
1964 3360 2194 3416 certo
2242 3352 2675 3418 consulatu

424 3649 471 3715 1)
509 3649 772 3701 Proximo
831 3647 1019 3716 capite
1077 3648 1180 3713 (46,
1222 3648 1305 3713 15)
1344 3648 1402 3701 in
1453 3647 1540 3700 his
1595 3646 1785 3700 verbis
1844 3644 1935 3713 (de
1991 3648 2315 3700 censoribus
2351 3646 2583 3699 AEmilio
2621 3652 2678 3699 et

507 3736 709 3788 Fulvio
748 3735 807 3787 in
845 3734 1084 3801 gratiam
1123 3732 1419 3797 reductis):
1468 3731 1794 3784 Omnibus
1850 3732 2305 3797 instantibus,
2363 3732 2474 3798 qui
2513 3731 2671 3785 ade-

509 3827 698 3885 rant,
738 3820 1065 3872 dexteras
1103 3818 1451 3885 fidemque
1500 3817 1782 3882 dedere,
1820 3817 2105 3870 mittere
2153 3835 2316 3870 vere
2355 3836 2427 3871 ac
2464 3817 2675 3870 finire

502 3908 760 3971 odium,
800 3922 979 3972 neque
1020 3903 1251 3956 omissio
1289 3903 1636 3970 pronominis
1675 3901 1907 3967 (fidem
1945 3902 2025 3955 do
2063 3903 2314 3967 facere)
2351 3904 2539 3971 placet
2572 3921 2671 3957 ne-

498 4011 616 4059 que
670 3992 949 4044 mittere
1007 3989 1235 4041 odium
1286 4005 1467 4055 neque
1523 3986 1848 4039 adverbium
1904 4005 2083 4054 vere3
2138 3989 2298 4042 nulla
2351 3990 2499 4042 enim
2553 3993 2678 4042 erat

499 4095 677 4131 causa
714 4076 783 4130 de
821 4076 1085 4130 simulata
1123 4075 1237 4126 odii
1277 4073 1606 4126 remissione
1644 4072 1949 4140 cogitandi.
2009 4072 2294 4127 Correctio
2323 4075 2542 4127 incerta
2570 4078 2674 4141 est,

508 4164 614 4216 nisi
653 4162 805 4229 quod
843 4161 1197 4214 remittere
1236 4177 1303 4211 se
1341 4159 1632 4225 scripsisse
1667 4158 1889 4210 Livium
1924 4176 2195 4226 perquam
2242 4160 2535 4228 probabile
2573 4165 2674 4212 est.

499 4250 921 4315 (Remittere
976 4264 1041 4299 se
1097 4247 1261 4309 iras,
1299 4243 1516 4297 finire
1574 4243 1866 4308 odium?)
1907 4243 2383 4313 [Wesenbergiusz
2439 4246 2673 4298 remit-

505 4339 649 4387 tere
690 4352 756 4387 se
794 4351 868 4387 ac
906 4332 1121 4385 finire
1161 4326 1436 4395 odium]
