3230 5282
704 621 827 677 Lib.
866 620 1036 675 XLII.
1793 610 1917 671 644

705 795 882 859 niam
928 801 996 859 et
1041 795 1340 860 civitates
1384 795 1783 860 coniunctim
1839 794 2163 861 collatam.
2253 792 2814 878 [Wesenbergius:
2878 790 2981 856 di·

707 909 985 968 cerent
1030 903 1125 969 ab
1174 901 1309 986 eo.]

878 1009 1034 1094 Cap.
1082 1015 1183 1091 40,
1234 1014 1271 1073 '7
1318 1009 1414 1092 (in
1462 1009 1534 1087 Q.
1582 1011 1815 1077 Marcii
1860 1010 1944 1076 ad
1988 1011 2365 1097 Philippum
2411 1008 2766 1090 oratione)·
2812 1007 2983 1072 The-

705 1119 964 1185 banos
1008 1118 1362 1202 legatos,
1409 1119 1793 1185 Euersam
1841 1117 1925 1201 (?)
1973 1127 2051 1185 et
2098 1119 2639 1196 Callicritum,
2685 1117 2986 1182 venien-

706 1233 831 1293 tes
879 1249 919 1293 a
962 1227 1230 1307 nobis,
1279 1248 1640 1310 quaerere
1684 1228 1909 1307 malo,
1958 1230 2135 1312 quis
2181 1225 2726 1304 interfecerit,
2776 1244 2989 1309 quam

706 1355 1068 1418 arguere.
1161 1334 1319 1401 Cod.
1379 1356 1420 1400 a
1463 1356 1639 1417 nos,
1707 1336 1902 1402 scrib.
1950 1336 2050 1402 ad
2107 1357 2277 1416 nos,
2326 1333 2587 1400 sublato
2647 1355 2892 1413 errore,
2930 1334 2991 1396 in

538 1457 681 1528 (533)
719 1465 910 1527 quem
954 1464 1245 1529 persaepe
1289 1444 1395 1509 hic
1439 1444 1749 1510 librarius
1805 1445 2041 1510 incidit
2108 1442 2170 1525 (a
2214 1464 2333 1528 pro
2392 1441 2531 1524 ad).
2621 1441 2990 1507 Interfectos

705 1551 823 1617 hos
868 1552 1165 1617 homines
1212 1573 1372 1632 esse,
1419 1574 1622 1636 quum
1668 1554 1945 1619 Romam
1992 1555 2163 1618 irent
2210 1552 2579 1632 (delaturos
2628 1571 2697 1616 se
2744 1551 2832 1616 ad
2875 1550 2988 1614 Ro·

706 1682 934 1726 manos
982 1659 1291 1743 professi,
1338 1680 1484 1743 quae
1530 1681 1571 1726 a
1613 1661 1855 1728 Perseo
1913 1659 2321 1745 agerentur),
2388 1679 2520 1724 non
2587 1680 2791 1741 quum
2856 1657 2991 1723 inde

707 1769 1013 1849 redirent,
1060 1776 1337 1853 apparet
1383 1791 1417 1834 e
1465 1789 1520 1834 c.
1570 1773 1668 1848 13,
1717 1773 1772 1834 7.
1869 1769 1971 1851 (In
2030 1768 2062 1853 ξ
2126 1774 2155 1833 1
2207 1769 2376 1833 sitne
2433 1768 2829 1851 simpliciter
2883 1764 2993 1831 tol·

705 1877 972 1942 lendum
1026 1899 1169 1943 nos
1229 1898 1314 1942 an
1358 1878 1776 1955 mutandum,
1844 1880 2093 1957 nesci03
2164 1899 2311 1942 cum
2376 1876 2996 1959 respondeamus

708 1985 970 2068 quidem
1017 1987 1323 2069 coniungi
1370 1983 1648 2068 nequit.)

879 2092 1039 2179 Cap.
1087 2100 1187 2175 41,
1238 2098 1274 2158 9
1323 2094 1418 2175 (in
1462 2094 1753 2180 Philippi
1799 2095 1884 2160 ad
1927 2096 2249 2161 Marcium
2294 2093 2653 2168 oratione):
2700 2090 2805 2156 Et
2848 2091 2995 2156 haec

709 2202 1034 2288 quidem
1079 2202 1278 2266 mihi
1323 2209 1733 2286 tamquam
1780 2224 2112 2270 causam
2160 2203 2470 2268 dicenti
2509 2219 2643 2266 reo
2683 2200 3000 2265 obiecta

709 2317 925 2390 sunt,
970 2310 1120 2375 illa
1164 2316 1572 2395 tamquam
1619 2313 1795 2394 regi
1842 2319 1923 2377 et
1980 2334 2148 2398 quae
2206 2313 2302 2377 de
2357 2310 2725 2386 foedere,
2799 2306 3001 2393 quod

709 2418 903 2482 mihi
949 2425 1071 2483 est
1113 2418 1553 2499 vobiscum,
1604 2420 2301 2504 disceptat-ionem
2335 2419 2711 2485 habeant.
2772 2418 2854 2483 In
2894 2417 3003 2482 hac

710 2526 1026 2591 orationis
1081 2526 1293 2592 forma
1346 2527 1491 2592 illa
1550 2549 1908 2611 pronomen
1953 2529 2204 2594 infinite
2252 2529 2663 2595 demonstrat
2708 2547 2826 2606 ea,
2874 2543 3003 2608 quae

711 2633 1125 2701 subiecturus
1192 2641 1344 2721 post
1401 2635 1682 2703 Perseus
1741 2645 1869 2717 est,
1940 2636 2378 2720 definiturque
2444 2634 2770 2722 particula
2818 2656 3002 2711 nam,

710 2743 884 2825 quod
929 2765 1133 2828 genus
1181 2732 1588 2829 pronominis
1645 2746 1790 2811 ille
1860 2746 2148 2831 ponendi
2205 2745 2381 2831 apud
2440 2743 2823 2810 Ciceronem
2891 2742 3003 2806 fre·

711 2874 915 2936 quens
962 2861 1063 2919 est
1110 2853 1263 2935 (vid.
1311 2853 1526 2919 Hand.
1575 2853 1764 2919 Turs.
1816 2854 1879 2919 II
1923 2878 1984 2939 p.
2035 2858 2176 2933 379,
2226 2854 2462 2938 Opusc.
2509 2874 2657 2917 mea
2701 2850 2908 2916 Acad.
2950 2846 3004 2913 Π

711 2984 773 3045 p.
821 2960 1002 3043 286);
1049 2961 1307 3046 reliqua
1351 2968 1570 3028 autem
1615 2963 1711 3027 sic
1759 2963 2130 3028 enarranda
2187 2967 2367 3026 sunt:
2436 2967 2512 3025 et
2577 2957 3003 3031 eiusmodi,

710 3077 794 3135 ut
847 3106 934 3115 —
993 3070 1699 3154 disceptationem
1744 3070 2119 3136 habeant.
2210 3068 2338 3134 Sed
2383 3075 2458 3134 ut
2503 3065 2870 3133 concedam
2912 3064 3004 3129 Li·

713 3180 884 3244 vium
929 3178 1052 3244 hoc
1096 3178 1292 3243 modo
1338 3180 1724 3263 pronomine
1772 3178 1918 3244 ille
1965 3186 2033 3245 et
2074 3176 2403 3263 particula
2446 3197 2625 3241 nam
2669 3175 2779 3239 hic
2827 3193 3003 3239 usum

713 3308 889 3366 esse,
938 3289 1125 3353 cuius
1169 3309 1328 3353 usus
1373 3308 1577 3351 unum
1637 3294 1958 3371 praeterea
2025 3286 2199 3370 apud
2260 3307 2406 3351 eum
2452 3283 2828 3367 exemplum
2871 3303 3003 3364 rep·

710 3396 874 3478 peri,
919 3395 1162 3473 XXIII,
1210 3399 1266 3474 7,
1316 3398 1372 3474 3,
1418 3415 1632 3477 neque
1676 3417 1945 3479 prorsus
1992 3394 2416 3472 contendam,
2474 3400 2629 3477 post
2675 3390 3005 3457 obiecta

714 3510 902 3568 sunt
971 3501 1316 3569 dicendum
1374 3502 1574 3567 fuisse
1642 3503 2066 3583 haberent,
2135 3509 2313 3567 certe
2358 3521 2571 3586 neque
2616 3507 3003 3582 tamquam

709 3612 883 3693 regi
929 3618 1006 3676 et
1051 3632 1219 3697 quae
1265 3611 1358 3676 sic
1404 3612 1711 3695 coniungi
1756 3618 2064 3696 possunt,
2110 3616 2186 3675 ut
2230 3630 2397 3693 quae
2443 3629 2561 3693 pro
2609 3603 3004 3672 eiusmodi

713 3739 882 3801 quae
931 3719 1298 3805 (tamquam
1343 3699 1752 3803 praecedente
1801 3718 2152 3801 adiectivo)
2200 3717 2593 3801 accipiatur,
2650 3735 2865 3797 neque
2922 3732 3003 3788 ea,

714 3847 858 3912 quae
905 3834 1290 3911 sequuntur,
1336 3828 1896 3894 enumerationem
1929 3827 2181 3893 habent
2213 3846 2433 3891 rerum
2469 3831 2694 3908 aptam
2719 3822 2806 3888 ad
2839 3821 3003 3886 illam

710 3934 1033 4002 infinitam
1079 3936 1709 4002 demonstrationem
1757 3934 2227 4014 definiendam,
2290 3932 2406 3998 sed
2449 3933 2662 4016 ipsam
2708 3928 3006 4015 quaestio·

712 4065 891 4125 nem,
939 4045 1153 4111 sintne
1200 4065 1308 4124 ea,
1376 4065 1522 4129 quae
1565 4044 1853 4110 Marcius
1899 4040 2457 4121 commemoravit,
2506 4046 2740 4106 contra
2784 4036 3006 4104 foedus

711 4151 908 4217 facta.
977 4152 1147 4219 Casu
1190 4153 1391 4237 igitur
1434 4159 1593 4217 nata
1639 4159 1741 4217 est
1783 4151 1923 4216 haec
1966 4151 2238 4216 rarioris
2280 4147 2545 4242 ‘dicendi
2599 4148 2827 4213 formae
2875 4164 3006 4229 spe-

713 4261 846 4325 cies
881 4262 1371 4347 scripseratque
1405 4260 1653 4326 Livius:
1693 4259 1846 4325 illa
1876 4266 2291 4341 tamquam
2327 4256 2510 4339 regi,
2546 4275 2697 4333 quae
2735 4255 2828 4319 de
2865 4253 3008 4317 foe·

717 4369 943 4448 dere,
991 4370 1199 4453 quod
1243 4369 1439 4434 mihi
1483 4375 1610 4434 est
1652 4367 2097 4445 vobiscum,
2155 4365 2849 4449 disceptationem
2894 4362 3009 4448 §⁸-

715 4479 1005 4543 bebut.
1093 4476 1409 4543 Habeat
1473 4496 1596 4560 pro
1662 4475 2022 4542 habebat
2085 4476 2155 4540 in
2213 4474 2435 4540 codice
2490 4472 2803 4538 scri-bitur
2850 4465 3007 4544 XLI,
