3230 5282
1430 604 1547 663 301
2313 612 2436 666 Lib.
2475 609 2650 665 XXII.

336 812 469 854 non
514 794 757 873 potest.
847 787 979 853 Pro
1047 786 1206 852 fam
1267 786 1588 869 scriptum
1644 793 1748 851 est
1792 808 1990 866 eam,
2059 785 2295 852 deinde
2343 807 2454 863 eo,
2523 804 2650 864 quo

338 898 631 979 proxime
689 896 856 974 dixi,
912 894 1107 959 modo
1166 893 1469 961 additum
1515 914 1744 959 verum
1790 892 1974 973 fam,
2032 895 2126 959 sic
2171 900 2401 959 natum
2447 911 2652 956 eam·

339 1002 674 1084 famam.)
766 1001 903 1085 [Sic
946 1003 1081 1069 iam
1124 1002 1224 1067 vir
1268 1002 1507 1068 doctus
1552 1001 1622 1065 in
1666 1023 1791 1085 mg.
1841 1002 1942 1067 ed.
1991 998 2416 1083 Curionis.]¹)

511 1111 669 1194 Cap.
723 1115 822 1192 32,
874 1116 940 1175 1:
1012 1108 1404 1177 Consules
1448 1144 1535 1154 —
1579 1110 2054 1176 Minuciano
2102 1109 2476 1175 exercitu
2523 1127 2654 1172 ac-

340 1227 604 1303 cepte,
682 1218 1254 1284 hibernaculis
1314 1224 1630 1283 mature
1691 1217 2213 1282 communitis
2282 1216 2656 1299 (medium

340 1328 709 1393 autumni
768 1327 999 1409 erat),
1045 1327 1286 1392 Fabii
1344 1325 1667 1391 artibus
1725 1346 1893 1390 cum
1950 1345 2247 1390 summa
2302 1325 2521 1388 inter
2575 1343 2654 1387 se

340 1434 794 1500 concordia
860 1434 1159 1499 bellum
1225 1440 1686 1516 gesserunt.
1798 1433 1903 1498 Ita
1959 1454 1995 1499 e
2054 1434 2433 1498 coniectura
2492 1430 2657 1496 Gro-

340 1544 516 1608 novii
551 1543 895 1623 scribitur3
933 1562 1087 1607 nam
1120 1543 1186 1606 in
1228 1541 1572 1608 codicibus
1607 1542 1899 1624 antiquis
1935 1547 2107 1606 erat:
2146 1560 2376 1622 quom
2414 1538 2658 1620 (Pm.1;

338 1651 515 1716 Pm.2
558 1649 677 1715 GM
713 1672 904 1731 cum,
951 1649 1503 1733 quemadmodum
1547 1650 1924 1715 coniunctio
1973 1650 2173 1714 etiam
2215 1648 2285 1713 in
2316 1646 2368 1711 P
2402 1668 2660 1731 semper

341 1758 679 1840 scribitur)
728 1758 1096 1824 autumni
1153 1764 1349 1822 erat.
1452 1758 1539 1822 Et
1584 1758 1915 1823 sententia
1958 1756 2189 1822 melior
2237 1757 2363 1821 erit
2408 1754 2650 1839 (neque
2689 1763 2831 1831 (24⁷)

342 1868 515 1932 enim
560 1866 776 1932 medio
823 1873 1083 1957 tantum
1129 1871 1466 1944 autumn0,
1525 1865 1643 1930 sed
1688 1887 1805 1948 per
1849 1871 2079 1945 totum,
2136 1865 2251 1948 qui
2293 1869 2658 1948 supererat,

339 1995 547 2059 usque
619 1974 707 2040 ad
763 1974 1044 2040 hiemem
1099 1976 1198 2039 ita
1250 1973 1497 2039 bellum
1556 1980 1811 2056 gestum
1870 1973 1998 2055 est)
2079 1979 2145 2037 et
2199 1972 2419 2038 mendi
2476 1972 2658 2055 origo

343 2083 729 2166 apparebit,
791 2084 847 2148 si
892 2083 1376 2165 scripserimus:
1447 2080 2019 2147 hibernaculis
2077 2088 2390 2146 mature
2451 2100 2658 2144 com-

340 2191 703 2269 munitis,
789 2192 982 2268 quod
1050 2190 1428 2267 reliquo·
1510 2190 1880 2255 autumni
1954 2196 2157 2267 erat,
2235 2187 2468 2252 Fabii
2535 2208 2658 2252 ar-

341 2297 567 2364 tibus
622 2305 744 2363 cet.
837 2298 1080 2363 *Paulo
1126 2304 1278 2381 post
1322 2296 1384 2380 (3
1432 2296 1496 2379 3)
1542 2298 1608 2361 in
1656 2297 1995 2363 codicibus
2041 2293 2146 2360 PC
2193 2295 2358 2377 (Pal.
2386 2294 2452 2376 2)
2501 2296 2660 2362 scri-

352 2406 560 2486 bitur,
627 2406 1067 2472 Hannibalem
1133 2427 1211 2471 eo
1279 2405 1520 2489 inopiae
1585 2406 1930 2471 redactum
1996 2404 2229 2483 fuisse,
2315 2410 2431 2481 ut,
2500 2404 2660 2468 nisi

345 2536 512 2580 cum
546 2514 752 2597 fugae
789 2515 1062 2599 specie
1089 2513 1291 2594 (Pm.l
1321 2512 1704 2597 speciem)
1741 2512 2189 2578 abeundum
2222 2514 2660 2592 timuisset,

347 2622 695 2688 Galliam
760 2622 1289 2707 repetiturus
1358 2622 1644 2701 fuerit3
1711 2622 1778 2686 in
1847 2643 1976 2704 quo
2043 2621 2290 2687 timeo
2351 2622 2658 2688 abeun-

347 2730 523 2796 dum
571 2753 691 2814 pro
736 2753 832 2797 ne
880 2731 1165 2797 abeam
1213 2730 1360 2812 (aut
1404 2751 1524 2813 pro
1569 2750 1860 2796 vereor
1905 2730 2163 2810 abire)
2209 2730 2369 2795 ferri
2412 2731 2656 2812 nequit.

345 2838 612 2904 Editum
656 2839 794 2905 fere
841 2847 972 2905 est:
1044 2840 1201 2904 nisi
1260 2846 1429 2904 tum
1477 2838 1678 2920 fugae
1734 2839 2084 2921 speciem
2140 2837 2519 2904 abeundo
2564 2840 2658 2903 ti-

346 2949 716 3026 muisset,
797 2948 1021 3013 nescio
1094 2967 1227 3031 qua
1296 2947 1719 3024 auctoritate,
1800 2953 2090 3011 ceterum
2161 2946 2428 3025 vitiose3
2507 2967 2660 3010 nam

344 3076 557 3140 neque
619 3063 811 3136 tum,
868 3056 1045 3138 quod
1102 3061 1287 3139 agat,
1346 3053 1551 3119 habet
1605 3074 1817 3135 neque
1876 3053 2226 3136 speciem
2284 3052 2657 3119 abeundo

343 3164 592 3228 timeo
637 3163 870 3229 Latine
917 3162 1160 3229 dicitur
1206 3183 1326 3246 pro
1374 3183 1483 3241 eo,
1550 3160 1729 3243 quod
1774 3168 1908 3227 est:
1977 3162 2247 3240 timeo,
2316 3181 2406 3225 ne
2466 3159 2656 3225 abe-

401 3432 453 3496 ¹)
489 3432 777 3503 Principio
814 3435 1017 3505 capitis
1054 3432 1114 3502 (§
1156 3434 1209 3498 1)
1246 3434 1436 3502 potius
1472 3449 1594 3501 per
1630 3432 2040 3499 (dictatoris
2077 3433 2335 3499 castra)
2374 3449 2541 3500 quam
2578 3432 2658 3486 ad

483 3518 820 3574 addendum.
913 3520 982 3573 In
1029 3518 1061 3588 ἓ
1113 3522 1146 3573 5
1192 3518 1440 3573 tenenda
1496 3523 1620 3571 erat
1672 3534 1805 3572 vera
1853 3517 2122 3572 Gronovii
2167 3518 2492 3572 coniectura
2538 3516 2658 3584 (me

482 3605 965 3672 magisterium
1024 3605 1361 3673 equitum,
1417 3603 1541 3656 hos
1600 3603 1894 3658 ordines
1953 3620 2116 3657 suos
2165 3620 2502 3671 quemque
2552 3607 2654 3656 te·

483 3706 650 3742 nere
686 3691 983 3757 iubeas),
1030 3706 1145 3744 non
1182 3688 1538 3742 efficiendum
1576 3688 1891 3742 inauditum
1928 3695 1984 3742 et
2020 3687 2352 3743 incredibile
2389 3688 2658 3755 loquendi

485 3790 691 3841 genus,
740 3780 801 3829 ut
836 3775 1104 3842 magister
1141 3774 1418 3842 equitum,
1469 3773 1674 3841 quibus
1714 3773 1939 3827 ordines
1979 3791 2110 3828 suos
2148 3779 2359 3840 servat,
2410 3789 2505 3827 eos
2545 3774 2658 3826 suis

485 3859 779 3914 ordinibus
829 3866 1016 3913 tenere
1061 3859 1310 3923 dicatur,
1367 3875 1539 3925 quum
1585 3859 1900 3926 praesertim
1947 3875 2064 3911 non
2100 3859 2371 3926 magister
2406 3856 2658 3925 equitum

483 3943 541 3996 id
590 3943 775 4000 facere
824 3944 1099 3999 iubendus
1147 3949 1323 4008 esset,
1373 3943 1471 3998 sed
1509 3960 1543 3996 a
1578 3942 1854 3997 dictatore
1903 3943 2024 4012 ipse
2060 3943 2273 4007 primus
2309 3943 2383 4009 (si
2420 3943 2506 3996 dis
2543 3943 2660 4011 pla·

486 4029 602 4092 cet)
651 4048 752 4083 suo
790 4030 988 4084 ordine
1024 4027 1331 4083 tenendus.
1379 4027 1582 4082 deinde
1629 4028 1802 4081 ceteri
1848 4035 2049 4082 essent,
2134 4026 2328 4095 Neque
2365 4045 2412 4081 c.
2450 4030 2545 4094 31,
2597 4031 2660 4080 10

485 4113 635 4167 inter
686 4114 905 4169 fuisse
959 4122 1014 4168 et
1069 4113 1463 4167 obtinuisse
1518 4111 1807 4167 ferendum
1861 4117 1968 4165 est
2023 4113 2081 4165 in
2134 4129 2192 4165 re
2246 4111 2424 4165 nihilo
2478 4113 2656 4180 magis

483 4205 667 4266 certa,
713 4218 879 4269 quam
927 4200 1139 4266 reliqua
1186 4203 1368 4264 erant,
1420 4214 1526 4252 nec
1561 4199 1743 4265 magis
1780 4199 1892 4251 isto
1929 4197 2099 4251 modo
2136 4214 2242 4266 pro
2280 4203 2433 4250 certo
2469 4197 2659 4264 posita

481 4301 651 4351 quam
689 4287 746 4340 in
782 4287 961 4339 altera
998 4285 1277 4352 scriptura
1313 4283 1620 4348 (Caelium
1648 4308 1716 4318 —
1744 4281 1932 4349 fugit
1959 4310 2028 4319 —
2057 4282 2426 4336 decursum
2465 4280 2654 4346 esse).

484 4367 718 4424 Infinita
752 4370 1075 4425 huiusmodi
1113 4368 1411 4435 finguntur.
2651 4384 2664 4391 ·
