<?xml version="1.0" encoding="UTF-8"?>
<!DOCTYPE html PUBLIC "-//W3C//DTD XHTML 1.0 Transitional//EN"
    "http://www.w3.org/TR/xhtml1/DTD/xhtml1-transitional.dtd">
<html xmlns="http://www.w3.org/1999/xhtml" xml:lang="en" lang="en">
 <head>
  <title>
</title>
<meta http-equiv="Content-Type" content="text/html;charset=utf-8" />
  <meta name='ocr-system' content='tesseract 3.04.00' />
  <meta name='ocr-capabilities' content='ocr_page ocr_carea ocr_par ocr_line ocrx_word'/>
</head>
<body>
  <div class='ocr_page' id='page_1' title='image "./emendationesliv03madvgoog_0486.png"; bbox 0 0 3230 5282; ppageno 0'>
   <div class='ocr_carea' id='block_1_1' title="bbox 469 469 1685 558">
    <p class='ocr_par' dir='ltr' id='par_1_1' title="bbox 469 469 1685 558">
     <span class='ocr_line' id='line_1_1' title="bbox 469 469 1685 558; baseline -0.016 -1"><span class='ocrx_word' id='word_1_1' title='bbox 469 502 595 558; x_wconf 85' lang='lat' dir='ltr'>Lib.</span> <span class='ocrx_word' id='word_1_2' title='bbox 632 499 831 554; x_wconf 76' lang='lat' dir='ltr'>xm.</span> <span class='ocrx_word' id='word_1_3' title='bbox 1560 469 1685 540; x_wconf 81' lang='lat'><strong>4&#39;7&#39;2</strong></span> 
     </span>
    </p>
   </div>
   <div class='ocr_carea' id='block_1_2' title="bbox 302 656 2829 4420">
    <p class='ocr_par' dir='ltr' id='par_1_2' title="bbox 302 656 2829 4420">
     <span class='ocr_line' id='line_1_2' title="bbox 468 656 2790 750; baseline -0.006 -12"><span class='ocrx_word' id='word_1_4' title='bbox 468 675 535 738; x_wconf 92' lang='lat' dir='ltr'>in</span> <span class='ocrx_word' id='word_1_5' title='bbox 604 669 944 737; x_wconf 80' lang='lat' dir='ltr'><strong>codicibus</strong></span> <span class='ocrx_word' id='word_1_6' title='bbox 1002 666 1416 750; x_wconf 80' lang='lat' dir='ltr'>vulgaribus,</span> <span class='ocrx_word' id='word_1_7' title='bbox 1488 663 1728 747; x_wconf 91' lang='lat' dir='ltr'>quibus</span> <span class='ocrx_word' id='word_1_8' title='bbox 1794 665 2068 745; x_wconf 91' lang='lat' dir='ltr'>propter</span> <span class='ocrx_word' id='word_1_9' title='bbox 2122 656 2626 739; x_wconf 87' lang='lat' dir='ltr'>Bambergensis</span> <span class='ocrx_word' id='word_1_10' title='bbox 2681 660 2790 725; x_wconf 79' lang='lat' dir='ltr'>la·</span> 
     </span>
     <span class='ocr_line' id='line_1_3' title="bbox 470 762 2792 849; baseline -0.005 -4"><span class='ocrx_word' id='word_1_11' title='bbox 470 801 705 845; x_wconf 85' lang='lat' dir='ltr'>cunam</span> <span class='ocrx_word' id='word_1_12' title='bbox 762 776 923 842; x_wconf 91' lang='lat' dir='ltr'>solis</span> <span class='ocrx_word' id='word_1_13' title='bbox 981 775 1246 839; x_wconf 91' lang='lat' dir='ltr'>utimur.</span> <span class='ocrx_word' id='word_1_14' title='bbox 1360 771 1539 837; x_wconf 87' lang='lat' dir='ltr'>Infra</span> <span class='ocrx_word' id='word_1_15' title='bbox 1595 772 1665 833; x_wconf 91' lang='lat' dir='ltr'>in</span> <span class='ocrx_word' id='word_1_16' title='bbox 1723 769 1850 832; x_wconf 91' lang='lat' dir='ltr'>hoc</span> <span class='ocrx_word' id='word_1_17' title='bbox 1907 768 2120 849; x_wconf 87' lang='lat' dir='ltr'>capite</span> <span class='ocrx_word' id='word_1_18' title='bbox 2181 762 2241 846; x_wconf 64' lang='grc' dir='ltr'>(ἓ</span> <span class='ocrx_word' id='word_1_19' title='bbox 2288 766 2388 847; x_wconf 86' lang='grc'>9),</span> <span class='ocrx_word' id='word_1_20' title='bbox 2455 766 2568 832; x_wconf 89' lang='lat' dir='ltr'>ubi</span> <span class='ocrx_word' id='word_1_21' title='bbox 2626 770 2792 834; x_wconf 69' lang='lat' dir='ltr'>ede-</span> 
     </span>
     <span class='ocr_line' id='line_1_4' title="bbox 469 876 2781 961; baseline -0.004 -10"><span class='ocrx_word' id='word_1_22' title='bbox 469 887 696 951; x_wconf 83' lang='lat' dir='ltr'><strong>batur:</strong></span> <span class='ocrx_word' id='word_1_23' title='bbox 764 884 1103 961; x_wconf 79' lang='lat' dir='ltr'>nulliuS,</span> <span class='ocrx_word' id='word_1_24' title='bbox 1159 882 1320 946; x_wconf 90' lang='lat' dir='ltr'>nisi</span> <span class='ocrx_word' id='word_1_25' title='bbox 1378 881 1582 957; x_wconf 93' lang='lat' dir='ltr'>eius,</span> <span class='ocrx_word' id='word_1_26' title='bbox 1639 878 1774 960; x_wconf 91' lang='lat' dir='ltr'>qui</span> <span class='ocrx_word' id='word_1_27' title='bbox 1831 876 2490 958; x_wconf 88' lang='lat' dir='ltr'>triumphaturus</span> <span class='ocrx_word' id='word_1_28' title='bbox 2536 884 2781 957; x_wconf 87' lang='lat' dir='ltr'>esset,</span> 
     </span>
     <span class='ocr_line' id='line_1_5' title="bbox 469 982 2788 1072; baseline -0.004 -14"><span class='ocrx_word' id='word_1_29' title='bbox 469 993 686 1059; x_wconf 89' lang='lat' dir='ltr'>haud</span> <span class='ocrx_word' id='word_1_30' title='bbox 752 1013 1055 1069; x_wconf 91' lang='lat' dir='ltr'>eorum,</span> <span class='ocrx_word' id='word_1_31' title='bbox 1143 990 1277 1072; x_wconf 87' lang='lat' dir='ltr'>qui</span> <span class='ocrx_word' id='word_1_32' title='bbox 1344 987 1561 1052; x_wconf 93' lang='lat' dir='ltr'>bello</span> <span class='ocrx_word' id='word_1_33' title='bbox 1632 982 2252 1061; x_wconf 80' lang='lat' dir='ltr'><strong>interfuissent,</strong></span> <span class='ocrx_word' id='word_1_34' title='bbox 2328 984 2574 1049; x_wconf 90' lang='lat' dir='ltr'>verba</span> <span class='ocrx_word' id='word_1_35' title='bbox 2638 1007 2788 1049; x_wconf 79' lang='lat' dir='ltr'>au-</span> 
     </span>
     <span class='ocr_line' id='line_1_6' title="bbox 472 1088 2782 1178; baseline -0.003 -13"><span class='ocrx_word' id='word_1_36' title='bbox 472 1101 722 1178; x_wconf 91' lang='lat' dir='ltr'>diret,</span> <span class='ocrx_word' id='word_1_37' title='bbox 787 1097 1391 1174; x_wconf 83' lang='lat' dir='ltr'>WeissenborniuS,</span> <span class='ocrx_word' id='word_1_38' title='bbox 1460 1115 1659 1175; x_wconf 90' lang='lat' dir='ltr'>quum</span> <span class='ocrx_word' id='word_1_39' title='bbox 1724 1093 1791 1155; x_wconf 91' lang='lat' dir='ltr'>in</span> <span class='ocrx_word' id='word_1_40' title='bbox 1859 1090 2197 1155; x_wconf 85' lang='lat' dir='ltr'>codicibus</span> <span class='ocrx_word' id='word_1_41' title='bbox 2265 1088 2346 1170; x_wconf 87' lang='lat' dir='ltr'>(B</span> <span class='ocrx_word' id='word_1_42' title='bbox 2415 1097 2483 1157; x_wconf 90' lang='lat' dir='ltr'>et</span> <span class='ocrx_word' id='word_1_43' title='bbox 2547 1113 2782 1157; x_wconf 88' lang='lat' dir='ltr'>novem</span> 
     </span>
     <span class='ocr_line' id='line_1_7' title="bbox 470 1197 2780 1289; baseline -0.004 -17"><span class='ocrx_word' id='word_1_44' title='bbox 470 1206 704 1287; x_wconf 87' lang='lat' dir='ltr'>Drak.)</span> <span class='ocrx_word' id='word_1_45' title='bbox 753 1228 871 1289; x_wconf 89' lang='lat' dir='ltr'>pro</span> <span class='ocrx_word' id='word_1_46' title='bbox 919 1205 1164 1284; x_wconf 89' lang='lat' dir='ltr'>haud,</span> <span class='ocrx_word' id='word_1_47' title='bbox 1233 1202 1411 1288; x_wconf 92' lang='lat' dir='ltr'>quod</span> <span class='ocrx_word' id='word_1_48' title='bbox 1460 1201 1627 1265; x_wconf 89' lang='lat' dir='ltr'>Livii</span> <span class='ocrx_word' id='word_1_49' title='bbox 1687 1204 1752 1264; x_wconf 89' lang='lat' dir='ltr'>et</span> <span class='ocrx_word' id='word_1_50' title='bbox 1805 1197 1942 1263; x_wconf 85' lang='lat' dir='ltr'>fere</span> <span class='ocrx_word' id='word_1_51' title='bbox 2001 1198 2290 1262; x_wconf 92' lang='lat' dir='ltr'>omnium</span> <span class='ocrx_word' id='word_1_52' title='bbox 2350 1201 2500 1263; x_wconf 91' lang='lat' dir='ltr'>usui</span> <span class='ocrx_word' id='word_1_53' title='bbox 2545 1200 2609 1262; x_wconf 91' lang='lat' dir='ltr'>in</span> <span class='ocrx_word' id='word_1_54' title='bbox 2656 1202 2780 1266; x_wconf 92' lang='lat' dir='ltr'>tali</span> 
     </span>
     <span class='ocr_line' id='line_1_8' title="bbox 472 1307 2780 1390; baseline -0.004 -10"><span class='ocrx_word' id='word_1_55' title='bbox 472 1315 790 1388; x_wconf 86' lang='lat' dir='ltr'>orationis</span> <span class='ocrx_word' id='word_1_56' title='bbox 855 1314 1068 1378; x_wconf 83' lang='lat' dir='ltr'>forma</span> <span class='ocrx_word' id='word_1_57' title='bbox 1125 1310 1269 1390; x_wconf 92' lang='lat' dir='ltr'>(ubi</span> <span class='ocrx_word' id='word_1_58' title='bbox 1326 1309 1732 1374; x_wconf 89' lang='lat' dir='ltr'>contrarium</span> <span class='ocrx_word' id='word_1_59' title='bbox 1789 1307 2116 1390; x_wconf 83' lang='lat' dir='ltr'>superiori</span> <span class='ocrx_word' id='word_1_60' title='bbox 2173 1307 2479 1389; x_wconf 86' lang='lat' dir='ltr'>negatur)</span> <span class='ocrx_word' id='word_1_61' title='bbox 2540 1329 2780 1390; x_wconf 92' lang='lat' dir='ltr'>repug-</span> 
     </span>
     <span class='ocr_line' id='line_1_9' title="bbox 469 1414 2782 1501; baseline -0.002 -14"><span class='ocrx_word' id='word_1_62' title='bbox 469 1444 627 1488; x_wconf 86' lang='lat' dir='ltr'>nare</span> <span class='ocrx_word' id='word_1_63' title='bbox 666 1420 1218 1501; x_wconf 90' lang='lat' dir='ltr'>Stuerenburgius</span> <span class='ocrx_word' id='word_1_64' title='bbox 1256 1416 1366 1497; x_wconf 88' lang='lat' dir='ltr'>(ad</span> <span class='ocrx_word' id='word_1_65' title='bbox 1393 1415 1523 1481; x_wconf 88' lang='lat' dir='ltr'>Cic.</span> <span class='ocrx_word' id='word_1_66' title='bbox 1552 1414 1675 1480; x_wconf 86' lang='lat' dir='ltr'>Off.</span> <span class='ocrx_word' id='word_1_67' title='bbox 1701 1438 1763 1498; x_wconf 92' lang='lat' dir='ltr'>p.</span> <span class='ocrx_word' id='word_1_68' title='bbox 1796 1419 1908 1478; x_wconf 88' lang='grc'>141</span> <span class='ocrx_word' id='word_1_69' title='bbox 1941 1415 2041 1479; x_wconf 91' lang='lat' dir='ltr'>ed.</span> <span class='ocrx_word' id='word_1_70' title='bbox 2077 1415 2135 1495; x_wconf 94' lang='lat'>1)</span> <span class='ocrx_word' id='word_1_71' title='bbox 2176 1415 2665 1496; x_wconf 88' lang='lat' dir='ltr'>demonstravit,</span> <span class='ocrx_word' id='word_1_72' title='bbox 2701 1425 2782 1482; x_wconf 90' lang='lat' dir='ltr'>et</span> 
     </span>
     <span class='ocr_line' id='line_1_10' title="bbox 474 1522 2779 1606; baseline -0.002 -12"><span class='ocrx_word' id='word_1_73' title='bbox 474 1530 675 1594; x_wconf 84' lang='lat' dir='ltr'>scribi</span> <span class='ocrx_word' id='word_1_74' title='bbox 719 1528 1002 1606; x_wconf 88' lang='lat' dir='ltr'>videret,</span> <span class='ocrx_word' id='word_1_75' title='bbox 1064 1526 1301 1604; x_wconf 79' lang='lat' dir='ltr'>edidit,</span> <span class='ocrx_word' id='word_1_76' title='bbox 1360 1525 1622 1589; x_wconf 87' lang='lat' dir='ltr'>adiecta</span> <span class='ocrx_word' id='word_1_77' title='bbox 1667 1523 1880 1588; x_wconf 88' lang='lat' dir='ltr'>altera</span> <span class='ocrx_word' id='word_1_78' title='bbox 1923 1522 2205 1605; x_wconf 88' lang='lat' dir='ltr'>negandi</span> <span class='ocrx_word' id='word_1_79' title='bbox 2250 1543 2436 1587; x_wconf 91' lang='lat' dir='ltr'>voce:</span> <span class='ocrx_word' id='word_1_80' title='bbox 2507 1530 2585 1588; x_wconf 91' lang='lat' dir='ltr'>et</span> <span class='ocrx_word' id='word_1_81' title='bbox 2628 1546 2779 1595; x_wconf 90' lang='lat' dir='ltr'>non</span> 
     </span>
     <span class='ocr_line' id='line_1_11' title="bbox 474 1629 2785 1719; baseline -0.002 -17"><span class='ocrx_word' id='word_1_82' title='bbox 474 1659 761 1702; x_wconf 91' lang='lat' dir='ltr'>eorum.</span> <span class='ocrx_word' id='word_1_83' title='bbox 865 1633 1250 1719; x_wconf 89' lang='lat' dir='ltr'>Sequendus</span> <span class='ocrx_word' id='word_1_84' title='bbox 1309 1638 1451 1697; x_wconf 87' lang='lat' dir='ltr'>erat</span> <span class='ocrx_word' id='word_1_85' title='bbox 1508 1631 1894 1714; x_wconf 87' lang='lat' dir='ltr'>simpliciter</span> <span class='ocrx_word' id='word_1_86' title='bbox 1939 1629 2489 1714; x_wconf 87' lang='lat' dir='ltr'>Stuerenburgius</span> <span class='ocrx_word' id='word_1_87' title='bbox 2543 1632 2785 1698; x_wconf 79' lang='lat' dir='ltr'>tollen-</span> 
     </span>
     <span class='ocr_line' id='line_1_12' title="bbox 474 1738 2784 1828; baseline -0.001 -19"><span class='ocrx_word' id='word_1_88' title='bbox 474 1745 690 1828; x_wconf 87' lang='lat' dir='ltr'>daque</span> <span class='ocrx_word' id='word_1_89' title='bbox 746 1744 1009 1825; x_wconf 90' lang='lat' dir='ltr'>negatio</span> <span class='ocrx_word' id='word_1_90' title='bbox 1068 1748 1134 1805; x_wconf 89' lang='lat' dir='ltr'>et</span> <span class='ocrx_word' id='word_1_91' title='bbox 1181 1740 1375 1803; x_wconf 86' lang='lat' dir='ltr'>simul</span> <span class='ocrx_word' id='word_1_92' title='bbox 1420 1738 1897 1804; x_wconf 84' lang='lat' dir='ltr'>excludendum</span> <span class='ocrx_word' id='word_1_93' title='bbox 1942 1744 2046 1815; x_wconf 92' lang='lat' dir='ltr'>et,</span> <span class='ocrx_word' id='word_1_94' title='bbox 2114 1738 2293 1821; x_wconf 90' lang='lat' dir='ltr'>quod</span> <span class='ocrx_word' id='word_1_95' title='bbox 2339 1741 2784 1822; x_wconf 79' lang='lat' dir='ltr'>geminatione</span> 
     </span>
     <span class='ocr_line' id='line_1_13' title="bbox 475 1845 2782 1917; baseline -0.001 -1"><span class='ocrx_word' id='word_1_96' title='bbox 475 1858 914 1917; x_wconf 80' lang='lat' dir='ltr'>extremarum</span> <span class='ocrx_word' id='word_1_97' title='bbox 984 1848 1168 1913; x_wconf 89' lang='lat' dir='ltr'>verbi</span> <span class='ocrx_word' id='word_1_98' title='bbox 1223 1855 1445 1912; x_wconf 91' lang='lat' dir='ltr'>esset</span> <span class='ocrx_word' id='word_1_99' title='bbox 1499 1846 1873 1912; x_wconf 89' lang='lat' dir='ltr'>litterarum</span> <span class='ocrx_word' id='word_1_100' title='bbox 1936 1853 2152 1911; x_wconf 91' lang='lat' dir='ltr'>ortum</span> <span class='ocrx_word' id='word_1_101' title='bbox 2209 1851 2328 1910; x_wconf 91' lang='lat' dir='ltr'>est.</span> <span class='ocrx_word' id='word_1_102' title='bbox 2444 1845 2552 1912; x_wconf 89' lang='lat' dir='ltr'>Sic</span> <span class='ocrx_word' id='word_1_103' title='bbox 2608 1850 2782 1914; x_wconf 91' lang='lat' dir='ltr'>enim</span> 
     </span>
     <span class='ocr_line' id='line_1_14' title="bbox 471 1954 2785 2023; baseline -0 -1"><span class='ocrx_word' id='word_1_104' title='bbox 471 1957 673 2023; x_wconf 89' lang='lat' dir='ltr'>verba</span> <span class='ocrx_word' id='word_1_105' title='bbox 729 1956 1062 2021; x_wconf 78' lang='lat' dir='ltr'>cohaerent</span> <span class='ocrx_word' id='word_1_106' title='bbox 1118 1963 1185 2020; x_wconf 93' lang='lat' dir='ltr'>et</span> <span class='ocrx_word' id='word_1_107' title='bbox 1241 1977 1436 2020; x_wconf 88' lang='lat' dir='ltr'>unam</span> <span class='ocrx_word' id='word_1_108' title='bbox 1492 1975 1714 2018; x_wconf 88' lang='lat' dir='ltr'>veram</span> <span class='ocrx_word' id='word_1_109' title='bbox 1771 1956 2164 2018; x_wconf 86' lang='lat' dir='ltr'>sententiam</span> <span class='ocrx_word' id='word_1_110' title='bbox 2210 1954 2534 2019; x_wconf 83' lang='lat' dir='ltr'>efficiunt:</span> <span class='ocrx_word' id='word_1_111' title='bbox 2602 1956 2785 2021; x_wconf 88' lang='lat' dir='ltr'>nul·</span> 
     </span>
     <span class='ocr_line' id='line_1_15' title="bbox 471 2061 2781 2147; baseline -0.001 -16"><span class='ocrx_word' id='word_1_112' title='bbox 471 2067 639 2131; x_wconf 91' lang='lat' dir='ltr'>lius</span> <span class='ocrx_word' id='word_1_113' title='bbox 688 2086 991 2142; x_wconf 90' lang='lat' dir='ltr'>eorum,</span> <span class='ocrx_word' id='word_1_114' title='bbox 1048 2064 1183 2147; x_wconf 90' lang='lat' dir='ltr'>qui</span> <span class='ocrx_word' id='word_1_115' title='bbox 1236 2062 1458 2127; x_wconf 91' lang='lat' dir='ltr'>bello</span> <span class='ocrx_word' id='word_1_116' title='bbox 1502 2061 2121 2139; x_wconf 80' lang='lat' dir='ltr'>interfuissent,</span> <span class='ocrx_word' id='word_1_117' title='bbox 2180 2062 2339 2125; x_wconf 90' lang='lat' dir='ltr'>nisi</span> <span class='ocrx_word' id='word_1_118' title='bbox 2387 2064 2585 2143; x_wconf 90' lang='lat' dir='ltr'>eius,</span> <span class='ocrx_word' id='word_1_119' title='bbox 2645 2067 2781 2146; x_wconf 88' lang='lat' dir='ltr'>qui</span> 
     </span>
     <span class='ocr_line' id='line_1_16' title="bbox 473 2170 2787 2255; baseline -0.001 -18"><span class='ocrx_word' id='word_1_120' title='bbox 473 2173 1126 2255; x_wconf 86' lang='lat' dir='ltr'>triumphaturus</span> <span class='ocrx_word' id='word_1_121' title='bbox 1163 2176 1401 2246; x_wconf 91' lang='lat' dir='ltr'>esset,</span> <span class='ocrx_word' id='word_1_122' title='bbox 1451 2170 1714 2246; x_wconf 85' lang='lat' dir='ltr'>verba,</span> <span class='ocrx_word' id='word_1_123' title='bbox 1754 2170 2137 2253; x_wconf 81' lang='lat' dir='ltr'>exceptione</span> <span class='ocrx_word' id='word_1_124' title='bbox 2178 2170 2369 2253; x_wconf 91' lang='lat' dir='ltr'>(nisi</span> <span class='ocrx_word' id='word_1_125' title='bbox 2414 2172 2588 2237; x_wconf 91' lang='lat' dir='ltr'>eius</span> <span class='ocrx_word' id='word_1_126' title='bbox 2625 2173 2787 2253; x_wconf 87' lang='lat' dir='ltr'>cet.)</span> 
     </span>
     <span class='ocr_line' id='line_1_17' title="bbox 472 2276 2782 2360; baseline 0 -17"><span class='ocrx_word' id='word_1_127' title='bbox 472 2280 648 2343; x_wconf 91' lang='lat' dir='ltr'>inter</span> <span class='ocrx_word' id='word_1_128' title='bbox 713 2278 1023 2342; x_wconf 90' lang='lat' dir='ltr'>nullius</span> <span class='ocrx_word' id='word_1_129' title='bbox 1095 2285 1160 2342; x_wconf 93' lang='lat' dir='ltr'>et</span> <span class='ocrx_word' id='word_1_130' title='bbox 1230 2278 1599 2359; x_wconf 87' lang='lat' dir='ltr'>genetivum</span> <span class='ocrx_word' id='word_1_131' title='bbox 1658 2276 2040 2359; x_wconf 83' lang='lat' dir='ltr'>partitivum</span> <span class='ocrx_word' id='word_1_132' title='bbox 2105 2278 2514 2360; x_wconf 82' lang='lat' dir='ltr'>interposita.</span> <span class='ocrx_word' id='word_1_133' title='bbox 2631 2280 2782 2343; x_wconf 87' lang='lat' dir='ltr'>Non</span> 
     </span>
     <span class='ocr_line' id='line_1_18' title="bbox 475 2383 2785 2467; baseline -0 -15"><span class='ocrx_word' id='word_1_134' title='bbox 475 2388 692 2452; x_wconf 89' lang='lat' dir='ltr'>minus</span> <span class='ocrx_word' id='word_1_135' title='bbox 752 2385 1135 2450; x_wconf 82' lang='lat' dir='ltr'>notabiliter</span> <span class='ocrx_word' id='word_1_136' title='bbox 1193 2386 1532 2467; x_wconf 84' lang='lat' dir='ltr'>genetivus</span> <span class='ocrx_word' id='word_1_137' title='bbox 1581 2405 1622 2448; x_wconf 87' lang='lat' dir='ltr'>a</span> <span class='ocrx_word' id='word_1_138' title='bbox 1668 2383 2082 2449; x_wconf 88' lang='lat' dir='ltr'>substantivo</span> <span class='ocrx_word' id='word_1_139' title='bbox 2139 2386 2393 2467; x_wconf 89' lang='lat' dir='ltr'>regenti</span> <span class='ocrx_word' id='word_1_140' title='bbox 2452 2386 2785 2451; x_wconf 88' lang='lat' dir='ltr'>divellitur</span> 
     </span>
     <span class='ocr_line' id='line_1_19' title="bbox 470 2491 2787 2575; baseline 0 -17"><span class='ocrx_word' id='word_1_141' title='bbox 470 2494 942 2558; x_wconf 88' lang='lat' dir='ltr'>interveniente</span> <span class='ocrx_word' id='word_1_142' title='bbox 988 2493 1117 2556; x_wconf 87' lang='lat' dir='ltr'>alio</span> <span class='ocrx_word' id='word_1_143' title='bbox 1163 2492 1459 2575; x_wconf 88' lang='lat' dir='ltr'>genetivo</span> <span class='ocrx_word' id='word_1_144' title='bbox 1495 2491 1694 2570; x_wconf 92' lang='lat' dir='ltr'>XXV,</span> <span class='ocrx_word' id='word_1_145' title='bbox 1727 2495 1822 2569; x_wconf 82' lang='lat'>18,</span> <span class='ocrx_word' id='word_1_146' title='bbox 1850 2496 1917 2555; x_wconf 87' lang='lat'>5:</span> <span class='ocrx_word' id='word_1_147' title='bbox 1965 2500 2337 2556; x_wconf 89' lang='lat' dir='ltr'>manente</span> <span class='ocrx_word' id='word_1_148' title='bbox 2384 2496 2787 2575; x_wconf 90' lang='lat' dir='ltr'>memoria,</span> 
     </span>
     <span class='ocr_line' id='line_1_20' title="bbox 474 2597 2786 2685; baseline 0.001 -19"><span class='ocrx_word' id='word_1_149' title='bbox 474 2602 720 2667; x_wconf 88' lang='lat' dir='ltr'>etiam</span> <span class='ocrx_word' id='word_1_150' title='bbox 786 2601 864 2665; x_wconf 90' lang='lat' dir='ltr'>in</span> <span class='ocrx_word' id='word_1_151' title='bbox 937 2600 1288 2665; x_wconf 91' lang='lat' dir='ltr'>discidio</span> <span class='ocrx_word' id='word_1_152' title='bbox 1363 2600 1877 2683; x_wconf 83' lang='lat' dir='ltr'>publicorum</span> <span class='ocrx_word' id='word_1_153' title='bbox 1946 2597 2392 2679; x_wconf 87' lang='lat' dir='ltr'>foederum,</span> <span class='ocrx_word' id='word_1_154' title='bbox 2475 2603 2786 2685; x_wconf 86' lang='lat' dir='ltr'>privati</span> 
     </span>
     <span class='ocr_line' id='line_1_21' title="bbox 474 2706 2786 2790; baseline 0.002 -18"><span class='ocrx_word' id='word_1_155' title='bbox 474 2709 698 2774; x_wconf 91' lang='lat' dir='ltr'>iuris.</span> <span class='ocrx_word' id='word_1_156' title='bbox 800 2706 958 2790; x_wconf 82' lang='lat' dir='ltr'>[cfr.</span> <span class='ocrx_word' id='word_1_157' title='bbox 1007 2707 1225 2787; x_wconf 89' lang='lat' dir='ltr'>XXII,</span> <span class='ocrx_word' id='word_1_158' title='bbox 1282 2712 1397 2786; x_wconf 80' lang='lat'>42,</span> <span class='ocrx_word' id='word_1_159' title='bbox 1458 2712 1494 2770; x_wconf 82' lang='lat'><strong>2</strong></span> <span class='ocrx_word' id='word_1_160' title='bbox 1545 2715 1610 2772; x_wconf 92' lang='lat' dir='ltr'>et</span> <span class='ocrx_word' id='word_1_161' title='bbox 1656 2708 1964 2787; x_wconf 87' lang='lat' dir='ltr'>XXXIV,</span> <span class='ocrx_word' id='word_1_162' title='bbox 2022 2713 2133 2783; x_wconf 80' lang='lat'>22,</span> <span class='ocrx_word' id='word_1_163' title='bbox 2198 2707 2322 2790; x_wconf 80' lang='lat'>12.]</span> <span class='ocrx_word' id='word_1_164' title='bbox 2417 2710 2669 2775; x_wconf 87' lang='lat' dir='ltr'>Similia</span> <span class='ocrx_word' id='word_1_165' title='bbox 2714 2713 2786 2776; x_wconf 90' lang='lat' dir='ltr'>in</span> 
     </span>
     <span class='ocr_line' id='line_1_22' title="bbox 429 2815 2789 2906; baseline 0.001 -25"><span class='ocrx_word' id='word_1_166' title='bbox 429 2817 607 2906; x_wconf 26' lang='lat' dir='ltr'>„alio</span> <span class='ocrx_word' id='word_1_167' title='bbox 664 2838 901 2899; x_wconf 87' lang='lat' dir='ltr'>genere</span> <span class='ocrx_word' id='word_1_168' title='bbox 962 2823 1144 2894; x_wconf 90' lang='lat' dir='ltr'>sunt,</span> <span class='ocrx_word' id='word_1_169' title='bbox 1203 2837 1347 2897; x_wconf 82' lang='lat' dir='ltr'>quae</span> <span class='ocrx_word' id='word_1_170' title='bbox 1394 2815 1480 2880; x_wconf 88' lang='lat' dir='ltr'>ad</span> <span class='ocrx_word' id='word_1_171' title='bbox 1524 2815 1676 2893; x_wconf 93' lang='lat' dir='ltr'>VII,</span> <span class='ocrx_word' id='word_1_172' title='bbox 1744 2820 1851 2894; x_wconf 88' lang='lat'>10,</span> <span class='ocrx_word' id='word_1_173' title='bbox 1918 2821 1992 2879; x_wconf 88' lang='lat'>13</span> <span class='ocrx_word' id='word_1_174' title='bbox 2041 2817 2130 2899; x_wconf 91' lang='lat' dir='ltr'>(p.</span> <span class='ocrx_word' id='word_1_175' title='bbox 2186 2818 2333 2894; x_wconf 82' lang='lat'>144)</span> <span class='ocrx_word' id='word_1_176' title='bbox 2382 2820 2652 2901; x_wconf 74' lang='lat' dir='ltr'>exposui</span> <span class='ocrx_word' id='word_1_177' title='bbox 2702 2819 2789 2884; x_wconf 90' lang='lat' dir='ltr'>de</span> 
     </span>
     <span class='ocr_line' id='line_1_23' title="bbox 471 2924 2785 3008; baseline 0.001 -20"><span class='ocrx_word' id='word_1_178' title='bbox 471 2926 932 3007; x_wconf 71' lang='lat' dir='ltr'>praepositione</span> <span class='ocrx_word' id='word_1_179' title='bbox 979 2945 1019 2988; x_wconf 89' lang='lat' dir='ltr'>a</span> <span class='ocrx_word' id='word_1_180' title='bbox 1065 2944 1222 2988; x_wconf 87' lang='lat' dir='ltr'>casu</span> <span class='ocrx_word' id='word_1_181' title='bbox 1279 2932 1584 3008; x_wconf 85' lang='lat' dir='ltr'>separata</span> <span class='ocrx_word' id='word_1_182' title='bbox 1631 2924 2031 3008; x_wconf 89' lang='lat' dir='ltr'>interpositu</span> <span class='ocrx_word' id='word_1_183' title='bbox 2080 2924 2248 2988; x_wconf 90' lang='lat' dir='ltr'>alius</span> <span class='ocrx_word' id='word_1_184' title='bbox 2295 2927 2785 3008; x_wconf 63' lang='lat' dir='ltr'>praepositionis</span> 
     </span>
     <span class='ocr_line' id='line_1_24' title="bbox 473 3029 2794 3114; baseline 0 -18"><span class='ocrx_word' id='word_1_185' title='bbox 473 3053 621 3097; x_wconf 92' lang='lat' dir='ltr'>cum</span> <span class='ocrx_word' id='word_1_186' title='bbox 668 3052 843 3097; x_wconf 84' lang='lat' dir='ltr'>casu.</span> <span class='ocrx_word' id='word_1_187' title='bbox 933 3031 1273 3096; x_wconf 88' lang='lat' dir='ltr'>Postremo</span> <span class='ocrx_word' id='word_1_188' title='bbox 1321 3030 1353 3114; x_wconf 66' lang='grc' dir='ltr'>ξ</span> <span class='ocrx_word' id='word_1_189' title='bbox 1407 3036 1503 3110; x_wconf 90' lang='grc'>10,</span> <span class='ocrx_word' id='word_1_190' title='bbox 1552 3030 1666 3095; x_wconf 84' lang='lat' dir='ltr'>ubi</span> <span class='ocrx_word' id='word_1_191' title='bbox 1712 3029 1778 3095; x_wconf 86' lang='lat' dir='ltr'>C.</span> <span class='ocrx_word' id='word_1_192' title='bbox 1827 3031 2132 3095; x_wconf 88' lang='lat' dir='ltr'>Aurelius</span> <span class='ocrx_word' id='word_1_193' title='bbox 2180 3031 2405 3096; x_wconf 91' lang='lat' dir='ltr'>consul</span> <span class='ocrx_word' id='word_1_194' title='bbox 2449 3032 2794 3098; x_wconf 86' lang='lat' dir='ltr'>inducitur</span> 
     </span>
     <span class='ocr_line' id='line_1_25' title="bbox 469 3138 2788 3223; baseline 0 -20"><span class='ocrx_word' id='word_1_195' title='bbox 469 3139 875 3223; x_wconf 85' lang='lat' dir='ltr'>triumphum</span> <span class='ocrx_word' id='word_1_196' title='bbox 920 3138 990 3202; x_wconf 91' lang='lat' dir='ltr'>P.</span> <span class='ocrx_word' id='word_1_197' title='bbox 1039 3140 1237 3204; x_wconf 89' lang='lat' dir='ltr'>Furio</span> <span class='ocrx_word' id='word_1_198' title='bbox 1302 3140 1636 3204; x_wconf 89' lang='lat' dir='ltr'>decretum</span> <span class='ocrx_word' id='word_1_199' title='bbox 1684 3139 2201 3222; x_wconf 81' lang='lat' dir='ltr'>reprehendenS,</span> <span class='ocrx_word' id='word_1_200' title='bbox 2270 3160 2469 3221; x_wconf 91' lang='lat' dir='ltr'>quum</span> <span class='ocrx_word' id='word_1_201' title='bbox 2525 3142 2594 3205; x_wconf 92' lang='lat' dir='ltr'>in</span> <span class='ocrx_word' id='word_1_202' title='bbox 2639 3141 2788 3204; x_wconf 91' lang='lat' dir='ltr'>vul-</span> 
     </span>
     <span class='ocr_line' id='line_1_26' title="bbox 302 3245 2789 3333; baseline 0.001 -22"><span class='ocrx_word' id='word_1_203' title='bbox 302 3264 443 3333; x_wconf 78' lang='lat'><strong>(37&#39;7)</strong></span> <span class='ocrx_word' id='word_1_204' title='bbox 480 3247 750 3330; x_wconf 88' lang='lat' dir='ltr'>garibus</span> <span class='ocrx_word' id='word_1_205' title='bbox 823 3245 1161 3312; x_wconf 90' lang='lat' dir='ltr'>codicibus</span> <span class='ocrx_word' id='word_1_206' title='bbox 1228 3246 1314 3311; x_wconf 91' lang='lat' dir='ltr'>ad</span> <span class='ocrx_word' id='word_1_207' title='bbox 1371 3248 1546 3311; x_wconf 91' lang='lat' dir='ltr'>hunc</span> <span class='ocrx_word' id='word_1_208' title='bbox 1602 3246 1870 3311; x_wconf 90' lang='lat' dir='ltr'>modum</span> <span class='ocrx_word' id='word_1_209' title='bbox 1929 3247 2354 3311; x_wconf 88' lang='lat' dir='ltr'>scriberetur:</span> <span class='ocrx_word' id='word_1_210' title='bbox 2423 3248 2789 3313; x_wconf 86' lang='lat' dir='ltr'>Maiores</span> 
     </span>
     <span class='ocr_line' id='line_1_27' title="bbox 470 3353 2791 3436; baseline 0.001 -18"><span class='ocrx_word' id='word_1_211' title='bbox 470 3353 650 3418; x_wconf 91' lang='lat' dir='ltr'>ideo</span> <span class='ocrx_word' id='word_1_212' title='bbox 718 3354 1227 3430; x_wconf 87' lang='lat' dir='ltr'>instituisse,</span> <span class='ocrx_word' id='word_1_213' title='bbox 1294 3360 1383 3417; x_wconf 91' lang='lat' dir='ltr'>ut</span> <span class='ocrx_word' id='word_1_214' title='bbox 1452 3355 1743 3436; x_wconf 88' lang='lat' dir='ltr'>legati,</span> <span class='ocrx_word' id='word_1_215' title='bbox 1813 3354 2159 3432; x_wconf 87' lang='lat' dir='ltr'>tribuni,</span> <span class='ocrx_word' id='word_1_216' title='bbox 2234 3357 2791 3434; x_wconf 88' lang='lat' dir='ltr'>centuriones,</span> 
     </span>
     <span class='ocr_line' id='line_1_28' title="bbox 472 3459 2802 3544; baseline 0.003 -21"><span class='ocrx_word' id='word_1_217' title='bbox 472 3459 791 3524; x_wconf 90' lang='lat' dir='ltr'>milites</span> <span class='ocrx_word' id='word_1_218' title='bbox 849 3460 1201 3543; x_wconf 90' lang='lat' dir='ltr'>denique</span> <span class='ocrx_word' id='word_1_219' title='bbox 1245 3460 1661 3544; x_wconf 89' lang='lat' dir='ltr'>triumpho</span> <span class='ocrx_word' id='word_1_220' title='bbox 1709 3461 2128 3539; x_wconf 90' lang='lat' dir='ltr'>adessent,</span> <span class='ocrx_word' id='word_1_221' title='bbox 2199 3470 2285 3526; x_wconf 92' lang='lat' dir='ltr'>ut</span> <span class='ocrx_word' id='word_1_222' title='bbox 2341 3466 2600 3528; x_wconf 89' lang='lat' dir='ltr'>virtus</span> <span class='ocrx_word' id='word_1_223' title='bbox 2655 3486 2802 3529; x_wconf 85' lang='lat' dir='ltr'>re·-</span> 
     </span>
     <span class='ocr_line' id='line_1_29' title="bbox 471 3568 2801 3652; baseline 0.003 -22"><span class='ocrx_word' id='word_1_224' title='bbox 471 3588 643 3630; x_wconf 89' lang='lat' dir='ltr'>rum</span> <span class='ocrx_word' id='word_1_225' title='bbox 699 3571 1113 3649; x_wconf 89' lang='lat' dir='ltr'>gestarum</span> <span class='ocrx_word' id='word_1_226' title='bbox 1171 3568 1386 3646; x_wconf 90' lang='lat' dir='ltr'>eius,</span> <span class='ocrx_word' id='word_1_227' title='bbox 1454 3569 1579 3632; x_wconf 92' lang='lat' dir='ltr'>cui</span> <span class='ocrx_word' id='word_1_228' title='bbox 1650 3575 1930 3633; x_wconf 87' lang='lat' dir='ltr'>tantus</span> <span class='ocrx_word' id='word_1_229' title='bbox 1998 3568 2250 3635; x_wconf 92' lang='lat' dir='ltr'>honos</span> <span class='ocrx_word' id='word_1_230' title='bbox 2312 3570 2801 3652; x_wconf 70' lang='lat' dir='ltr'>haberetur,</span> 
     </span>
     <span class='ocr_line' id='line_1_30' title="bbox 474 3673 2796 3760; baseline 0.003 -24"><span class='ocrx_word' id='word_1_231' title='bbox 474 3673 802 3756; x_wconf 91' lang='lat' dir='ltr'>publice</span> <span class='ocrx_word' id='word_1_232' title='bbox 849 3673 1290 3755; x_wconf 88' lang='lat' dir='ltr'>videretur,</span> <span class='ocrx_word' id='word_1_233' title='bbox 1337 3677 1464 3740; x_wconf 89' lang='lat' dir='ltr'>nisi</span> <span class='ocrx_word' id='word_1_234' title='bbox 1511 3675 1687 3760; x_wconf 90' lang='lat' dir='ltr'>quod</span> <span class='ocrx_word' id='word_1_235' title='bbox 1732 3675 2029 3741; x_wconf 90' lang='lat' dir='ltr'>nonnulli</span> <span class='ocrx_word' id='word_1_236' title='bbox 2077 3676 2442 3744; x_wconf 88' lang='lat' dir='ltr'>habebant:</span> <span class='ocrx_word' id='word_1_237' title='bbox 2490 3685 2575 3745; x_wconf 87' lang='lat' dir='ltr'>ut</span> <span class='ocrx_word' id='word_1_238' title='bbox 2619 3681 2796 3744; x_wconf 89' lang='lat' dir='ltr'>vir-</span> 
     </span>
     <span class='ocr_line' id='line_1_31' title="bbox 473 3783 2796 3869; baseline 0.003 -25"><span class='ocrx_word' id='word_1_239' title='bbox 473 3786 696 3845; x_wconf 90' lang='lat' dir='ltr'>tutes</span> <span class='ocrx_word' id='word_1_240' title='bbox 752 3801 1007 3845; x_wconf 88' lang='lat' dir='ltr'>rerum</span> <span class='ocrx_word' id='word_1_241' title='bbox 1052 3818 1137 3826; x_wconf 93' lang='lat'><strong>—</strong></span> <span class='ocrx_word' id='word_1_242' title='bbox 1183 3784 1512 3866; x_wconf 90' lang='lat' dir='ltr'>publice</span> <span class='ocrx_word' id='word_1_243' title='bbox 1581 3783 1934 3863; x_wconf 86' lang='lat' dir='ltr'>videret,</span> <span class='ocrx_word' id='word_1_244' title='bbox 2000 3785 2154 3849; x_wconf 90' lang='lat' dir='ltr'>inde</span> <span class='ocrx_word' id='word_1_245' title='bbox 2219 3807 2259 3850; x_wconf 92' lang='lat' dir='ltr'>a</span> <span class='ocrx_word' id='word_1_246' title='bbox 2308 3785 2572 3869; x_wconf 89' lang='lat' dir='ltr'>Sigonio</span> <span class='ocrx_word' id='word_1_247' title='bbox 2633 3786 2796 3852; x_wconf 89' lang='lat' dir='ltr'>ede-</span> 
     </span>
     <span class='ocr_line' id='line_1_32' title="bbox 472 3887 2795 3975; baseline 0.003 -23"><span class='ocrx_word' id='word_1_248' title='bbox 472 3887 701 3952; x_wconf 89' lang='lat' dir='ltr'>batur:</span> <span class='ocrx_word' id='word_1_249' title='bbox 772 3895 856 3952; x_wconf 90' lang='lat' dir='ltr'>ut</span> <span class='ocrx_word' id='word_1_250' title='bbox 911 3890 1219 3955; x_wconf 86' lang='lat' dir='ltr'>veritas</span> <span class='ocrx_word' id='word_1_251' title='bbox 1277 3912 1543 3955; x_wconf 91' lang='lat' dir='ltr'>rerum</span> <span class='ocrx_word' id='word_1_252' title='bbox 1600 3928 1686 3936; x_wconf 90' lang='grc'>--</span> <span class='ocrx_word' id='word_1_253' title='bbox 1731 3891 2059 3975; x_wconf 91' lang='lat' dir='ltr'>publice</span> <span class='ocrx_word' id='word_1_254' title='bbox 2113 3894 2567 3974; x_wconf 88' lang='lat' dir='ltr'>videretur,</span> <span class='ocrx_word' id='word_1_255' title='bbox 2636 3917 2795 3959; x_wconf 87' lang='lat' dir='ltr'>ora·</span> 
     </span>
     <span class='ocr_line' id='line_1_33' title="bbox 474 3993 2796 4079; baseline 0.004 -20"><span class='ocrx_word' id='word_1_256' title='bbox 474 3996 671 4074; x_wconf 91' lang='lat' dir='ltr'>tione,</span> <span class='ocrx_word' id='word_1_257' title='bbox 732 4001 805 4060; x_wconf 92' lang='lat' dir='ltr'>ut</span> <span class='ocrx_word' id='word_1_258' title='bbox 849 3993 1188 4061; x_wconf 86' lang='lat' dir='ltr'>Creverius</span> <span class='ocrx_word' id='word_1_259' title='bbox 1233 4005 1413 4063; x_wconf 93' lang='lat' dir='ltr'>recte</span> <span class='ocrx_word' id='word_1_260' title='bbox 1460 3999 1793 4078; x_wconf 89' lang='lat' dir='ltr'>iudicavit,</span> <span class='ocrx_word' id='word_1_261' title='bbox 1850 3999 2115 4063; x_wconf 91' lang='lat' dir='ltr'>minime</span> <span class='ocrx_word' id='word_1_262' title='bbox 2162 4001 2402 4066; x_wconf 87' lang='lat' dir='ltr'>Latina</span> <span class='ocrx_word' id='word_1_263' title='bbox 2447 4000 2796 4079; x_wconf 82' lang='lat' dir='ltr'>(veritas</span> 
     </span>
     <span class='ocr_line' id='line_1_34' title="bbox 474 4103 2804 4189; baseline 0.004 -23"><span class='ocrx_word' id='word_1_264' title='bbox 474 4103 800 4185; x_wconf 91' lang='lat' dir='ltr'>publice</span> <span class='ocrx_word' id='word_1_265' title='bbox 856 4105 1229 4187; x_wconf 89' lang='lat' dir='ltr'>videtur).</span> <span class='ocrx_word' id='word_1_266' title='bbox 1341 4107 1587 4171; x_wconf 88' lang='lat' dir='ltr'>Nostra</span> <span class='ocrx_word' id='word_1_267' title='bbox 1659 4113 1885 4186; x_wconf 84' lang='lat' dir='ltr'>aetate,</span> <span class='ocrx_word' id='word_1_268' title='bbox 1956 4128 2155 4189; x_wconf 91' lang='lat' dir='ltr'>quum</span> <span class='ocrx_word' id='word_1_269' title='bbox 2209 4111 2275 4172; x_wconf 90' lang='lat' dir='ltr'>in</span> <span class='ocrx_word' id='word_1_270' title='bbox 2335 4107 2389 4169; x_wconf 91' lang='lat' dir='ltr'><strong>B</strong></span> <span class='ocrx_word' id='word_1_271' title='bbox 2447 4117 2804 4189; x_wconf 90' lang='lat' dir='ltr'>repertum</span> 
     </span>
     <span class='ocr_line' id='line_1_35' title="bbox 479 4213 2802 4295; baseline 0.002 -22"><span class='ocrx_word' id='word_1_272' title='bbox 479 4216 679 4273; x_wconf 61' lang='lat' dir='ltr'>esse-t:</span> <span class='ocrx_word' id='word_1_273' title='bbox 753 4216 831 4273; x_wconf 71' lang='lat' dir='ltr'>ui</span> <span class='ocrx_word' id='word_1_274' title='bbox 908 4235 1163 4275; x_wconf 72' lang='lat' dir='ltr'>rerum</span> <span class='ocrx_word' id='word_1_275' title='bbox 1237 4221 1648 4293; x_wconf 56' lang='lat' dir='ltr'>gmz&#39;smwlm</span> <span class='ocrx_word' id='word_1_276' title='bbox 1726 4217 1918 4289; x_wconf 65' lang='lat' dir='ltr'>eius,</span> <span class='ocrx_word' id='word_1_277' title='bbox 1994 4241 2042 4275; x_wconf 67' lang='grc' dir='ltr'>ιτ..</span> <span class='ocrx_word' id='word_1_278' title='bbox 2096 4223 2134 4275; x_wconf 69' lang='grc' dir='ltr'>ῒ.</span> <span class='ocrx_word' id='word_1_279' title='bbox 2184 4215 2246 4277; x_wconf 77' lang='lat' dir='ltr'>h.</span> <span class='ocrx_word' id='word_1_280' title='bbox 2298 4213 2802 4295; x_wconf 65' lang='lat' dir='ltr'>haberetur,</span> 
     </span>
     <span class='ocr_line' id='line_1_36' title="bbox 477 4321 2829 4420; baseline 0.003 -43"><span class='ocrx_word' id='word_1_281' title='bbox 477 4341 533 4399; x_wconf 79' lang='lat' dir='ltr'>p.</span> <span class='ocrx_word' id='word_1_282' title='bbox 591 4321 655 4379; x_wconf 77' lang='lat' dir='ltr'>R.</span> <span class='ocrx_word' id='word_1_283' title='bbox 713 4321 1055 4385; x_wconf 52' lang='lat' dir='ltr'>vidore-m</span> <span class='ocrx_word' id='word_1_284' title='bbox 1129 4325 1339 4401; x_wconf 59' lang='lat' dir='ltr'>spatio</span> <span class='ocrx_word' id='word_1_285' title='bbox 1414 4345 1620 4383; x_wconf 56' lang='lat' dir='ltr'>wis-110</span> <span class='ocrx_word' id='word_1_286' title='bbox 1700 4325 1864 4383; x_wconf 54' lang='lat' dir='ltr'>inter</span> <span class='ocrx_word' id='word_1_287' title='bbox 1936 4331 2014 4385; x_wconf 73' lang='lat' dir='ltr'>ut</span> <span class='ocrx_word' id='word_1_288' title='bbox 2088 4333 2146 4383; x_wconf 64' lang='lat' dir='ltr'>eli</span> <span class='ocrx_word' id='word_1_289' title='bbox 2214 4341 2374 4383; x_wconf 61' lang='lat' dir='ltr'>rer*</span> <span class='ocrx_word' id='word_1_290' title='bbox 2424 4343 2476 4377; x_wconf 69' lang='lat' dir='ltr'><em>w</em></span> <span class='ocrx_word' id='word_1_291' title='bbox 2541 4321 2829 4420; x_wconf 39' lang='grc' dir='ltr'>ἣρω,</span> 
     </span>
    </p>
   </div>
   <div class='ocr_carea' id='block_1_3' title="bbox 2759 4423 3173 4549">
    <p class='ocr_par' dir='ltr' id='par_1_3' title="bbox 2759 4423 3173 4549">
     <span class='ocr_line' id='line_1_37' title="bbox 2759 4423 3173 4549; baseline 0 -22"><span class='ocrx_word' id='word_1_292' title='bbox 2759 4513 2793 4527; x_wconf 45' lang='lat'>2</span> <span class='ocrx_word' id='word_1_293' title='bbox 2816 4449 3032 4527; x_wconf 37' lang='grc' dir='ltr'>ΔΛ.</span> <span class='ocrx_word' id='word_1_294' title='bbox 3056 4423 3173 4549; x_wconf 80' lang='grc'>55</span> 
     </span>
    </p>
   </div>
   <div class='ocr_carea' id='block_1_4' title="bbox 3048 170 3219 4439">
    <p class='ocr_par' dir='ltr' id='par_1_4' title="bbox 3048 170 3219 4439">
     <span class='ocr_line' id='line_1_38' title="bbox 3048 170 3219 4439; baseline 0 0"><span class='ocrx_word' id='word_1_295' title='bbox 3048 170 3219 4439; x_wconf 95' lang='lat' dir='ltr'> </span> 
     </span>
    </p>
   </div>
   <div class='ocr_carea' id='block_1_5' title="bbox 3058 4541 3220 5280">
    <p class='ocr_par' dir='ltr' id='par_1_5' title="bbox 3058 4541 3220 5280">
     <span class='ocr_line' id='line_1_39' title="bbox 3058 4541 3220 5280; baseline 0 2"><span class='ocrx_word' id='word_1_296' title='bbox 3058 4541 3220 5280; x_wconf 95' lang='lat' dir='ltr'> </span> 
     </span>
    </p>
   </div>
  </div>
 </body>
</html>
