3230 5282
525 628 648 682 Lib.
687 626 864 681 xxn.
1628 613 1750 703 308

526 801 820 883 proxime
878 798 1181 864 codicum
1228 797 1533 878 vestigia3
1590 818 1744 861 nam
1802 797 1870 860 in
1915 795 1965 858 P
2013 817 2053 859 a
2097 817 2295 861 manu
2341 820 2440 881 pr.
2490 805 2590 863 est
2637 820 2846 883 saepe

528 906 1063 989 consiliaequa
1129 905 1440 982 fronte,
1509 925 1549 968 a
1619 925 1817 968 manu
1889 924 2015 968 sec.
2076 923 2111 964 o
2171 926 2376 988 supra
2431 925 2477 968 ε
2536 907 2846 988 positum,

525 1014 691 1105 index
734 1015 800 1077 in
863 1014 1105 1078 ceteris
1162 1012 1355 1077 bonis
1416 1009 1785 1091 (CMCant.)
1847 1011 2088 1093 quique
2146 1012 2228 1077 iis
2286 1013 2350 1076 h.
2397 1013 2438 1076 l.
2488 1013 2844 1094 adhaerent,

528 1142 735 1205 saepe
782 1121 1333 1203 consilioqua‚
1379 1120 1507 1184 hoc
1554 1126 1684 1183 est:
1757 1119 2022 1183 conisi
2069 1119 2442 1203 obliqua3
2503 1121 2847 1187 intercidit

526 1251 660 1293 una
712 1229 938 1294 littera
993 1230 1050 1292 b.
1176 1228 1413 1292 Paucis
1483 1234 1637 1308 post
1692 1226 1908 1290 verbis
1970 1233 2148 1291 recte
2209 1226 2583 1302 Gronovius
2642 1229 2839 1293 scribi

525 1337 737 1401 voluit
770 1337 1162 1402 institere
1198 1356 1319 1418 pro
1356 1335 1780 1412 insistere3
1830 1333 2185 1423 infinitivus
2232 1335 2583 1401 historicus
2618 1334 2685 1400 in
2718 1335 2844 1403 hac

356 1458 500 1526 (252)
539 1445 709 1509 serie
756 1444 1180 1528 (impulere
1227 1443 1738 1507 —insistere
1771 1477 1858 1487 —
1893 1462 1982 1506 ac
2028 1449 2317 1508 tenore
2362 1465 2517 1507 uno
2553 1479 2642 1487 —
2674 1466 2846 1527 per-

528 1551 948 1634 venerunt)
1007 1552 1227 1617 locum
1282 1572 1412 1615 non
1474 1549 1708 1627 habet,
1775 1571 1894 1614 nec
1954 1549 2161 1634 (quod
2219 1551 2434 1634 ipsum
2480 1550 2647 1615 illud
2690 1573 2841 1618 uno

527 1667 811 1725 tenore
894 1658 1207 1740 ostendit)
1287 1658 1684 1723 describitur
1765 1664 1977 1722 status
2057 1680 2290 1741 pugnae
2360 1660 2845 1742 aliquantisper

528 1766 757 1834 eodem
804 1768 953 1833 loco
998 1788 1288 1832 manens.
1380 1766 1816 1847 Pervagatum
1862 1772 1963 1830 est
2007 1766 2130 1829 hoc
2176 1766 2241 1829 in
2290 1767 2458 1831 Livii
2502 1767 2843 1833 codicibus

527 1874 749 1939 mendi
797 1897 1003 1957 genus
1052 1875 1120 1938 in
1166 1876 1285 1939 ire
1333 1881 1400 1939 et
1443 1876 1633 1953 iere,
1680 1881 1820 1938 tum
1865 1875 1933 1937 in
1969 1875 2352 1956 compositis
2389 1875 2573 1939 verbi
2620 1881 2842 1940 stare

392 1964 401 1972 ’
476 1968 479 1971 ’
526 1981 1021 2062 (consistere
1067 2005 1186 2066 pro
1235 1983 1708 2059 constitere,
1752 1988 1829 2046 ut
1873 1981 1955 2059 11,
2005 1986 2104 2057 30,
2159 1982 2283 2061 ll).

699 2089 896 2175 *Cap
944 2096 1055 2170 49,
1123 2095 1231 2153 12:
1302 2091 1483 2155 Haec
1543 2091 1962 2170 exigentes
2023 2088 2121 2169 (L.
2169 2089 2507 2155 AEmilium
2565 2090 2845 2155 Paulum

527 2204 594 2262 et
670 2195 784 2262 Cn.
853 2199 1233 2278 Lentulum)
1317 2198 1546 2280 prius
1625 2197 1871 2262 turba
1948 2196 2448 2279 fugientium
2531 2199 2843 2278 civium,

528 2304 822 2370 deinde
868 2296 1146 2372 hostes
1193 2326 1698 2390 oppressere.
1768 2303 1948 2368 Nihil
1991 2305 2165 2369 inter
2199 2304 2533 2369 AEmilium
2577 2312 2644 2370 et
2678 2306 2843 2370 Len-

525 2413 738 2477 tulum
785 2413 1194 2496 exigebatur,
1254 2413 1377 2477 hoc
1425 2420 1555 2490 est,
1617 2412 2138 2493 examinabatur,
2197 2434 2394 2494 quam
2440 2419 2618 2478 esset
2664 2419 2843 2479 recte

526 2519 803 2599 factum3
863 2521 1125 2586 codices
1173 2521 1322 2601 (PM
1367 2520 1510 2601 alii)
1556 2520 1805 2585 habent
1850 2520 2012 2600 haec
2058 2523 2519 2603 exagentiS‚
2580 2542 2660 2585 ex
2707 2542 2840 2605 quo

527 2628 632 2693 fit:
698 2628 877 2693 Haec
924 2650 1057 2694 eos
1104 2630 1451 2713 agentis.
1555 2627 2166 2709 (Weissenbornius
2206 2651 2324 2694 suo
2373 2629 2635 2695 nomine
2682 2629 2843 2694 haec

524 2745 855 2819 agentes
938 2737 1211 2820 posuit.)
1323 2736 1528 2801 Paulo
1597 2742 1748 2818 post
1817 2734 1877 2818 (ξ
1941 2736 2076 2816 15),
2146 2737 2259 2802 ubi
2317 2738 2564 2802 editur:
2657 2737 2844 2819 ,XLV

530 2845 797 2910 millia
843 2845 899 2909 D
950 2846 1303 2929 pediteS,
1370 2840 1724 2909 MMDCG
1772 2845 2120 2928 equiteS,
2191 2853 2270 2910 et
2316 2852 2549 2911 tanta
2593 2866 2844 2928 prope

530 2954 824 3017 civium
931 2956 1507 3036 sociorumque
1601 2971 1827 3035 pam,
1930 2952 2117 3016 caesi
2217 2953 2636 3032 dicuntur,
2729 2974 2845 3036 ap-

529 3067 751 3144 paret,
810 3062 1091 3127 alterum
1137 3083 1172 3126 e
1220 3060 1475 3126 duobus
1526 3060 1779 3124 Livium
1838 3060 2118 3138 dixisse,
2177 3068 2295 3126 aut
2352 3082 2582 3144 parem
2639 3082 2844 3145 prope

530 3169 766 3234 civium
813 3170 1271 3253 sociorumque
1317 3189 1661 3233 numerum
1707 3167 2038 3246 cecidisse,
2084 3175 2202 3233 aut
2247 3175 2674 3252 utrorumque
2721 3191 2842 3252 pro

525 3277 827 3360 portione
875 3276 987 3357 (——
1031 3297 1242 3359 neque
1301 3277 1475 3340 enim
1524 3297 1708 3360 aeque
1756 3276 1947 3340 multi
1993 3278 2059 3340 in
2107 3278 2398 3342 exercitu
2448 3283 2668 3356 erant,
2728 3275 2845 3341 sed

525 3385 691 3449 socii
738 3384 959 3467 plures
1012 3384 1150 3465 -),
1218 3392 1522 3449 neutram
1582 3390 1805 3449 autem
1861 3385 2257 3449 sententiam
2305 3406 2339 3449 e
2384 3385 2606 3449 verbis
2669 3381 2840 3448 effici

529 3492 635 3568 (et
692 3498 927 3556 tanta
970 3528 1057 3537 —-
1099 3492 1343 3575 pars),
1412 3493 1479 3555 in
1526 3491 1763 3573 quibus
1813 3490 2088 3556 offendit
2134 3494 2334 3557 etiam
2380 3499 2457 3557 et
2513 3494 2607 3557 sic
2654 3491 2842 3556 addi-

528 3605 696 3678 tum,
764 3608 1082 3682 tanquam
1150 3599 1401 3682 aliquid
1469 3600 1620 3664 novi
1688 3599 2113 3682 adiungatur3
2180 3600 2370 3683 longe
2432 3601 2606 3665 enim
2665 3600 2844 3666 aliud

529 3712 659 3771 est:
739 3714 973 3772 tanta
1048 3708 1340 3771 civium
1408 3715 1716 3789 quanta
1783 3708 2223 3784 sociorum,
2306 3697 2520 3772 aliud:
2603 3715 2847 3773 tanta

530 3815 813 3879 civium
873 3816 1457 3896 sociorumque.
1545 3814 1780 3897 Itaque
1830 3815 2199 3880 Gronovius
2247 3816 2537 3898 priorem
2585 3823 2847 3881 senten-

527 3923 689 3987 tiam
758 3929 1020 3988 secutus
1088 3921 1445 3998 dubitavit,
1515 3944 1597 3986 an
1667 3922 2086 3986 scribendum
2155 3930 2358 3988 esset:
2442 3933 2520 3988 et
2589 3945 2841 4008 aequa;

528 4030 687 4094 mihi
742 4031 1020 4096 alteram
1067 4031 1367 4111 sequenti
1414 4037 1479 4095 et
1524 4032 1798 4113 propius
1846 4029 2148 4094 codicum
2194 4031 2475 4113 vestigia
2521 4032 2846 4114 prementi

528 4139 596 4203 in
640 4145 927 4203 mentem
970 4139 1178 4203 venit:
1218 4174 1303 4182 —-
1337 4139 1680 4221 equites,
1739 4145 1899 4199 rata
1946 4159 2198 4221 prope
2246 4140 2540 4204 civium
2587 4141 2844 4205 socio·

530 4268 859 4330 rumque
908 4268 1114 4329 pars.
1203 4245 1631 4329 Aptissimam
1676 4245 1844 4310 effici
1896 4248 2285 4326 orationem,
2331 4255 2629 4330 apparet.

705 4354 860 4437 Cap.
923 4359 1032 4431 51,
1107 4358 1174 4417 5:
1255 4354 1590 4419 Postero
1667 4353 1826 4430 die,
1909 4354 2050 4426 ubi
2119 4356 2457 4437 primum
2525 4354 2840 4434 illuxit,

530 4460 629 4526 ad
676 4461 942 4543 spolia
986 4461 1332 4545 legenda
1376 4461 1865 4545 foedamque
1905 4463 2157 4527 etiam
2195 4461 2585 4528 hostibus
2622 4485 2844 4546 spec-
