3230 5282
1774 660 1860 723 IV

662 843 977 909 nonnulla
1022 846 1232 910 minus
1280 846 1744 929 expolirentur,
1792 868 1989 931 quam
2035 848 2300 927 vellem,
2348 850 2532 914 cuius
2578 850 2670 913 rei
2718 850 2963 913 veniam

664 963 884 1029 verbis
943 971 1170 1047 petere
1226 964 1455 1030 inutile
1514 966 1790 1031 videtur.
1883 967 2367 1032 Adlaboratum
2425 975 2645 1033 tamen
2703 974 2835 1046 est,
2888 988 2968 1031 ne

663 1083 730 1146 in
793 1105 1045 1149 summa
1105 1106 1177 1149 re
1236 1106 1276 1149 a
1330 1086 1670 1169 proposito
1730 1086 2002 1152 consilio
2062 1087 2472 1153 deficeretur.
2563 1088 2972 1170 Propositum

662 1211 882 1269 autem
926 1211 1070 1269 erat
1112 1206 1421 1288 primum,
1488 1211 1595 1284 ut,
1667 1208 1980 1289 quoniam·
2030 1214 2180 1290 post
2235 1209 2522 1290 priorem
2577 1207 2770 1272 huius
2828 1206 2974 1271 libri

666 1324 1039 1404 editionem,
1077 1346 1276 1407 quum
1312 1325 1564 1390 Livium
1594 1348 1729 1392 una
1763 1347 1910 1392 cum
1945 1326 2250 1409 Ussingio
2287 1327 2564 1405 ederem,
2613 1326 2971 1409 quindecim

670 1444 933 1525 quidem
1002 1445 1248 1528 primos
1314 1444 1520 1510 libros
1585 1445 1718 1525 bis,
1789 1445 2031 1512 multos
2090 1447 2271 1512 locos
2333 1448 2518 1512 novis
2586 1446 2973 1512 coniecturis

671 1563 1119 1629 emendassem
1154 1571 1608 1645 tentassemve,
1647 1566 1786 1630 haec
1822 1567 2031 1630 omnis
2068 1567 2375 1631 materies
2409 1568 2480 1635 in
2512 1566 2637 1632 hoc
2672 1566 2971 1633 volumen

665 1682 1154 1763 transferretur,
1202 1706 1302 1763 ne,
1350 1686 1463 1766 qui
1508 1686 1753 1750 nostris
1800 1686 2200 1751 coniecturis
2247 1686 2535 1750 Livianis
2582 1688 2677 1751 uti
2722 1685 2975 1763 vellent,

667 1803 968 1886 pluribus
1037 1825 1149 1868 eas
1196 1803 1358 1869 locis
1427 1826 1574 1868 cum
1633 1805 1938 1871 molestia
1999 1812 2386 1887 quaererent.
2477 1806 2711 1889 Itaque
2779 1806 2979 1869 crevit

671 1945 773 1987 me
818 1945 948 1987 non
993 1923 1244 1989 libente
1290 1923 1642 1989 voluminis
1689 1925 1923 2003 moles,
1972 1946 2172 2007 quum
2220 1926 2584 2008 praesertim
2632 1924 2765 1990 alia
2810 1946 2978 2007 quae-

672 2043 821 2108 dam
867 2050 934 2107 et
971 2043 1416 2126 disputatione
1463 2051 1528 2107 et
1574 2044 1971 2109 testimoniis
2009 2044 2454 2128 exemplisque
2490 2045 2795 2128 augenda
2828 2065 2978 2109 con-

668 2161 1121 2245 firmandaque
1170 2169 1388 2226 essent
1434 2161 1641 2242 (velut
1698 2163 1784 2227 ad
1839 2163 2071 2243 XXIV,
2122 2169 2177 2241 2,
2228 2164 2313 2246 9).
2405 2165 2685 2243 Deinde,
2742 2165 2797 2227 si
2854 2183 2982 2244 qua

673 2284 802 2346 iam
851 2283 1064 2345 minus
1109 2288 1293 2346 recta
1347 2303 1632 2364 veraque
1677 2282 2096 2362 videbantur,
2161 2305 2304 2365 quae
2361 2283 2551 2348 laetor
2608 2305 2735 2347 non
2798 2281 2981 2346 valde

670 2401 881 2465 multa
925 2402 1157 2481 fuisse,
1205 2423 1285 2466 ea
1340 2402 1778 2481 detraximus,
1827 2403 2140 2486 pleraque
2198 2405 2326 2467 iam
2371 2405 2438 2467 in
2482 2403 2612 2467 illis
2657 2402 2983 2486 praefatio-

670 2521 866 2586 nibus
913 2526 1145 2585 notata
1188 2527 1255 2587 et
1301 2528 1626 2602 correcta3
1675 2544 1807 2587 uno
1855 2529 1921 2588 et
1956 2524 2167 2588 altero
2201 2523 2346 2588 loco
2392 2525 2458 2587 in
2504 2520 2982 2606 posterioribus

673 2641 863 2707 libris
910 2663 1083 2706 nunc
1130 2641 1391 2706 demum
1435 2643 1696 2708 veriora
1739 2665 1807 2709 se
1853 2644 2252 2710 obtulerunt.
2345 2645 2504 2722 Quae
2555 2644 2633 2708 de
2691 2640 2986 2707 codicum

672 2763 1092 2827 auctoritatis
1160 2763 1226 2826 in
1294 2764 1493 2827 tertia
1559 2764 1808 2828 decade
1888 2765 2324 2829 aestimatione
2392 2763 2548 2828 olim
2616 2761 2990 2845 disputave-

671 2903 844 2963 ram,
906 2903 985 2946 ea
1029 2902 1233 2961 nunc,
1294 2881 1465 2964 quod
1524 2883 1608 2947 ad
1658 2885 1944 2966 quinque
1990 2883 2392 2967 posteriores
2439 2882 2643 2947 libros
2688 2882 2994 2965 pertinet,

671 3003 1028 3066 retractavi
1074 3023 1231 3065 usus
1267 3002 1716 3084 Heerwagenii
1763 3011 1829 3066 et
1874 3002 2153 3066 aliorum
2200 3001 2794 3080 admonitionibus;
2843 3022 2989 3083 quae

674 3122 758 3185 ab
807 3121 956 3185 aliis
1001 3142 1214 3203 nuper
1272 3120 1351 3184 de
1397 3121 1631 3185 iisdem
1677 3121 1841 3185 Livii
1899 3122 2090 3198 lociS,
2149 3143 2312 3204 quos
2361 3144 2480 3206 ego
2527 3127 2990 3191 tractaveram,

676 3241 936 3324 prolata
959 3248 1167 3319 erant,
1208 3262 1350 3323 quae
1387 3241 1651 3323 quidem
1690 3240 1848 3303 mihi
1885 3242 2330 3306 innotuissent
2375 3245 2552 3323 (nam
2592 3243 2748 3325 quin
2782 3239 2995 3304 multa

677 3382 794 3438 me,
854 3359 1153 3440 quaedam
1202 3360 1400 3423 etiam
1461 3359 1842 3442 Siesbyeum
1887 3360 2194 3441 fugerint,
2242 3383 2371 3426 non
2433 3361 2713 3440 dubito),
2761 3380 2990 3423 eorum

674 3479 994 3544 hactenus
1042 3478 1271 3543 habita
1313 3479 1485 3542 ratio
1532 3485 1652 3556 est,
1697 3486 1790 3558 ut,
1837 3481 1890 3542 si
1938 3480 2098 3563 quid
2144 3486 2259 3544 aut
2304 3481 2548 3544 nostris
2595 3478 2828 3543 melius
2874 3483 2996 3541 aut

674 3598 908 3663 saltem
933 3619 1114 3679 aeque
1137 3596 1477 3680 probabile
1496 3609 1837 3682 'repertum
1863 3606 2050 3679 esset,
2075 3599 2142 3663 id
2166 3620 2313 3663 cum
2332 3600 2615 3664 adsensu
2639 3597 2994 3662 adnotare-

676 3739 838 3794 mus,
888 3718 967 3781 de
1016 3718 1112 3796 iis,
1158 3738 1304 3799 quae
1349 3739 1481 3781 non
1527 3739 1696 3796 vere,
1745 3719 1861 3783 sed
1896 3725 2116 3782 tamen
2152 3739 2298 3782 cum
2334 3718 2558 3802 aliqua
2591 3717 2726 3780 veri
2771 3715 2996 3797 specie

678 3838 1016 3921 disputata
1059 3836 1456 3915 viderentur,
1507 3839 1898 3902 sententiam
1944 3846 2237 3904 nostram
2283 3838 2571 3902 breviter
2618 3835 2996 3900 declarare-

677 3979 838 4034 muS,
887 3956 1235 4021 manifesto
1284 3979 1640 4038 pravorum
1684 3980 1885 4022 unum
1931 3964 1997 4022 et
2042 3959 2324 4023 alterum
2376 3957 2744 4041 exemplum
2775 3935 2995 4040 *pone-

676 4098 896 4140 remus
965 4083 1030 4139 et
1089 4075 1554 4141 admonitionis
1601 4098 1807 4142 causa
1851 4076 2513 4160 reprehenderemus;
2561 4076 2769 4142 multa
2815 4076 2996 4140 enim

677 4197 885 4260 tacita
930 4196 1429 4278 praetermittere
1477 4202 1543 4260 et
1587 4196 1832 4262 licebat
1877 4203 1943 4261 et
1990 4197 2283 4262 decebat.

852 4314 1058 4378 Scrib.
1106 4314 1380 4378 Hauniae
1426 4317 1614 4380 nonis
1662 4316 1851 4380 Maiis
1896 4339 1953 4381 a.
2001 4316 2610 4382 MDCCCLXXVII.
