3230 5282
585 619 708 672 Lib.
751 617 944 672 XLIV.
1673 608 1793 668 692

575 791 853 856 Persei
920 811 1179 872 neque
1246 789 1470 855 bello
1538 812 1708 856 eum
1773 790 2160 857 invadere
2228 792 2490 857 animo
2558 792 2885 870 habuit3

574 921 729 964 non
774 905 937 963 tam
980 900 1169 983 quia
1213 905 1574 981 paternae
1621 901 1843 965 inter
1899 921 2037 966 eos
2105 901 2581 965 inimicitiae
2637 908 2885 966 erant

576 1029 804 1092 quam
847 1008 1210 1091 ipsorum
1256 1006 1473 1072 odiis
1515 1008 1742 1078 inter
1786 1030 1872 1074 se
1918 1029 2312 1074 accensae.
2402 1008 2572 1073 Non
2633 1028 2724 1074 ea
2767 1031 2882 1073 re·

572 1137 750 1200 gum
796 1114 1232 1194 aemulatio,
1302 1123 1388 1181 ut
1431 1137 1653 1200 aequo
1699 1118 1963 1183 animo
2025 1116 2323 1182 Persea
2375 1123 2655 1182 tantas
2701 1119 2881 1200 api-

572 1225 688 1290 sci
733 1245 926 1307 opes
972 1231 1452 1307 tantamque
1496 1225 1881 1308 gloriam,
1929 1233 2248 1309 quanta
2295 1226 2677 1291 Romanis
2722 1227 2882 1290 vic-

402 1342 548 1412 (5'73)
584 1334 691 1399 tis
737 1353 906 1397 eum
951 1332 1368 1418 manebat,
1436 1323 1832 1398 Eumenes
1898 1335 2220 1398 visurus
2286 1332 2567 1398 fuerit.
2656 1332 2879 1398 Mendi

572 1440 820 1524 aliquid
866 1439 975 1504 hic
1019 1461 1190 1520 esse,
1256 1441 1385 1504 iam
1433 1460 1549 1522 per
1594 1462 1665 1505 se
1709 1441 1997 1523 intellegi
2050 1447 2337 1525 poterat.
2427 1441 2657 1525 Neque
2704 1444 2877 1507 enim

571 1552 707 1616 ulla
752 1551 928 1615 iacta
983 1557 1128 1614 erat
1171 1549 1459 1632 suspicio
1522 1547 1603 1612 de
1651 1548 1940 1615 Eumene
1999 1549 2219 1615 Persei
2286 1549 2459 1614 bello
2518 1550 2875 1616 invadendi

572 1659 848 1726 consilia
891 1660 1204 1740 agitante,
1250 1657 1380 1721 nisi
1425 1655 1601 1740 quod
1639 1677 1796 1721 sane
1833 1657 1967 1721 iam
2013 1657 2126 1722 diu
2170 1664 2399 1741 aperte
2435 1657 2762 1724 Romanos
2806 1660 2872 1724 in

570 1768 744 1834 bello
814 1772 1046 1832 contra
1113 1787 1261 1830 eum
1327 1764 1717 1844 adiuvabat3
1785 1786 2013 1847 neque,
2070 1787 2213 1849 quae
2271 1765 2726 1844 subiiciuntur,
2787 1768 2876 1833 ad

573 1898 717 1942 eam
764 1875 1205 1959 suspicionem
1250 1872 1614 1938 tollendam
1660 1872 1798 1937 ulla
1844 1894 1924 1937 ex
1972 1881 2158 1958 parte
2202 1875 2564 1957 pertinent,
2625 1876 2743 1941 sed
2788 1877 2873 1940 ad

572 2007 742 2063 eam,
811 1983 891 2049 de
938 2003 1069 2064 qua
1123 2002 1257 2045 una
1299 1979 1651 2062 agebatur,
1721 1982 2167 2063 cogitassetne
2212 1981 2555 2060 Eumenes,
2623 1984 2873 2048 relictis

573 2095 1010 2158 Romanorum
1057 2090 1380 2175 partibus,
1426 2088 1667 2154 Perseo
1717 2110 1786 2153 se
1832 2090 2207 2172 adiungere.
2274 2089 2489 2171 Atque
2548 2091 2686 2156 haec
2732 2113 2870 2157 cer·

570 2203 827 2267 tissimo
875 2200 1250 2265 testimonio
1299 2197 1644 2262 confirmat
1702 2202 2006 2281 repertus
2063 2198 2129 2261 in
2172 2197 2562 2280 fragmentis
2611 2200 2868 2265 Vatica-

569 2312 669 2375 nis
715 2308 965 2392 Polybii
1010 2307 1214 2386 locus,
1261 2323 1460 2389 quem
1503 2305 1724 2370 Livius
1769 2305 2090 2388 expressit
2134 2304 2393 2386 (XXIX,
2444 2309 2469 2368 1
2524 2305 2563 2369 d
2598 2330 2658 2390 p.
2706 2312 2863 2372 1032

570 2416 834 2498 Bekk.):
892 2422 1010 2478 ‘'Ou
1051 2423 1149 2494 μὲν
1210 2411 1304 2476 οὖν
1348 2419 1582 2493 Εὐμένης
1627 2419 1723 2477 οὗκ
1769 2422 1835 2475 ἂν
1888 2420 2161 2492 ἐβουλήθη
2220 2421 2436 2494 Περσέα
2491 2424 2751 2496 κρατῆσαι
2797 2426 2868 2496 τῷ

571 2533 787 2604 πολέμῳ
833 2530 922 2585 καὶ
963 2532 1230 2605 γενέσθαι
1274 2529 1456 2601 κύριον
1499 2530 1603 2583 τῶν
1663 2522 1817 2594 mov,
1873 2528 2087 2602 εὐχερὲς
2132 2532 2500 2602 ικαταμαθεῖν.
2588 2523 2861 2606 Egregie
2912 2517 2923 2528 ’

572 2635 772 2719 igitur
815 2631 1359 2698 Forchhammer:
1429 2629 1828 2696 Eumenes
1897 2652 2149 2714 neque
2216 2630 2428 2695 favit
2490 2633 2859 2699 victoria·

571 2743 856 2808 Persei
910 2762 1167 2823 neque
1228 2738 1453 2805 bello
1523 2761 1699 2804 eum
1764 2739 2023 2802 iuvare
2076 2740 2158 2802 in
2224 2739 2488 2805 animo
2555 2740 2858 2807 habuit.

573 2852 709 2935 [Sic
751 2853 882 2915 iam
926 2846 1277 2930 Dobreus.]
1370 2846 1500 2913 Sed
1546 2868 1886 2931 superesse
1933 2846 2237 2911 mendum
2282 2848 2349 2911 in
2393 2849 2505 2927 iis,
2565 2871 2711 2934 quae
2756 2851 2862 2915 de·

573 2960 900 3027 clarandae
948 2966 1015 3023 et
1060 2955 1520 3022 confirmandae
1564 2957 1663 3020 rei
1707 2976 1910 3020 causa
1958 2955 2425 3032 subiiciuntur,
2472 2955 2689 3034 arguit
2733 2955 2862 3037 pri-

569 3092 745 3135 mum
791 3068 1002 3133 oratio
1048 3066 1317 3130 vitiosa:
1363 3084 1520 3128 non
1585 3070 1751 3128 tam
1811 3064 2012 3144 quia
2070 3069 2442 3146 paternae
2501 3097 2584 3108 -
2632 3078 2862 3144 quam

566 3181 942 3263 ipsorum
1025 3174 1251 3239 odiis
1341 3191 1715 3235 accensae
1820 3170 2132 3249 (debebat
2219 3172 2391 3237 enim
2491 3171 2861 3235 necessario

568 3288 697 3353 dici
765 3306 1001 3367 quam
1067 3279 1407 3366 quia—),
1476 3278 1713 3343 deinde
1795 3280 1945 3362 ipsa
2022 3301 2128 3344 res
2204 3279 2459 3363 (inepta
2518 3285 2622 3343 est
2694 3278 2860 3342 enim

569 3396 847 3477 diligens
893 3392 1033 3456 haec
1080 3388 1414 3454 distinctio
1461 3394 1529 3452 et
1574 3389 1981 3471 comparatio
2026 3388 2520 3451 inimicitiarum
2554 3394 2861 3469 paterna-

565 3525 710 3568 rum
755 3508 823 3567 et
865 3502 1040 3564 inter
1082 3499 1264 3582 ipsos
1311 3516 1754 3575 accensarum,
1798 3516 2000 3578 quum
2045 3496 2410 3578 praesertim
2446 3494 2563 3558 has
2611 3515 2692 3558 ex
2735 3494 2859 3557 illis

569 3599 850 3677 crevisse
896 3610 1044 3692 ipsa
1088 3605 1290 3670 verba
1333 3602 1760 3687 significent),
1818 3610 1959 3668 tum
2025 3623 2335 3685 perversa
2393 3603 2863 3668 sententiarum

569 3718 971 3784 continuatio
1019 3712 1140 3794 (sic
1187 3715 1358 3778 enim
1403 3712 1749 3777 subiicitur
1796 3712 2154 3776 communis
2213 3731 2439 3792 regum
2505 3709 2861 3775 aemulatio·

567 3823 669 3887 nis
703 3823 968 3900 mentio,
1013 3826 1355 3904 tamquam
1396 3822 1463 3885 in
1512 3841 1591 3885 ea
1635 3821 1869 3905 positae
1913 3819 2158 3884 fuerint
2199 3819 2330 3883 illae
2364 3820 2661 3903 ipsorum
2699 3817 2860 3883 odiis

568 3951 856 3996 accensae
899 3928 1306 4010 inimicitiae),
1351 3935 1683 4012 postremo
1742 3926 1995 4011 Polybii
2038 3928 2406 3992 auctoritas
2475 3924 2545 4008 (l.
2595 3947 2648 3990 c.
2699 3931 2861 4004 χωρὶς

565 4047 676 4122 γὰρ
721 4048 807 4115 τῆς
853 4046 1109 4120 πατρικῆς
1156 4043 1557 4118 ἀλλοτριότητος
1601 4043 1693 4098 καὶ
1725 4042 2058 4116 δυσμενείας,
2102 4043 2165 4111 ἣν
2211 4037 2361 4112 εἶχον
2404 4041 2543 4114 πρὸς
2589 4028 2859 4110 ἀλλήλους,

567 4155 629 4210 τὸ
672 4157 760 4222 τῆς
804 4153 972 4229 ἀρχῆς
1018 4153 1269 4229 ὁμογενὲς
1315 4151 1497 4207 ἱκανὸν
1541 4142 1603 4220 ἦν
1648 4151 1737 4206 καὶ
1784 4150 2042 4206 ἀπιστίαν
2088 4149 2179 4205 καὶ
2220 4151 2541 4219 ζηλοτυπίαν
2586 4148 2678 4203 καὶ
2724 4151 2857 4203 καθ·

569 4262 696 4317 ὀλου
729 4261 821 4329 τὴν
851 4262 1111 4335 μεγίστην
1146 4260 1523 4335 ἀλλοτριότητα
1560 4260 1988 4332 παρασκευάζειν
2022 4263 2077 4315 ἐν
2114 4252 2335 4333 αὐτοῖς).
2394 4252 2690 4335 Apparet
2713 4271 2858 4315 con·

566 4363 748 4445 iungi
793 4362 971 4446 apud
1015 4362 1358 4446 Polybium
1401 4360 1779 4425 inimicitias
1842 4380 2087 4443 easque
2156 4367 2467 4443 paternas
2536 4367 2604 4423 et
2670 4379 2857 4422 aemu·

568 4470 884 4536 lationem
950 4470 1217 4553 regibus
1286 4489 1731 4548 communem;
1800 4469 2176 4533 inimicitias
2240 4474 2553 4552 paternas
2623 4466 2853 4539 Livius,
