3230 5282
1442 595 1561 658 161
2405 606 2529 662 Lib.
2567 606 2665 664 VI.

336 781 643 863 XXVIII,
699 784 804 862 20,
861 784 901 846 8
947 780 1237 865 scripsit,
1292 779 1587 845 Punici
1645 780 2059 846 exercitus
2108 801 2201 845 ex
2244 778 2668 863 dissipata

337 892 658 977 passim
726 888 916 973 fuga
980 887 1401 972 reliquias
1462 884 1892 954 Castulonem
1957 892 2214 953 tutatas
2272 908 2446 969 esse3
2511 908 2667 953 nam

338 1020 437 1065 ex
498 997 697 1081 fuga
752 996 930 1062 idem
990 1002 1092 1083 est
1146 1016 1226 1062 ac
1280 1000 1471 1080 post
1528 994 1828 1077 fugam,
1896 1016 1988 1061 ex
2043 995 2232 1078 fuga
2287 1016 2370 1060 se
2428 994 2665 1060 colli-

340 1127 558 1191 gens.
661 1105 892 1187 Fuga
955 1110 1178 1170 autem
1235 1103 1655 1188 dissipata
1712 1103 1957 1169 dicitur
2014 1105 2217 1170 etiam
2259 1102 2507 1183 XXIX,
2566 1105 2668 1182 33,

341 1219 383 1279 6
442 1213 656 1296 (loco
700 1248 807 1293 —,
861 1213 940 1278 in
985 1233 1216 1296 quem
1260 1232 1352 1276 ex
1398 1211 1814 1295 dissipata
1858 1213 2403 1278 convenirent
2446 1209 2665 1292 fuga)

341 1329 413 1388 et
458 1320 833 1402 XXXVHI,
906 1323 1018 1400 27,
1081 1324 1153 1401 83
1224 1319 1690 1403 dissipatus
1746 1338 2030 1385 cursus
2086 1318 2179 1398 11,
2240 1322 2353 1399 59,
2413 1322 2485 1399 93
2556 1318 2668 1384 di-

339 1449 638 1514 spersa
679 1428 875 1512 fuga
918 1428 1157 1508 XXXI,
1204 1431 1307 1508 42,
1357 1431 1426 1507 93
1473 1425 1803 1491 diversa
1845 1425 2036 1510 fuga
2078 1425 2279 1505 XLII,
2326 1429 2385 1505 8,
2437 1430 2491 1489 1.

518 1533 676 1621 Cap.
725 1540 827 1616 31,
877 1541 935 1616 5,
991 1535 1109 1600 ubi
1153 1535 1223 1599 in
1267 1534 1606 1601 codicibus
1654 1539 1788 1599 est:
1850 1532 1971 1617 Sp.
2018 1534 2341 1613 Furius,
2386 1533 2473 1598 M.
2519 1532 2668 1598 Ho-

339 1646 620 1711 ratius
679 1644 1158 1710 dextrorsus
1215 1643 1707 1707 maritimam
1763 1662 1978 1707 oram
2021 1648 2266 1726 atque
2310 1640 2660 1721 Antium,
2698 1646 2840 1715 (135)

342 1751 423 1830 Q.
484 1752 894 1818 Servilius
941 1757 1021 1816 et
1063 1750 1134 1814 L.
1185 1749 1602 1831 Geganius
1668 1749 1873 1815 laeva
1938 1749 2035 1814 ad
2100 1755 2415 1816 montes
2483 1750 2667 1814 Ece-

341 1866 564 1927 tram
606 1865 987 1946 pergunt,
1051 1859 1364 1942 quoniam
1419 1878 1633 1942 neque
1681 1857 2167 1923 dextrorsus
2211 1858 2421 1941 magis
2467 1879 2668 1941 quam

340 1967 554 2034 laeva
624 1968 1070 2034 accusativum
1138 1966 1454 2032 adsciscit
1520 1964 1752 2048 (quum
1819 1966 2188 2050 praesertim
2254 1985 2339 2030 ne
2381 1986 2666 2031 versus

341 2076 620 2161 quidem
683 2075 1220 2161 praepositionem
1285 2094 1429 2139 esse
1494 2072 1797 2140 homines
1868 2073 2035 2139 scire
2104 2095 2277 2138 nunc
2345 2079 2669 2157 oporteat,

347 2205 476 2249 nec
545 2184 673 2249 dici
743 2203 965 2249 oram
1030 2203 1336 2261 versus,
1406 2181 1524 2246 sed
1591 2182 1673 2246 in
1736 2186 1856 2245 aut
1912 2182 2010 2246 ad
2056 2202 2271 2247 oram
2312 2180 2665 2263 versus),

342 2313 569 2376 neque
635 2312 910 2374 zeugma
963 2288 1172 2355 ullum
1225 2290 1294 2354 in
1349 2287 1662 2354 membris
1718 2295 1855 2354 tam
1900 2290 2252 2373 perspicue
2299 2289 2667 2375 aequalibus

347 2399 518 2466 ferri
574 2404 827 2484 potest,
884 2398 1315 2480 relinquitur,
1373 2402 1450 2462 ut
1492 2402 1650 2461 ante
1695 2416 1755 2459 ι
1800 2397 2119 2462 exciderit
2164 2398 2245 2462 in
2289 2397 2397 2480 (in
2439 2397 2668 2462 mari-

342 2508 629 2572 timam
686 2505 962 2587 oram),
1029 2504 1587 2589 quemadmodum
1652 2502 1816 2570 alibi
1885 2510 2039 2588 post
2090 2525 2149 2577 n
2209 2504 2363 2587 (vid.
2412 2505 2498 2570 ad
2553 2505 2666 2585 IX,

345 2621 468 2696 41,
529 2614 619 2698 8).
693 2612 822 2680 Illa
873 2614 1128 2680 incerta
1182 2612 1472 2697 suspicio
1531 2617 1662 2694 est,
1732 2612 2054 2697 scriptum
2110 2612 2269 2679 olim
2322 2612 2524 2681 fuisse
2572 2614 2670 2680 ad

347 2729 670 2790 montes
716 2728 798 2787 et
838 2721 1236 2787 Ecetram.
1318 2720 1506 2798 Quod
1552 2719 1586 2804 ἓ
1634 2726 1675 2784 4
1719 2721 2184 2787 emendaturus
2231 2741 2429 2802 eram,
2478 2743 2670 2788 occu-

341 2833 538 2917 pavit
579 2829 1187 2910 WeissenborniuS,
1256 2830 1371 2913 qui
1413 2850 1538 2913 pro
1586 2850 1698 2910 eo,
1767 2829 1945 2911 quod
2002 2830 2253 2895 editur:
2318 2850 2413 2895 ne
2470 2831 2672 2913 quis,

343 2938 622 3024 quoad
651 2937 1051 3003 bellatum
1085 2941 1325 3017 esset,
1358 2937 1762 3002 tributum
1800 2937 2050 3024 daret,
2086 2937 2365 3005 fortasse
2402 2938 2670 3004 debel-

340 3046 610 3112 latum
680 3045 1107 3112 scribendum
1176 3065 1322 3110 esse
1388 3044 1766 3125 adnotavit,
1836 3066 1968 3128 quo
2026 3044 2193 3109 nihil
2248 3051 2472 3129 potest
2528 3067 2671 3112 esse

340 3155 597 3222 certius
653 3156 725 3220 in
781 3152 942 3219 belli
985 3152 1115 3217 fine
1162 3151 1624 3234 significand03
1680 3151 1975 3236 alioquin
2021 3154 2192 3218 enim
2239 3153 2670 3219 scriberetur:

345 3263 617 3331 donec
693 3261 1002 3328 bellum
1080 3259 1403 3342 esset.¹)
1531 3259 1693 3341 (Sed
1769 3261 2055 3344 permire
2138 3259 2486 3326 scribitur:
2578 3282 2672 3327 ne

405 3534 454 3597 ¹)
495 3530 621 3585 Hoc
675 3532 803 3600 ipso
846 3531 995 3585 Livii
1047 3532 1174 3585 loco
1220 3530 1516 3585 Ernestius
1569 3531 1750 3585 utitur
1804 3531 1877 3584 ad
1931 3532 2113 3586 simile
2165 3533 2430 3588 mendum
2476 3541 2675 3590 contra

490 3615 774 3754 ffmtiffit
789 3615 1060 3754 tttliendqm
1081 3615 1248 3754 Iapud
1268 3614 1848 3755 lzoeitfflisan}
1852 3618 1962 3754 619,
1997 3634 2129 3755 nauli
2165 3618 2244 3755 ilbi
2263 3636 2506 3758 ¹:quoque
2527 3627 2676 3760 §02¹3

562 3718 684 3755 exci
856 3718 900 3755 e.
1008 3718 1046 3754 u
1133 3717 1413 3754 lvulro
1624 3741 1637 3768 ,
1758 3742 1771 3768 ,
1921 3719 2141 3756 inco.
2226 3707 2491 3760 u.etin
2590 3724 2619 3760 e

492 3803 527 3840 a
564 3803 645 3855 pr.
680 3803 854 3840 manu
889 3786 1161 3841 scribitur
1207 3784 1391 3853 quod
1437 3791 1901 3854 speraverant
1943 3804 2072 3855 pro:
2123 3788 2307 3856 quod
2354 3789 2676 3860 despera-

490 3877 749 3925 verant.
832 3870 1029 3925 Cicero
1066 3869 1137 3924 de
1171 3871 1279 3939 leg.
1318 3886 1431 3939 agr.
1469 3869 1540 3937 11,
1592 3873 1671 3937 15,
1719 3873 1789 3924 40
1826 3873 2151 3941 scripserat:
2206 3874 2384 3942 quid,
2431 3876 2510 3930 de
2548 3894 2675 3945 quo

493 3956 846 4026 disputari
909 3960 1154 4010 contra
1212 3956 1407 4010 nullo
1470 3961 1679 4025 pacto
1741 3961 2007 4025 potest3
2069 3957 2131 4012 in
2195 3959 2483 4015 codicibus
2545 3961 2678 4015 inde

495 4039 726 4108 factum,
765 4039 916 4109 quod
952 4040 1160 4094 editur:
1208 4040 1386 4109 quid,
1434 4040 1613 4108 quod
1660 4041 2016 4113 disputari
2052 4048 2313 4111 contra,
2352 4047 2560 4100 omisso
2598 4046 2678 4102 de

491 4132 628 4195 post
672 4126 863 4194 quid,
919 4126 1204 4194 geminato
1251 4127 1427 4179 altero
1474 4126 1518 4178 δ’.
1607 4125 1675 4179 In
1731 4125 1926 4180 eadem
1985 4128 2240 4182 oratione
2285 4132 2377 4198 29,
2431 4133 2526 4197 81,
2582 4132 2679 4186 ubi

492 4217 696 4264 contra
758 4210 1009 4265 omnium
1068 4211 1274 4268 Latine
1334 4211 1691 4278 loquentium
1753 4229 1913 4266 usum
1977 4214 2267 4268 scribitur:
2335 4214 2428 4282 id,
2495 4217 2679 4284 quod

495 4294 855 4365 Campanis
901 4299 1232 4365 ceperant
1278 4294 1464 4362 (nemo
1510 4296 1662 4349 enim
1696 4314 1943 4365 unquam
1981 4303 2079 4352 aut
2114 4316 2351 4369 agrum
2390 4306 2485 4354 aut
2520 4302 2674 4369 quie·

494 4397 664 4448 quam
716 4381 944 4435 omnino
994 4381 1209 4434 alicui
1255 4396 1506 4449 capere
1552 4380 1697 4434 dixit
1731 4399 1836 4450 pro
1874 4400 1969 4452 e0,
2019 4384 2173 4453 quod
2219 4390 2303 4439 est
2340 4385 2679 4454 adimere),

494 4470 651 4519 recte
686 4465 1055 4520 Lauredauus
1104 4464 1316 4520 fecerat
1361 4465 1564 4534 aliique
1599 4465 2003 4535 probaverant:
2054 4470 2232 4538 quod
2279 4470 2356 4524 de
2394 4470 2674 4540 Campa-

2153 4575 2213 4625 11
