3230 5282
590 580 718 634 Lib.
754 579 1033 653 XXXVII.
1700 570 1822 630 536

592 759 709 815 aut
755 752 967 817 altero
1004 751 1168 816 Livii
1214 752 1358 818 loco
1406 758 1523 817 aut
1557 752 1734 835 apud
1768 752 2114 835 Polybium
2146 753 2491 835 vestigium
2526 755 2671 818 est?
2708 752 2907 830 Quae-

589 879 739 921 nam
797 859 865 922 in
910 859 1066 922 Asia
1124 861 1216 923 cis
1260 858 1549 923 Taurum
1605 858 1978 924 huiusmodi
2048 859 2225 923 silvae
2282 868 2899 940 commemorantur,

590 986 732 1048 quae
759 968 1116 1048 separatim
1141 966 1315 1030 inter
1337 966 1709 1049 provincias
1744 973 2083 1049 tamquam
2118 966 2436 1031 notabilis
2459 969 2644 1049 regui
2672 987 2888 1032 acces-

590 1073 685 1136 sio
734 1071 874 1136 dari
920 1074 1298 1155 potuerint?
1362 1073 1793 1155 Perspicuum
1820 1093 1964 1137 esse
1998 1073 2304 1153 arbitror,
2340 1076 2547 1139 errori
2585 1075 2887 1138 silvarum

587 1200 825 1243 nomen
871 1179 1125 1260 deberi3
1182 1180 1298 1245 sed
1343 1180 1502 1262 quid
1548 1180 1777 1258 subsit,
1824 1179 2091 1245 difficile
2137 1187 2240 1245 est
2283 1182 2593 1246 invenire.
2684 1181 2887 1245 Valde

585 1293 806 1350 tamen
841 1287 1114 1352 inclinat
1149 1289 1423 1365 animuS,
1458 1293 1533 1351 ut
1564 1308 1685 1370 pro
1726 1287 1983 1351 siluas
2020 1289 2340 1371 scriptum
2375 1310 2416 1353 a
2452 1288 2634 1353 Livio
2669 1296 2888 1372 putem

588 1392 651 1473 (e
667 1393 720 1472 t)
767 1392 1062 1476 Milyas
1100 1393 1474 1476 (Miluas),
1510 1393 1878 1459 incolarum
1911 1397 2174 1459 nomine
2209 1417 2328 1478 pro
2361 1397 2633 1477 regione
2655 1398 2885 1479 posito.

583 1500 751 1563 Nam
808 1500 1165 1585 Milyada
1232 1508 1298 1565 et
1341 1502 1484 1584 ipse
1528 1501 1752 1566 Livius
1811 1503 1875 1564 in
1922 1501 2094 1566 libro
2141 1501 2481 1566 XXXVIII
2539 1502 2905 1567 cum'reli·

584 1608 762 1687 quiS,
811 1628 972 1688 quas
1018 1608 1127 1672 hic
1173 1616 1529 1688 enumerat,
1572 1609 1952 1689 regionibus
1999 1608 2231 1674 eodem
2277 1610 2421 1674 loco
2469 1610 2654 1690 (ante
2698 1609 2884 1693 Lydi-

582 1713 716 1790 am)
754 1715 1054 1779 nominat
1088 1721 1156 1779 et
1186 1715 1514 1798 Polybius,
1605 1716 1903 1795 Regias
1950 1715 2111 1797 quid
2157 1717 2461 1794 occultet,
2500 1719 2739 1794 nesci0,
2775 1714 2885 1780 sed

579 1819 785 1884 latere
824 1821 1074 1903 aliquid
1107 1823 1379 1900 videtur,
1426 1822 1601 1905 quod
1640 1824 1971 1906 pertineat
2007 1823 2093 1887 ad
2130 1822 2354 1906 Mysiae
2389 1831 2648 1906 partem
2688 1824 2883 1906 signi-

471 1955 492 1975 ·
580 1925 907 1992 ficandam
984 1927 1333 2012 (Mysiam
1409 1931 1710 2010 regiam
1787 1951 1821 1993 e
1848 1937 1878 1995 t
1956 1930 2340 2013 Milyas‘P).
2450 1930 2660 1997 Paulo
2740 1937 2901 2013 post

412 2031 550 2099 (484)
587 2032 647 2115 (ἓ
696 2039 732 2098 3
779 2042 845 2100 et
900 2036 967 2116 4)
1026 2057 1157 2101 non
1222 2036 1439 2113 vide0‚
1508 2057 1709 2117 quum
1776 2038 1901 2117 sic,
1938 2038 2224 2102 dicatur:
2295 2035 2643 2114 Cariam,
2715 2057 2877 2119 quae

581 2142 941 2225 Hydrela
983 2142 1483 2226 appellatur,
1531 2145 1647 2226 qui
1682 2145 1892 2225 possit
1926 2144 2234 2223 dubitari,
2281 2145 2455 2226 quin,
2491 2165 2882 2226 quamquam

580 2248 873 2331 Hydrela
897 2250 1214 2332 oppidum
1247 2250 1449 2313 fuisse
1489 2251 1765 2329 constat,
1804 2272 1882 2315 ex
1918 2273 2048 2335 quo
2086 2271 2243 2333 ager
2278 2251 2899 2335 Hydrelatanus

581 2356 955 2438 appellatur
1034 2356 1166 2437 (vel
1232 2357 1452 2438 potius
1530 2356 2157 2439 Hydrelitanus‚
2228 2365 2258 2420 ὁ
2322 2366 2427 2420 τῶν
2489 2358 2883 2439 Ὑδρηλειτῶν),

459 2513 466 2521 .
581 2469 801 2527 tamen
850 2462 1101 2528 Caria
1146 2463 1501 2545 Hydrela
1535 2465 1594 2545 (ἦ
1628 2465 1859 2544 ὑδρηλὴ)
1905 2466 2083 2548 regio
2129 2465 2428 2548 intellegi
2473 2466 2729 2543 debeat,
2774 2487 2887 2529 no·

579 2591 750 2645 men,
803 2572 1038 2654 opinor
1102 2572 1338 2635 sortita
1384 2572 1467 2636 ab
1516 2592 1613 2651 ec,
1661 2571 1836 2654 quod
1895 2571 2105 2636 fluviis
2161 2573 2414 2656 irrigua
2460 2581 2653 2638 esset.
2744 2574 2885 2638 Hoc

580 2678 636 2742 si
680 2679 777 2742 ita
822 2685 938 2758 est,
984 2700 1131 2763 quae
1178 2679 1418 2745 deinde
1463 2680 1916 2744 nominantur:
1967 2686 2046 2744 et
2090 2680 2447 2745 castella
2491 2682 2880 2764 vicosque

578 2792 811 2849 trans
857 2785 1339 2851 Maeandrum
1387 2808 1687 2851 amnem
1733 2792 1812 2851 et
1847 2788 2173 2870 oppida,
2220 2789 2375 2852 nisi
2412 2809 2578 2871 quae
2615 2788 2898 2853 libera.

578 2899 760 2956 ante
829 2893 1133 2957 bellum
1197 2894 1587 2972 fuissent,
1674 2894 1884 2959 Cariae
1962 2894 2165 2960 fuisse
2244 2895 2566 2959 videntur.
2677 2896 2877 2977 Atqui

577 2998 769 3063 Caria
834 3007 1019 3065 trans
1064 3000 1470 3065 Maeandrum
1515 3001 1791 3065 Rhodiis
1860 3002 2020 3066 data
2075 3009 2179 3066 est
2234 3000 2297 3084 (ἓ
2357 3007 2424 3082 6;
2487 3003 2602 3067 cfr.
2650 3003 2875 3085 Polyb.

574 3105 777 3185 XXII,
811 3111 912 3186 27,
935 3112 1009 3172 8:
1054 3113 1276 3178 Ῥοδίοις
1309 3116 1692 3189 ἐχρημάτισαν,
1725 3116 1957 3179 διδόντες
1980 3119 2187 3171 Λυκίαν
2220 3116 2310 3171 καὶ
2343 3100 2578 3191 Καρίας.
2606 3119 2671 3172 τὰ
2713 3119 2885 3191 μέχρι

574 3215 963 3296 Μαιάνδρου);
1011 3236 1088 3279 eo
1131 3217 1340 3296 magis
1386 3237 1651 3280 moveor
1697 3216 2029 3295 codicum,
2077 3225 2352 3301 excepto
2398 3218 2485 3295 M,
2533 3218 2882 3300 scriptura,

574 3322 683 3401 qui
733 3321 1079 3386 castella
1124 3322 1221 3386 ad
1265 3322 1753 3387 Maeandrum
1797 3323 2074 3403 habent3
2141 3332 2209 3387 et
2253 3346 2371 3406 per
2415 3346 2482 3389 se
2531 3325 2883 3408 probabile¹

573 3434 703 3506 est,
759 3427 1069 3492 Eumenis
1135 3428 1298 3493 fines
1354 3450 1395 3492 a
1444 3432 1896 3513 septentrione
1942 3431 2028 3495 ad
2073 3431 2408 3496 meridiem
2456 3453 2679 3497 versus
2722 3453 2870 3516 pro-

571 3543 784 3598 motos
853 3536 1237 3600 terminatos
1305 3558 1446 3601 esse
1514 3537 1876 3616 Menandro,
1943 3559 2074 3603 non
2155 3539 2427 3603 castella
2495 3546 2565 3603 et
2630 3540 2884 3623 oppida

570 3648 752 3705 trans
799 3639 1060 3705 fluvium
1110 3641 1479 3726 (quousque
1495 3644 1554 3724 P)
1612 3646 1673 3708 ei
1719 3645 2035 3709 subiecta.
2124 3644 2184 3707 N
2189 3665 2263 3709 ec
2318 3646 2475 3710 huic
2530 3648 2875 3711 sententiae

571 3748 794 3812 obstat
840 3748 1000 3812 data
1044 3748 1320 3813 Eumeni
1375 3752 1846 3816 nominatim
1904 3751 2261 3816 Telmissus
2318 3754 2505 3831 urbs;
2574 3775 2655 3818 ea
2700 3755 2873 3818 enim

567 3855 635 3918 in
693 3855 892 3938 Lycia
950 3855 1029 3919 ad
1099 3877 1281 3920 mare
1350 3865 1522 3935 erat,
1589 3857 1778 3939 longe
1846 3880 1887 3922 a
1942 3859 2275 3945 Maeandro
2341 3860 2882 3943 regionibusque,

568 3983 733 4044 quas
780 3964 835 4025 is
879 3962 1229 4040 dividebat,
1276 3970 1549 4040 remota,
1598 3968 1920 4048 expetita,
1968 3966 2231 4049 opinor,
2279 3967 2362 4031 ab
2417 3967 2738 4046 Eumene,
2793 3973 2879 4031 ut

566 4078 831 4151 portum
906 4071 972 4133 in
1036 4071 1403 4135 meridiana
1469 4072 1637 4134 Asiae
1706 4079 1895 4154 parte
1972 4073 2266 4138 haberet.
2357 4073 2433 4138 In
2499 4074 2567 4138 M
2634 4084 2873 4139 trans

566 4174 1050 4240 Maeandrum
1098 4198 1177 4242 ex
1224 4178 1529 4243 inferiore
1575 4177 1720 4242 loco
1766 4180 1835 4243 in
1881 4179 2055 4243 hunc
2100 4181 2490 4244 translatum
2537 4180 2789 4263 put0.¹)

622 4402 667 4470 ¹)
708 4403 836 4473 Cap.
875 4407 967 4470 57,
1017 4405 1108 4468 10,
1153 4402 1371 4456 multa
1407 4402 1797 4471 congiaria,
1844 4420 1969 4472 quae
2005 4403 2097 4457 Μ’.
2136 4406 2349 4459 Acilius
2389 4404 2618 4458 Glabrio
2657 4404 2879 4457 habu—
