3230 5282
1433 625 1549 685 541
1624 628 1629 632 ’
1754 706 1762 714 ι
2180 635 2302 688 Lib.
2341 635 2645 690 XXXVIII.

341 808 721 884 cedebatur,
770 806 885 871 sed
923 807 1159 871 ‘locis
1207 803 1318 886 d.].
1377 805 1652 871 Videtur
1689 807 2011 871 excidisse
2080 807 2464 889 operibus
2530 816 2645 873 aut

344 916 574 981 similis
621 936 762 979 vox.
854 912 1048 978 Certe
1095 913 1362 996 vulgata
1408 915 1736 998 scriptura
1780 936 1910 979 non
1957 920 2140 978 recte
2186 913 2480 994 habet.¹)

513 1021 670 1106 Cap.
733 1028 789 1101 9,
849 1025 884 1084 3
953 1022 1164 1085 oratio
1233 1023 1326 1084 sic
1382 1022 1913 1105 interpungenda
1979 1028 2116 1086 est:
2185 1021 2364 1086 Haec
2430 1043 2647 1086 mora

339 1131 544 1213 (quod
592 1131 770 1213 capti
816 1128 899 1193 ab
945 1128 1401 1193 Acarnanibus
1436 1129 1805 1194 AEtolorum
1841 1128 2044 1210 legati
2084 1129 2301 1209 erant)
2336 1130 2647 1194 iniecta

339 1246 462 1303 est
529 1239 740 1320 paci,
803 1258 1040 1318 quum
1097 1238 1251 1300 iam
1298 1236 1920 1301 Atheniensium
1980 1236 2644 1319 Rhodiorumque

336 1347 624 1429 legati,
672 1345 809 1426 qui
854 1344 949 1408 ad
994 1344 1594 1425 deprecandum
1640 1365 1784 1426 pro
1830 1345 1934 1408 iis
1970 1350 2386 1422 venerant,
2435 1344 2646 1427 apud

339 1453 762 1519 consulem
830 1458 1127 1516 essent.
1229 1451 1739 1534 Amynander
1808 1472 2120 1535 quoque
2163 1486 2248 1497 --
2312 1460 2648 1516 venerat

338 1564 416 1626 in
463 1569 742 1626 castra
787 1560 1146 1623 Romana
1192 1566 1312 1622 cet.
1405 1559 1721 1623 Vitiosum
1773 1567 1871 1623 est
1918 1559 2119 1623 enim:
2187 1558 2435 1635 Quum
2492 1560 2643 1624 iam

337 1704 423 1715 -
468 1673 780 1743 essent,
848 1666 999 1731 Am.
1071 1687 1390 1749 quoque
1450 1673 1790 1731 venerat
1857 1665 2003 1748 (pro
2072 1666 2349 1746 venit).
2441 1666 2643 1732 Paulo

338 1784 489 1842 ante
558 1774 620 1857 (ἓ
689 1775 755 1855 2)
821 1795 950 1837 non
1000 1773 1229 1837 debuit
1294 1779 1478 1837 recta
1534 1773 1781 1838 codicis
1828 1773 1891 1837 M
1955 1774 2284 1855 scriptura
2350 1773 2643 1857 (iurgio

338 1883 679 1966 excepti,
718 1903 956 1964 quam
993 1880 1129 1945 diu
1173 1902 1334 1945 rem
1380 1881 1888 1961 traherent),
1935 1881 2003 1944 in
2037 1900 2167 1961 qua
2201 1881 2374 1945 idem
2411 1889 2514 1946 est
2549 1883 2646 1945 in-

339 1990 811 2072 terrogationis
847 1988 1043 2053 verbo
1079 1987 1463 2069 indignandi
1498 1995 1564 2052 et
1603 1988 1923 2071 querendi
1959 1987 2270 2052 subiectae
2304 2010 2482 2066 usna,
2516 2010 2646 2070 quo

344 2100 586 2164 dicitur
630 2097 877 2161 irasci
938 2095 1231 2172 alicui,
1281 2116 1421 2159 cur
1479 2096 1775 2170 faciat,
1825 2102 1893 2160 et
1948 2103 2380 2177 correptus
2449 2118 2645 2176 sum,

344 2229 481 2272 cur
537 2202 1062 2280 ambularem,
1121 2201 1466 2280 similiave,
1512 2225 1552 2267 a
1597 2202 2131 2267 Weissenbornio
2190 2205 2516 2286 corrumpi
2573 2210 2640 2268 et
2675 2209 2820 2279 (439)

342 2335 489 2380 cum
553 2311 917 2393 vulgarium
988 2311 1286 2375 codicum
1345 2310 1573 2390 (etiam
1618 2310 1700 2391 Β)
1760 2312 2377 2393 interpretamento:
2435 2312 2643 2391 quod

338 2443 500 2487 rem
547 2418 975 2484 traherent
1007 2419 1101 2482 sic
1148 2416 1436 2496 conflari,
1483 2425 1559 2482 ut
1601 2417 1818 2483 fieret:
1868 2419 2081 2501 quod
2124 2424 2281 2481 tam
2318 2418 2449 2482 diu
2484 2440 2642 2484 rem

346 2529 778 2595 traherent
834 2545 980 2608 quae
1027 2531 1129 2588 est
1174 2525 1319 2606 ipsa
1364 2545 1531 2589 veroe
1581 2527 1926 2609 scripturae
1973 2526 2323 2589 enarratio.

504 2634 660 2719 Cap.
715 2638 810 2711 15,
861 2636 897 2696 9
947 2633 1039 2711 (in
1088 2630 1530 2715 descriptione
1587 2634 1841 2698 itineris
1901 2632 2013 2696 Cn.
2060 2631 2287 2696 Manlii
2333 2631 2644 2698 Vulsonis

338 2766 457 2828 per
500 2742 792 2822 Asiam):
839 2740 1035 2804 Inde
1081 2741 1157 2803 in
1205 2760 1470 2822 agrum
1520 2740 2150 2824 Sagalassenum
2203 2775 2281 2784 —
2324 2748 2645 2805 ventum

334 2859 477 2916 est.
570 2849 869 2915 Colunt
935 2847 1263 2925 Pisidae,
1333 2848 1570 2927 longe
1641 2850 1926 2931 optimi
1992 2846 2207 2911 bello
2274 2849 2645 2929 regionis

217 2950 222 2953 ’
334 2962 520 3025 eius.
612 2956 857 3032 Quum
905 2975 994 3019 ea
1036 2937 1163 3025 re⁶s
1199 2958 1505 3020 animos
1560 2956 1793 3033 facit,
1830 2962 1995 3019 tum
2039 2956 2211 3037 agri
2256 2953 2619 3040 fecundi-

334 3074 462 3132 tas
510 3072 588 3128 et
632 3061 1068 3127 multitudo
1115 3061 1522 3129 hominum
1583 3071 1662 3129 et
1724 3064 1939 3126 situs
1984 3098 2068 3107 —
2112 3061 2361 3126 urbis.
2455 3061 2643 3127 Con-

337 3172 461 3237 sul
519 3206 595 3217 —
661 3170 881 3234 misit
927 3175 1049 3233 cet.
1138 3168 1523 3234 Necessario
1594 3169 2010 3234 scribendum
2056 3169 2283 3246 fecit,
2327 3176 2402 3234 ut
2447 3191 2487 3234 a
2530 3191 2643 3234 no·

392 3392 438 3457 ¹)
478 3389 607 3458 Cap.
649 3391 706 3454 7,
753 3391 786 3441 9
833 3388 950 3454 (ubi
987 3389 1177 3456 agitur
1212 3387 1282 3441 de
1319 3388 1578 3441 cuniculo
1618 3390 1722 3442 sub
1758 3405 1918 3442 muro
1955 3388 2270 3442 Ambraeiae
2308 3405 2342 3441 a
2375 3387 2645 3442 Romanis

476 3472 628 3538 acto)
678 3473 840 3526 unice
888 3491 1080 3527 verum
1130 3478 1218 3526 est
1263 3472 1585 3539 fulturis,
1649 3473 1796 3542 quod
1845 3471 2104 3527 Gelenius
2151 3490 2219 3526 ex
2254 3473 2314 3527 M
2349 3490 2452 3543 pro
2500 3473 2640 3526 fur-

472 3558 650 3612 culis
706 3558 971 3610 restituit.
1062 3557 1287 3624 Famis,
1350 3575 1466 3611 non
1520 3559 1691 3611 modo
1750 3557 2074 3623 furculis,
2139 3575 2229 3611 res
2286 3574 2399 3611 non
2452 3560 2645 3626 magni

471 3642 765 3711 ponderis,
821 3641 988 3696 foruli
1037 3643 1308 3695 similiave
1346 3644 1612 3711 suspendi
1650 3647 1917 3711 possunt3
1973 3642 2043 3694 ad
2081 3660 2328 3709 murum,
2385 3640 2643 3697 cuniculo

472 3726 617 3780 infra
684 3726 884 3793 ducti),
962 3728 1352 3781 sustinendum
1425 3727 1990 3796 suspendendumque
2054 3745 2194 3795 opus
2262 3734 2350 3782 est
2415 3729 2644 3782 maioris

475 3813 665 3880 operis
722 3811 1017 3866 fulturis
1077 3829 1145 3866 ex
1191 3813 1446 3866 trabibus
1495 3818 1553 3866 et
1596 3813 1914 3866 tabularum
1958 3810 2133 3865 firmis
2179 3814 2542 3882 compagibus
2590 3818 2647 3866 et

476 3897 752 3951 columnis
790 3897 993 3966 ligneis
1032 3898 1291 3965 (aaebzm;);
1340 3915 1434 3951 eas
1472 3907 1747 3971 ἐρείσματα,
1784 3899 2011 3951 nomine
2047 3897 2255 3951 Latino
2291 3897 2374 3950 illi
2409 3914 2642 3966 prorsus

475 3980 862 4048 convenienti,
918 3981 1186 4051 Polybius
1234 3982 1484 4050 appellat
1530 3982 1604 4048 V,
1659 3985 1693 4034 4
1741 3988 1797 4036 et
1842 3982 1916 4048 V,
1977 3986 2074 4035 100
2122 3984 2180 4035 in
2224 3982 2501 4035 similibus
2547 3981 2639 4033 de·

476 4066 878 4134 scriptionibus
926 4073 1376 4135 oppugnatarum
1423 4067 1674 4133 urbium,
1728 4068 1906 4134 ipsam
1963 4072 2149 4121 autem
2196 4085 2314 4121 rem
2363 4075 2644 4120 διαστυλοῦν

475 4164 625 4217 τεῖχος
665 4152 962 4223 (ὑπορυχθὲν
1001 4160 1081 4206 καὶ
1117 4151 1429 4224 κριμασθέν).
1513 4156 1773 4224 Στῆῥιγγας
1819 4151 1911 4204 alii
1959 4168 2062 4220 pro
2111 4155 2297 4211 στύλοις
2332 4150 2644 4219 appellant3

475 4235 588 4288 vid.
610 4234 1013 4305 Wesselingius
1052 4238 1125 4292 ad
1143 4236 1307 4291 Diod.
1331 4235 1441 4291 Sic.
1460 4236 1672 4303 XVIII,
1719 4238 1801 4305 ¹70.
1864 4236 2059 4304 Neque
2101 4237 2162 4290 in
2196 4235 2517 4289 huiusmodi
2555 4252 2649 4303 ap-

475 4319 778 4387 pellatione
818 4322 1255 4376 machinamenti
1285 4322 1588 4390 quidquam
1624 4321 1841 4375 minimi
1868 4322 2136 4374 momenti
2165 4321 2335 4373 habet
2362 4320 2644 4374 dubitatio

477 4421 510 4456 a
546 4403 1008 4458 Drakenborchio
1047 4413 1216 4473 mota,
1266 4407 1416 4475 quod
1451 4405 1735 4460 fulturae
1772 4405 2049 4459 vocabulo
2088 4404 2359 4471 (legitime
2396 4403 2550 4457 facto
2587 4409 2646 4455 et

477 4488 625 4556 apud
661 4487 953 4544 Horatium
991 4493 1207 4561 posito)
1243 4492 1434 4544 Livius
1471 4490 1604 4544 alibi
1642 4507 1772 4544 usus
1808 4506 1923 4543 non
1959 4490 2252 4558 reperitur.
