3230 5282
1437 601 1557 660 535
2202 611 2325 688 Lib.
2365 611 2644 665 mvn.

341 784 589 846 omisso
633 782 896 847 nomine
942 781 1297 864 significari
1341 804 1471 847 non
1517 783 1762 865 potuit,
1808 785 1916 864 qui
1962 785 2027 847 in
2074 789 2217 849 toto
2262 782 2386 847 hoc
2431 785 2646 866 capite

345 896 892 954 commemoratus
960 889 1438 971 significatusve
1504 911 1636 955 non
1704 897 1900 955 esset.
1994 890 2120 954 Sed
2177 891 2417 954 iniuria
2462 898 2644 954 totus

342 996 523 1061 locus
573 996 667 1077 (in
714 1016 843 1077 quo
879 997 1055 1080 quod
1092 1004 1236 1061 erat
1259 996 1563 1061 mendum
1601 996 1884 1075 difficile,
1925 997 2265 1062 Rubenius
2300 998 2645 1079 sagacissi-

343 1125 450 1168 ma
474 1104 851 1169 coniectura
889 1103 1179 1182 sustulit,
1214 1125 1368 1186 pro:
1404 1124 1495 1167 av
1514 1110 1888 1169 erterunt
1921 1104 1954 1169 f
1962 1125 2078 1169 am
2096 1125 2214 1169 am
2242 1106 2581 1170 restituto:
2608 1126 2647 1169 a

343 1213 614 1275 vetere
657 1211 895 1291 fama)
942 1211 1473 1276 Weissenbornio
1521 1211 1762 1277 dubius
1807 1213 1985 1276 visus
2031 1218 2159 1290 est,
2220 1212 2401 1293 quod
2446 1213 2513 1275 in
2559 1212 2643 1290 M,

337 1320 671 1400 geminata
712 1320 926 1400 prima
971 1319 1197 1382 littera
1242 1317 1423 1381 verbi
1468 1326 1828 1383 metuere
1874 1327 1941 1382 et
1985 1320 2064 1383 in
2099 1326 2369 1401 propter
2405 1339 2644 1400 praece·

341 1425 502 1490 dens
538 1445 593 1486 n
630 1427 890 1504 omiSSO,
940 1425 1260 1507 scriptum
1296 1431 1472 1490 erat:
1519 1427 1812 1491 victam
1847 1425 2225 1490 AEtoliam
2262 1432 2639 1490 metuere.

513 1530 670 1616 Cap.
721 1537 819 1611 56,
867 1536 904 1595 2
953 1553 1062 1605 ea,
1110 1553 1255 1614 quae
1312 1540 1579 1597 senatus
1625 1534 1962 1598 Romanus
2007 1540 2165 1619 post
2222 1532 2465 1597 bellum
2512 1533 2641 1596 An-

337 1639 542 1705 tiochi
569 1639 843 1704 Eumeni
880 1640 1022 1703 dari
1060 1640 1272 1716 iussit,
1309 1641 1401 1704 sic
1426 1647 1921 1706 enumerantur:
1973 1641 2457 1724 Lycaoniam
2482 1661 2640 1704 om-

337 1768 508 1811 nem
601 1752 676 1811 et
763 1746 1185 1828 Phrygiam
1252 1753 1672 1828 utramque
1762 1755 1844 1812 et
1929 1748 2290 1831 Mysiam,
2369 1748 2638 1828 regias

335 1854 587 1918 silvas
659 1861 737 1918 et
802 1853 1068 1936 Lydiae
1135 1854 1545 1934 Ioniaeque
1615 1860 1851 1918 extra
1918 1875 2007 1919 ea
2075 1855 2403 1938 oppida,
2471 1875 2637 1936 quae

334 1960 603 2025 libera
647 1960 1025 2038 fuissent,
1072 1981 1226 2043 quo
1274 1960 1397 2024 die
1444 1982 1610 2025 cum
1656 1983 1841 2043 rege
1887 1962 2281 2027 Antiocho
2327 1982 2636 2045 pugna·
2749 1993 2763 2007 ·

333 2076 500 2133 tum
547 2075 702 2145 est,
752 2076 832 2133 et
876 2068 1352 2132 nominatim
1398 2067 1890 2149 Magnesiam
1945 2069 2039 2132 ad
2101 2070 2463 2153 Sipylum
2508 2075 2627 2133 cet.
2667 2069 2807 2139 (483)

332 2175 409 2239 In
455 2176 558 2239 his
599 2177 740 2240 duae
788 2183 942 2240 sunt
986 2175 1202 2240 mendi
1250 2176 1654 2256 suspiciones
1699 2196 2067 2258 pergraves,
2114 2177 2328 2241 altera
2371 2178 2501 2241 iam
2548 2177 2631 2241 ab

332 2284 499 2360 aliia,
549 2283 760 2348 altera
818 2305 858 2347 a
903 2282 1244 2347 nullodum
1290 2292 1486 2347 mota.
1576 2282 1745 2348 Nam
1812 2287 2152 2365 genetivus
2210 2284 2321 2348 ille
2365 2284 2631 2367 Lydiae

329 2390 634 2474 Ioniaeq
653 2412 773 2466 ue,
843 2392 954 2473 qui
1013 2390 1296 2472 pendere
1356 2391 1553 2455 debet
1620 2412 1698 2454 ex
1757 2393 2021 2456 notione
2066 2392 2320 2457 inclusa
2387 2393 2455 2455 in
2498 2391 2627 2456 his:

331 2505 566 2562 extra
612 2520 703 2562 ea
750 2499 1050 2581 oppida
1098 2497 1388 2578 (Lydiae
1432 2497 1841 2581 Ioniaeque
1886 2499 2210 2580 reliqua
2257 2506 2495 2563 extra
2544 2519 2632 2563 ea

329 2604 558 2689 opp),
617 2606 745 2670 iam
793 2604 1128 2670 Dukerum
1195 2613 1261 2669 et
1318 2603 1689 2670 Creverium
1757 2606 2072 2686 advertit3
2138 2607 2297 2671 mihi
2364 2607 2631 2689 quidem

326 2713 451 2779 hoc
497 2713 807 2797 loquendi
829 2734 1034 2794 genus
1070 2713 1167 2777 ita
1199 2712 1457 2777 videtur
1490 2713 1897 2791 incredibile,
1945 2721 2022 2778 ut
2054 2715 2629 2797 transpositionem

323 2820 570 2886 factam
616 2828 841 2904 putem
887 2819 1464 2903 scribendumque:
1530 2820 1798 2903 Lydiae
1857 2820 2263 2901 Ioniaeque
2330 2821 2631 2903 oppida

326 2936 556 2992 extra
603 2950 719 3006 ea,
769 2949 934 3011 quae
982 2934 1103 2991 cet.
1154 2924 1288 3008 [Sic
1332 2925 1739 3010 Rupertius.]
1787 2926 2041 2991 Certius
2086 2933 2304 2991 tamen
2350 2927 2629 2991 alterum

325 3035 630 3100 mendum
658 3057 799 3099 esse
824 3034 1019 3099 credo
1045 3036 1110 3098 in
1132 3033 1292 3097 illis:
1330 3033 1676 3115 Mysiam,
1700 3036 1967 3116 regias
1994 3034 2274 3112 silvaS,
2298 3036 2366 3098 in
2391 3034 2626 3114 quibus

325 3143 605 3225 primum
633 3151 1009 3225 suspectum
1040 3148 1166 3222 est,
1193 3140 1371 3224 quod
1413 3141 1641 3223 Mysia,
1669 3141 1849 3205 nullo
1877 3141 2103 3206 addito
2143 3140 2289 3219 fine,
2316 3148 2461 3205 tota
2496 3140 2626 3205 Eu-

323 3251 495 3313 meni
536 3250 761 3327 datur3
784 3271 935 3313 nam
970 3271 1049 3313 ex
1072 3249 1281 3313 altero
1311 3247 1473 3312 Livii
1495 3249 1642 3312 loco
1670 3248 1750 3312 de
1775 3256 1971 3314 aucto
1998 3248 2309 3313 Eumenis
2333 3268 2534 3330 regno
2560 3250 2626 3312 in

321 3357 491 3422 libro
531 3356 889 3435 XXXVIII,
939 3361 1038 3434 39,
1088 3361 1160 3419 15
1200 3363 1267 3420 et
1302 3377 1380 3419 ex
1416 3354 1687 3438 Polybii,
1727 3377 1917 3438 quem
1962 3356 2055 3419 ibi
2091 3356 2312 3420 Livius
2359 3365 2625 3421 secutus

321 3472 453 3543 est,
498 3465 666 3529 libro
708 3464 909 3541 XXII,
950 3469 1052 3541 27,
1084 3468 1179 3542 10,
1225 3484 1625 3544 quamquam
1669 3483 1799 3527 non
1834 3462 2064 3527 eodem
2101 3464 2295 3528 modo
2331 3464 2628 3529 scribunt

319 3572 490 3652 (illex
560 3572 931 3655 Mysiam,
1000 3592 1238 3651 quam
1304 3569 1643 3635 Prusias
1728 3591 1866 3633 rex
1946 3570 2172 3634 adem
2199 3578 2405 3650 erat,
2487 3571 2622 3635 hic:

321 3688 580 3751 Μυσούς,
663 3688 753 3749 οὓς
827 3686 1090 3759 πρότερον
1172 3684 1331 3748 αὐτὸς
1398 3685 1850 3758 παρεσκευάσατο
1869 3726 1881 3749 ,
1960 3678 2039 3742 de
2107 3678 2459 3760 Eumene),
2526 3688 2625 3743 ta·

330 3808 478 3851 men
517 3787 811 3868 intellegi
832 3786 1109 3865 videtur,
1153 3792 1416 3849 tantum
1464 3794 1720 3868 partem
1766 3786 2055 3868 aliquam
2088 3785 2313 3868 Mysiae
2348 3785 2625 3850 Eumeni

317 3894 540 3957 datam
562 3919 575 3973 3
626 3895 741 3957 sed
778 3895 906 3958 hoc
929 3894 1100 3973 leve;
1147 3914 1228 3956 ne
1263 3892 1428 3956 illud
1453 3892 1717 3975 quidem
1742 3894 1962 3974 magni
1985 3914 2105 3975 per
2129 3915 2199 3956 se
2224 3894 2535 3957 momenti
2561 3900 2625 3958 et

317 4009 541 4066 tamen
567 4003 997 4084 suspiciosum
1023 4007 1142 4078 est,
1170 3999 1346 4080 quod
1371 4001 1544 4063 inter
1578 4006 1799 4064 cetera
1837 3999 2150 4082 copulata
2171 4000 2299 4065 hoc
2323 4006 2624 4071 ἀσυνδέτως

316 4109 762 4191 interponitur
809 4110 924 4189 (et
970 4107 1331 4190 Mysiam,
1380 4107 1654 4187 regias
1703 4105 1953 4170 silvas
2012 4112 2092 4170 et
2134 4107 2398 4189 Lydiae
2447 4108 2621 4188 cet).

320 4214 446 4280 Sed
493 4238 790 4299 quaenam
838 4224 990 4279 sunt
1036 4215 1164 4279 illae
1210 4214 1453 4295 regiae
1515 4214 1765 4291 silvae,
1813 4234 1957 4294 quae
2017 4214 2155 4277 sine
2200 4214 2339 4278 ulla
2381 4215 2509 4279 loci
2556 4223 2624 4279 et

315 4325 601 4404 regionis
628 4323 1103 4405 significatione
1139 4323 1312 4386 inter
1344 4321 1828 4403 provinciarum
1865 4328 2320 4400 terrarumque
2356 4320 2622 4384 nomina

312 4432 812 4505 interiiciuntur,
841 4439 1173 4511 tamquam
1197 4428 1336 4492 haec
1359 4429 1507 4511 ipsa
1531 4429 1758 4509 aliqua
1782 4435 1961 4491 terra
1986 4427 2119 4490 sit?
2146 4425 2333 4503 Quod
2356 4427 2621 4491 illarum
