3230 5282
1355 629 1473 691 251

278 813 523 881 Halmio
579 816 649 880 in
692 813 1098 881 bibliotheca
1140 814 1524 880 Monacensi
1567 819 1904 898 repertum
1950 820 2070 894 est,
2118 815 2389 899 eiusque
2435 837 2570 881 om·

277 945 415 989 nem
467 924 857 989 varietatem
917 922 1001 987 ab
1056 922 1318 989 Halmio
1375 928 1715 988 enotatam
1768 922 2008 988 iterum
2063 921 2180 987 Th.
2228 923 2568 989 Mom'mse-

274 1034 409 1097 nius
459 1033 529 1096 in
575 1031 917 1097 Analectis
960 1031 1248 1096 Livianis
1306 1031 1397 1116 (p.
1447 1035 1528 1095 50
1574 1030 1747 1116 sqq.)
1807 1031 2137 1115 evulgavit
2194 1053 2342 1097 cum
2398 1033 2561 1099 alio-

277 1163 408 1206 rum
461 1141 765 1207 codicum
821 1144 902 1205 82
964 1140 1309 1224 scripturis
1369 1138 1891 1224 compositam.¹)
2002 1139 2103 1204 Ea
2161 1143 2568 1225 comparatio

275 1271 528 1333 prorsus
577 1249 953 1328 confirmat,
1010 1247 1419 1313 Puteaneum
1463 1254 1532 1314 et
1577 1247 1980 1332 Spirensem,
2039 1268 2236 1331 quum
2282 1250 2570 1335 antiqui-

274 1365 398 1424 tate
465 1366 533 1424 et
599 1358 731 1423 fide
796 1357 1241 1440 religioneque
1310 1363 1375 1421 et
1439 1356 1973 1441 interpolationis
2030 1357 2157 1422 nisi
2215 1358 2441 1442 primae
2500 1365 2566 1425 et

271 1467 758 1551 simplicissimae
816 1466 1229 1531 immunitate
1285 1472 1540 1530 ceteros
1598 1465 2028 1531 communiter
2084 1466 2347 1531 vineant
2392 1473 2460 1533 et
2503 1468 2571 1532 in

275 1575 494 1641 eodem
577 1574 917 1657 dignitatis
996 1573 1207 1656 gradu
1286 1574 1572 1657 ponendi
1662 1574 1822 1654 sint,
1922 1581 2145 1639 tamen
2221 1577 2428 1660 stirpe
2507 1581 2572 1642 et

268 1686 509 1768 origine
555 1684 851 1748 diversos
895 1683 1029 1747 suis
1072 1688 1421 1765 utrumque
1465 1681 1629 1747 locis
1663 1704 1906 1761 verum,
1952 1682 2163 1747 altero
2200 1683 2569 1765 aberrante,

272 1812 681 1871 conservare,
744 1813 918 1875 saepe
966 1812 1043 1856 eo
1090 1790 1496 1870 discrimine,
1563 1797 1656 1872 ut,
1713 1790 1867 1855 dum
1911 1790 2106 1855 modo
2153 1792 2303 1856 novi
2345 1813 2570 1857 recen-

270 1901 505 1965 tiorum
552 1920 813 1966 errores
861 1880 930 1964 et
972 1899 1309 1963 temerarii
1355 1898 1728 1983 corrigendi
1772 1905 2048 1964 conatus
2094 1906 2569 1980 removeantur,

270 2031 386 2074 non
449 2011 552 2074 ita
619 2008 871 2074 difficili
939 2008 1323 2072 coniectura
1388 2007 1472 2072 ab
1541 2030 1649 2088 eo,
1719 2008 1895 2092 quod
1959 2008 2031 2072 in
2088 2007 2299 2073 altero
2355 2009 2568 2075 minus

273 2125 441 2183 recte
512 2117 829 2201 scriptum
902 2117 1017 2196 sit,
1084 2116 1169 2180 ad
1224 2115 1323 2196 id,
1392 2116 1572 2201 quod
1643 2116 1710 2180 in
1777 2116 1989 2181 altero
2060 2116 2352 2199 legatur,
2419 2139 2570 2202 per-

267 2227 575 2306 veniatur,
622 2226 951 2290 interdum
987 2224 1267 2305 maiore3
1315 2246 1455 2290 esse
1491 2226 1708 2303 etiam,
1752 2225 1864 2290 ubi
1898 2231 2174 2309 uterque
2209 2225 2277 2291 in
2316 2226 2568 2291 mendis

267 2335 626 2400 manifestis
686 2332 1082 2414 consentiat3
1138 2334 1203 2397 in
1260 2355 1389 2398 uno
1453 2354 1717 2416 genere,
1772 2334 1838 2397 in
1897 2332 2217 2399 vocabulo
2274 2355 2404 2399 uno
2451 2340 2567 2400 aut

268 2441 462 2509 altero
534 2443 957 2509 festinatione
1026 2441 1420 2521 omittendO,
1488 2441 1696 2506 videri
1762 2441 2000 2525 saepius
2065 2442 2133 2506 in
2188 2442 2239 2506 P
2297 2448 2415 2507 aut
2472 2464 2570 2523 e0,

267 2551 424 2617 unde
467 2553 529 2617 is
577 2558 762 2617 ortus
809 2550 925 2629 sit,
982 2548 1452 2631 aberratum.⁹)
1555 2549 1772 2633 Atque
1817 2547 1988 2613 hane
2035 2550 2281 2615 codicis
2328 2550 2371 2616 S
2423 2572 2463 2616 a
2516 2552 2567 2616 P

325 2809 361 2874 ¹)
397 2807 587 2878 Ipsius
632 2807 848 2862 codicis
885 2805 1165 2876 Spirensis
1209 2805 1354 2860 illud
1401 2806 1596 2860 folium
1646 2823 1792 2874 esse,
1839 2807 1961 2876 quis
2006 2806 2217 2875 primus
2254 2810 2567 2876 agnoverit,

393 2896 615 2960 neseio;
669 2896 905 2963 apparet
937 2892 997 2946 id
1034 2911 1103 2947 ex
1140 2910 1352 2946 summa
1392 2909 1518 2946 eum
1553 2892 1644 2959 iis,
1694 2909 1819 2962 quae
1854 2892 2159 2947 Rhenanus
2197 2893 2255 2946 in
2291 2893 2400 2948 hoe
2437 2894 2564 2948 loco

393 2998 422 3034 e
459 2979 608 3049 Spir.
645 2978 902 3048 protulit,
951 2978 1386 3046 conspiratione,
1425 2979 1593 3032 etiam
1630 2979 1690 3031 in
1726 2978 1823 3045 iis,
1870 2993 1994 3046 quae
2030 2977 2091 3032 in
2125 2977 2279 3032 nullo
2318 2979 2427 3033 alio
2464 2996 2561 3034 co·

396 3064 522 3119 dice
557 3069 784 3133 reperta
819 3069 969 3131 sunt,
1004 3064 1162 3118 velut
1197 3081 1242 3118 e.
1280 3066 1365 3130 40,
1401 3065 1434 3117 2
1469 3067 2062 3133 transportasset.

323 3150 368 3212 ²)
405 3150 685 3219 Spirensis
724 3149 1012 3203 Puteaneo
1050 3150 1326 3218 integrior
1372 3154 1458 3203 est
1497 3149 1586 3203 his
1631 3150 1772 3204 locis
1811 3148 2033 3217 (omitto
2080 3166 2314 3217 prorsus
2357 3150 2568 3204 nullius

395 3235 669 3289 momenti
722 3235 780 3287 in
833 3251 946 3288 una
998 3234 1243 3289 alterave
1297 3235 1489 3288 littera
1538 3235 1950 3302 aberrationes,
2005 3239 2067 3288 ut
2110 3236 2169 3288 in
2211 3234 2254 3287 P
2294 3236 2570 3304 scriptum

395 3322 687 3386 serutiO,
743 3320 1264 3388 consularibus,
1316 3319 1648 3376 fastidius
1701 3339 1804 3390 pro
1861 3320 2186 3386 seruiti0,
2242 3320 2565 3375 consula·

400 3406 615 3473 tibus,
658 3405 1052 3473 fastidium,
1097 3407 1157 3460 in
1193 3406 1230 3461 S
1269 3405 1657 3475 Capitolia,
1705 3405 1946 3472 aferte,
1994 3405 2268 3460 auditus
2302 3423 2406 3475 pro
2445 3405 2563 3460 Ga-

398 3493 681 3560 pitolio,
731 3497 987 3560 aperte,
1035 3490 1370 3559 auditum,
1422 3493 1593 3546 etiam
1629 3491 1690 3545 in
1724 3490 1768 3544 P
1804 3493 1889 3557 40,
1937 3492 1971 3544 9
2008 3491 2428 3546 aetmelatio
2463 3508 2568 3560 pro

395 3578 785 3644 aemulatio,
828 3579 925 3643 41,
975 3580 1000 3630 1
1040 3595 1190 3631 uam
1225 3594 1332 3645 pro
1369 3581 1580 3644 tuam,
1627 3577 1733 3630 etsi
1771 3594 1840 3629 ex
1873 3579 2115 3644 utroque
2151 3576 2373 3646 longius
2411 3594 2570 3631 error

398 3664 603 3734 serpsit
650 3668 707 3717 et
754 3662 1188 3731 interpolatione
1237 3663 1549 3717 occultatus
1602 3667 1715 3728 est,
1762 3662 1820 3714 in
1858 3660 1895 3714 S
1934 3663 2029 3730 39,
2079 3663 2143 3715 21
2192 3663 2570 3732 sanguinis

396 3766 499 3818 pro
544 3748 996 3818 Saguntinis,
1043 3748 1292 3815 similia):
1346 3765 1393 3804 c.
1444 3750 1541 3815 39,
1586 3750 1650 3802 16
1695 3746 2025 3812 (videtur,
2074 3746 2118 3800 P
2162 3746 2569 3815 videretur),

393 3837 460 3889 20
501 3835 598 3901 (in
654 3838 969 3888 senatum
1023 3833 1481 3901 introductae,
1526 3832 1570 3886 P
1621 3833 1783 3899 om.),
1829 3851 1876 3886 c.
1911 3835 1998 3898 40,
2048 3834 2072 3884 1
2126 3831 2233 3898 (de
2283 3849 2421 3901 rep.
2462 3833 2558 3898 de,

397 3919 440 3972 P
492 3919 832 3986 deferde),
895 3922 928 3974 2
981 3920 1606 3988 (transportasset,
1678 3918 1722 3972 P
1776 3921 2343 3988 transportaret,
2413 3918 2571 3988 quod

407 4005 648 4072 editur),
698 4008 732 4058 5
769 4006 929 4073 (non
966 4010 1370 4060 senatorem
1419 4005 1555 4073 qui,
1602 4003 1647 4057 P
1684 4022 1814 4058 non
1851 4021 1989 4058 sen.
2027 4003 2223 4057 modo
2262 4004 2399 4073 qui,
2446 4005 2566 4059 vid.

402 4090 542 4144 infra
585 4109 642 4161 p.
679 4090 839 4158 335),
892 4094 927 4144 7
962 4090 1381 4160 (appellent,
1429 4089 1473 4143 P
1510 4089 1933 4160 appellant),
1988 4092 2052 4143 10
2087 4089 2295 4158 (quod
2331 4089 2567 4160 fando,

404 4174 447 4227 P
484 4194 609 4245 quo
661 4176 753 4244 fi),
812 4178 874 4230 13
922 4175 1208 4246 (negata
1249 4175 1495 4242 fuerit,
1550 4174 1594 4228 P
1632 4175 1933 4245 negotia
1974 4174 2251 4243 fuerit),
2309 4193 2356 4232 c.
2393 4179 2489 4244 41,
2544 4180 2569 4230 1

404 4262 602 4326 (bono
636 4262 926 4332 publico
962 4278 1371 4331 proponam,
1420 4261 1480 4315 id
1517 4266 1619 4329 est,
1655 4277 2069 4331 praeponam,
2107 4260 2151 4314 P
2189 4261 2342 4329 om.)‚
2379 4264 2412 4316 2
2448 4261 2574 4330 (fa-

403 4353 604 4414 ceret,
640 4347 684 4401 P
714 4348 1010 4414 feneres,
1047 4347 1167 4402 sine
1204 4347 1377 4402 dubio
1416 4348 1584 4402 etiam
1623 4348 1738 4414 ire,
1768 4346 1829 4414 P,
1859 4352 1923 4401 ut
1957 4346 2156 4414 editur,
2191 4347 2351 4415 isse,
2386 4348 2574 4402 minus

409 4437 539 4500 apto
573 4433 876 4503 tempore),
925 4435 960 4487 8
995 4433 1321 4502 (patrati,
1357 4433 1401 4487 P
1436 4432 1732 4502 parati),
1782 4435 1813 4487 9
1849 4432 2091 4502 (quam,
2139 4433 2183 4487 P
2222 4450 2350 4500 om„
2400 4432 2501 4487 sed
2536 4433 2573 4488 S

403 4533 573 4585 prave
617 4520 721 4573 ita
765 4537 869 4589 pro
904 4517 1176 4586 Italia);
1227 4523 1426 4574 contra
1461 4517 1776 4573 Puteaneus
1812 4522 2050 4587 praestat
2085 4536 2132 4575 c.
2170 4521 2263 4585 39,
2316 4520 2378 4572 18
2414 4516 2575 4585 (alia
