3230 5282
1491 639 1566 700 13

360 824 693 890 tatibus
748 825 1384 904 immisceamur,
1461 830 1805 889 caveant
1858 845 1980 908 pro
2026 831 2321 890 cavent
2379 823 2526 906 (nec
2582 846 2686 889 re-

362 932 748 1000 formidavit
793 932 1245 999 Alschefskius
1290 932 1536 1017 sequi),
1604 932 1703 998 111
1761 940 1988 998 autem
2044 936 2159 1014 21,
2230 938 2268 998 6
2314 934 2686 1018 peccatis

366 1065 491 1126 pro
552 1049 890 1126 peccate
948 1049 1224 1127 propter
1278 1043 1716 1108 imitamini
1776 1042 1949 1106 male
2009 1042 2419 1108 intellectum
2465 1048 2533 1106 et
2575 1040 2684 1119 IV,

364 1155 472 1229 54,
510 1154 547 1214 9
584 1149 957 1216 dicerent
981 1158 1257 1236 propter
1279 1156 1584 1216 essent.
1635 1149 1833 1233 [Hinc
1856 1150 2124 1232 XXXII,
2150 1157 2250 1232 30,
2274 1155 2313 1215 8
2339 1150 2684 1233 Bamberg.

362 1258 896 1325 adiuvissent
965 1281 1086 1344 pro
1149 1259 1646 1325 adiuvarent
1712 1259 1795 1324 ob
1851 1259 2173 1339 fuisset,
2235 1258 2528 1337 XXXVI,
2591 1262 2686 1338 19,

365 1371 408 1431 9
469 1366 644 1451 Mog.
694 1370 1229 1434 constitisset
1281 1390 1405 1454 pro
1462 1369 1954 1433 constiterit
2009 1368 2094 1434 ob
2139 1365 2684 1452 praeceperat.]

360 1476 666 1541 Tertium
725 1476 1061 1559 quoddam
1116 1476 1503 1542 mendorum
1561 1498 1770 1560 genus
1828 1498 1862 1541 e
1911 1476 2135 1542 codice
2195 1476 2551 1560 archetypo
2599 1476 2683 1540 ad

361 1606 599 1650 omnes
642 1592 1190 1670 propagatorum,
1251 1584 1451 1669 paulo
1508 1584 1676 1650 illud
1723 1586 1939 1649 minus
1984 1585 2323 1668 frequenS,
2384 1586 2678 1651 cernitur
2716 1593 2821 1660 (12)

360 1695 435 1757 in
490 1692 844 1758 verborum
900 1695 1261 1759 vicinorum
1304 1694 1854 1777 transposition&
1911 1693 2467 1778 quemadmodum
2514 1694 2685 1759 enim

363 1801 435 1866 in
482 1800 613 1879 ΠΙ,
684 1806 797 1882 55,
864 1806 904 1865 8
949 1803 1017 1866 in
1087 1802 1313 1868 codice
1381 1799 1741 1886 archetypo
1799 1801 1955 1866 fuit:
2023 1801 2171 1867 hac
2237 1803 2445 1867 iuris
2511 1801 2686 1884 lege

358 1911 885 1993 interpretes
930 1932 1050 1995 pro
1097 1932 1209 1989 eo,
1278 1909 1457 1995 quod
1502 1916 1682 1975 recte
1730 1910 1982 1974 editur:
2051 1910 2201 1975 hac
2246 1910 2431 1993 lege
2477 1911 2686 1975 iuris

358 2020 900 2101 interpretes,
938 2018 1033 2082 sic
1067 2019 1135 2082 in
1169 2017 1557 2102 praefatione
1597 2019 1815 2100 operis
1853 2016 1888 2101 ξ
1927 2022 1963 2082 5
2002 2019 2060 2084 is
2096 2020 2412 2102 scriptum
2452 2018 2689 2083 habuit

362 2147 559 2190 sane:
596 2126 886 2209 prisca
921 2132 1110 2190 tota
1144 2124 1291 2190 illa
1322 2131 1588 2190 mente
1625 2125 1772 2209 (pro
1810 2126 1968 2191 hoc:
2014 2127 2289 2210 prisca
2321 2127 2473 2192 illa
2510 2132 2689 2192 tota

360 2255 538 2299 men
558 2232 685 2315 te),
720 2233 901 2316 quod
933 2256 1206 2318 prorsus
1238 2231 1489 2299 frustra
1508 2233 2080 2299 Weissenbornius
2119 2234 2465 2300 defendere
2491 2256 2686 2299 cona-

364 2349 511 2421 tur3
564 2363 781 2424 neque
833 2344 1007 2407 enim
1052 2364 1415 2427 pronomen
1460 2340 1612 2407 illa
1657 2342 1744 2408 ab
1790 2341 2113 2408 adiectivo
2149 2365 2267 2409 suo
2303 2350 2685 2427 separatum

363 2456 439 2516 et
473 2450 591 2515 alii
629 2449 952 2515 adiectivo
975 2450 1062 2515 ad
1085 2449 1269 2515 aliud
1291 2450 1773 2515 substantivum
1796 2452 2154 2535 pertinenti
2178 2453 2275 2516 ita
2298 2452 2685 2532 subiectum,

362 2565 463 2637 ut,
510 2561 825 2645 quoniam
870 2560 1338 2624 terminatione
1383 2580 1513 2624 non
1561 2557 1799 2639 differt,
1847 2579 2007 2625 casu
2054 2581 2316 2645 quoque
2365 2581 2513 2624 cum
2561 2559 2686 2626 hoc

365 2669 801 2734 coniunctum
824 2675 1116 2752 putetur,
1138 2668 1342 2734 ullam
1365 2668 1603 2752 recipit
1627 2669 2152 2749 excusationem3
2176 2669 2480 2753 idemque
2505 2692 2688 2736 error

368 2778 443 2841 in
476 2775 584 2842 his
624 2775 789 2841 locis
826 2782 1129 2842 versatus
1166 2783 1296 2842 est:
1336 2776 1418 2857 11,
1464 2781 1560 2857 15,
1601 2781 1638 2841 3
1679 2776 2081 2859 (hostibus
2131 2779 2407 2861 potius
2452 2798 2685 2862 quam

370 2892 668 2968 portas
734 2885 1067 2968 regibus
1126 2886 1193 2950 in
1238 2885 1433 2964 Med„
1490 2885 1664 2965 Par„
1723 2885 1932 2950 Rhen.
1979 2907 2097 2969 pro
2155 2907 2334 2951 vero:
2405 2893 2685 2970 portas

369 3015 470 3075 qu
488 3014 609 3058 am
653 2992 1014 3075 regibuS,
1061 2993 1237 3076 quod
1269 2994 1337 3057 in
1372 2992 1710 3059 codicibus
1747 2992 2169 3059 inferioribus
2212 3000 2314 3058 est
2351 3017 2426 3057 ex
2468 3015 2685 3060 emen-

368 3101 663 3179 datione,
722 3107 800 3165 ut
840 3100 1149 3183 videtur),
1210 3101 1323 3181 III,
1370 3106 1471 3178 ¹70,
1521 3106 1558 3164 6
1605 3101 1826 3184 (quib
1847 3123 1934 3166 us
1983 3101 2148 3166 sibi
2186 3103 2252 3166 in
2299 3101 2489 3180 Med„
2536 3103 2681 3168 Par.

368 3229 527 3292 pro:
577 3208 737 3273 sibi
785 3209 1124 3291 quibus),
1171 3209 1285 3289 III,
1336 3214 1436 3291 72,
1472 3214 1509 3275 6
1558 3209 1891 3290 (vocatae
1937 3210 2157 3274 valet
2200 3211 2266 3274 in
2312 3209 2502 3289 Med„
2535 3211 2682 3276 Par.

370 3338 528 3401 pro:
598 3316 854 3397 valet3
922 3317 1284 3398 vocatae),
1340 3317 1478 3397 VH,
1538 3307 1654 3399 38,
1701 3323 1737 3380 9
1797 3317 1901 3398 (et
1948 3325 2185 3383 aetate
2230 3318 2571 3383 haberet
2617 3320 2681 3383 in

368 3424 578 3505 Med„
646 3425 831 3505 Pan,
899 3426 1080 3491 Leid.
1133 3431 1197 3504 1,
1262 3426 1417 3490 Lov.
1464 3430 1535 3504 4,
1602 3424 1852 3505 Klock„
1919 3427 1984 3490 in
2034 3427 2270 3491 ceteris
2317 3434 2683 3491 correctum

366 3533 749 3612 haberet,
796 3540 872 3599 et
916 3533 1208 3616 aetate),
1255 3534 1428 3612 Vm,
1475 3539 1535 3613 8,
1574 3538 1611 3597 3
1649 3532 1878 3615 (facti
1924 3544 2156 3599 scuta
2208 3541 2390 3600 sunt
2424 3534 2677 3599 MPLl

368 3663 526 3727 pro:
597 3641 805 3706 facti
874 3629 1077 3720 sunt,
1144 3640 1444 3723 scuta),
1510 3641 1697 3720 VIII,
1773 3646 1868 3720 12,
1941 3646 2017 3705 13
2074 3642 2464 3724 (AEmilius
2521 3650 2683 3708 tum

368 3752 606 3815 cuius
668 3750 941 3815 fasces
1001 3756 1243 3814 erant
1298 3751 1365 3815 in
1411 3749 1602 3829 Med„
1651 3749 1821 3830 Par„
1871 3750 2162 3829 Gaertn.,
2209 3750 2361 3814 Lov.
2409 3756 2467 3830 4,
2512 3751 2682 3816 unde

369 3857 491 3922 alii
555 3858 737 3923 AEm.
808 3864 1073 3923 tamen
1140 3858 1370 3923 cuius
1436 3858 1479 3923 f.
1543 3881 1618 3939 e.,
1685 3859 1798 3923 alii
1867 3865 2030 3922 tum
2098 3859 2439 3938 omittunt3
2504 3867 2682 3924 recte

370 3965 596 4032 editur
642 3968 879 4030 cuius
924 3965 1150 4049 tum),
1212 3965 1396 4047 VIII,
1455 3970 1557 4045 24,
1604 3973 1644 4031 4
1692 3965 1804 4048 (ut
1851 3972 2210 4032 ceterum
2254 3989 2405 4051 pro:
2466 3973 2682 4032 cete-

366 4097 543 4139 rum
591 4074 724 4155 ut),
768 4072 940 4153 VIII,
1001 4079 1100 4154 32,
1161 4078 1198 4138 9
1248 4073 1676 4156 (adversus
1723 4075 2050 4157 singula
2095 4095 2261 4156 quae
2306 4095 2453 4158 pro:
2514 4075 2679 4140 adv.

369 4204 540 4265 quae
588 4182 978 4266 singula),
1036 4182 1219 4260 VIII,
1279 4186 1396 4262 36,
1465 4187 1541 4248 10
1588 4182 1757 4264 (nec
1803 4184 1926 4246 ira
1971 4183 2219 4265 magis
2266 4205 2499 4268 quam
2541 4207 2682 4268 pu·

369 4291 594 4356 blica
638 4291 1049 4373 privatum
1094 4291 1686 4376 compendium,
1742 4290 1920 4373 quod
1976 4291 2180 4355 unum
2234 4291 2682 4358 Alschefskius

369 4420 500 4464 non
548 4420 757 4464 ausus
803 4404 906 4464 est
950 4400 1155 4484 sequi,
1203 4421 1405 4482 quum
1450 4400 1517 4464 in
1565 4398 1801 4464 ceteris
1845 4397 2000 4463 libri
2044 4399 2165 4462 VII
2210 4406 2278 4464 et
2321 4400 2474 4465 VIII
2518 4400 2681 4465 locis

371 4528 580 4592 prava
622 4506 939 4589 teneret),
994 4506 1106 4584 IX,
1164 4513 1225 4586 4,
1285 4511 1322 4571 9
1370 4506 1572 4589 (illis
1637 4513 1721 4572 ut
1762 4541 1850 4551 —
1907 4507 2027 4572 ita
2082 4507 2313 4573 nobis
2371 4529 2523 4591 pro:
2594 4512 2681 4572 ut
