3230 5282
511 646 635 700 Lib.
673 645 766 700 VI.
1609 632 1731 693 154

686 816 843 900 Cap.
907 820 974 896 5,
1044 820 1079 879 5
1150 815 1294 897 (ubi
1359 815 1468 881 lex
1537 816 1803 898 agraria
1859 836 1899 879 a
1953 814 2239 881 tribunis
2293 816 2506 899 plebis
2565 815 2824 897 agitata

515 923 1118 1005 commemoratur):
1197 923 1428 987 Haud
1507 944 1791 1005 magno
1860 945 2103 1007 opere
2170 923 2492 1007 plebem
2558 942 2822 987 move-

513 1040 715 1098 rant.
827 1031 1551 1114 Plusquamperfectum
1618 1038 1776 1115 post
1842 1031 2228 1114 imperfecta
2283 1030 2823 1113 (conabantur

513 1175 601 1185 —
645 1140 1225 1204 ostentabatur
1277 1175 1366 1185 —-
1421 1139 2099 1221 criminabantur)
2156 1146 2336 1205 recte
2394 1139 2696 1218 haberet,
2764 1139 2824 1201 si

344 1260 485 1329 (130)
524 1248 1030 1330 significaretur,
1111 1269 1239 1328 quo
1315 1268 1526 1328 usque
1592 1268 1699 1311 res
1752 1249 2221 1330 processisset,
2301 1270 2505 1331 quum
2571 1246 2826 1327 aliquid

514 1355 867 1435 incideret3
924 1376 1096 1420 nunc
1141 1356 1209 1418 in
1254 1355 1379 1418 hac
1421 1355 1568 1437 ipsa
1617 1356 1945 1420 sententia
1989 1355 2215 1420 finitur
2260 1356 2457 1420 huius
2502 1356 2599 1419 rei
2647 1375 2821 1419 com-

513 1464 938 1542 memorati03
1007 1464 1233 1546 itaque
1300 1463 1366 1525 in
1434 1462 1864 1543 significando
1931 1464 2029 1527 rei
2096 1462 2331 1528 effectu
2399 1461 2538 1544 (qui
2604 1460 2826 1526 nullus

515 1577 631 1636 aut
676 1573 948 1653 exiguus
993 1570 1146 1651 fuit)
1194 1568 1919 1653 plusquamperfectum
1965 1569 2122 1634 ferri
2166 1571 2421 1652 nequit,
2479 1570 2826 1652 quoniam-

516 1700 643 1761 que
701 1680 957 1742 incerta
1013 1684 1113 1743 est
1157 1677 1402 1741 codicis
1449 1676 1791 1760 archetypi
1838 1680 2170 1761 scriptura
2216 1677 2310 1759 (M
2355 1699 2526 1742 man.
2579 1681 2608 1739 1
2658 1698 2825 1741 mo-

512 1792 782 1865 veunt‚
860 1786 910 1850 P
975 1784 1401 1866 moverat),
1471 1806 1549 1850 eo
1617 1785 1825 1867 magis
1894 1785 2315 1850 scribendum
2380 1790 2821 1850 moverunt.

511 1893 750 1959 Notavi
810 1894 1062 1975 aliquot
1119 1899 1185 1958 et
1228 1893 1425 1957 huius
1471 1892 1728 1974 generis
1775 1899 1842 1957 et
1889 1894 2232 1972 contrarii,
2291 1914 2419 1975 quo
2464 1892 2828 1976 perfectum

511 2024 631 2086 pro
689 2001 1332 2085 plusquamperfecto
1389 2000 1680 2083 positum
1737 2006 1865 2080 est,
1937 2001 2236 2084 exempla
2295 2021 2496 2083 supra
2552 1996 2659 2083 (μ’
2691 1998 2822 2080 38).

510 2111 715 2176 Paulo
774 2116 926 2174 ante
986 2108 1048 2191 (ξ
1106 2109 1169 2189 3)
1228 2130 1360 2174 non
1419 2108 1651 2173 dubito
1710 2109 1867 2190 quin
1926 2108 2178 2187 Livius,
2239 2114 2314 2172 ut
2369 2108 2401 2172 f
2407 2110 2657 2186 uerit,
2725 2108 2829 2171 ita

512 2217 951 2282 habuerint
1018 2216 1174 2297 (non
1241 2215 1736 2297 habuerunt)
1793 2217 2122 2299 posuerit3
2188 2216 2353 2281 illud
2408 2216 2685 2294 mansit,
2751 2215 2825 2279 in

509 2326 636 2390 hoc
691 2344 824 2388 una
877 2323 1102 2388 littera
1147 2323 1528 2388 aberratum
1574 2331 1695 2388 est.
1807 2322 1927 2404 (X,
1989 2328 2097 2403 11,
2162 2328 2233 2388 11
2283 2323 2584 2388 meliores
2630 2321 2824 2388 codd.

509 2432 1070 2516 nequiverunt,
1119 2431 1479 2495 deteriores
1525 2438 1707 2496 recte
1752 2429 2323 2512 nequiverint.)

686 2536 843 2622 Cap.
871 2542 928 2617 6,
976 2544 1015 2601 4
1062 2538 1336 2603 allatum
1380 2545 1696 2602 narratur
1741 2558 1782 2602 a
1825 2537 2232 2620 fugientibus
2279 2560 2358 2603 ex
2404 2559 2561 2622 agro
2584 2537 2826 2621 Pomp·

509 2649 673 2724 tino,
719 2646 1103 2712 Antiates
1148 2648 1229 2711 in
1275 2647 1518 2711 armis
1566 2669 1742 2711 esse
1787 2647 2419 2729 Latinorumque
2464 2645 2823 2729 populos

509 2758 1011 2820 iuventutem
1065 2776 1281 2819 suam
1327 2755 1652 2819 misisse
1700 2755 1798 2819 ad
1841 2755 1923 2819 id
1960 2754 2286 2833 bellum,
2335 2775 2423 2819 eo
2459 2754 2827 2818 abnuen-

508 2870 656 2944 teS,
711 2862 1130 2947 publicum
1173 2861 1435 2927 fuisse
1481 2862 1941 2942 consilium,
2001 2862 2212 2945 quod
2255 2883 2410 2927 non
2455 2860 2830 2944 prohibi-

511 2979 640 3037 tos
687 2970 1241 3036 tantummodo
1288 2970 1804 3035 voluntarios
1852 2969 2223 3034 dicerent
2255 2969 2639 3048 militare,
2683 2967 2826 3033 ubi

513 3080 840 3144 vellent.
955 3076 1114 3155 Quae
1182 3080 1368 3144 notio
1437 3077 1743 3162 pluribus
1807 3077 2025 3142 verbis
2085 3063 2522 3158 significatur,
2595 3075 2829 3140 eadem

508 3188 699 3253 valde
755 3187 1167 3252 incommode
1227 3208 1357 3252 uno
1418 3191 1486 3250 et
1544 3185 1818 3269 proprio
1875 3186 2138 3250 nomine
2193 3184 2324 3249 illis
2381 3184 2545 3267 ipsis
2605 3184 2829 3249 verbis

508 3296 903 3378 interposito
951 3294 1358 3373 declaratur,
1418 3314 1499 3357 ne
1548 3294 1885 3358 occultata
1931 3293 2196 3376 quidem
2244 3292 2619 3374 tautologia
2664 3290 2828 3373 (vo-

507 3403 925 3467 luntarios
980 3436 1065 3446 -—
1110 3400 1247 3465 ubi
1306 3400 1674 3482 vellent);
1741 3400 1965 3465 Latini
2021 3402 2194 3465 enim
2250 3399 2583 3483 negabant
2638 3400 2828 3483 quic-

511 3530 712 3593 quam
767 3509 946 3573 ultra
1006 3530 1075 3573 se
1120 3508 1388 3587 secisse,
1445 3529 1639 3590 quam
1687 3508 1866 3593 quod
1913 3508 2088 3589 (eos,
2148 3508 2260 3591 qui
2307 3508 2665 3572 iuventutis
2709 3527 2829 3571 no-

507 3618 682 3681 mine
740 3615 1408 3699 comprehenduntur)
1454 3637 1584 3681 non
1629 3615 2127 3699 prohibuissent
2171 3615 2475 3694 militare,
2533 3615 2650 3679 ubi
2694 3612 2831 3677 vel-

508 3724 675 3804 lent,
742 3723 870 3788 hoc
916 3729 1045 3803 est,
1113 3724 1521 3788 voluntarios
1580 3723 1732 3789 illos
1792 3745 1936 3788 esse
1983 3723 2321 3802 dicebant,
2383 3743 2516 3787 non
2562 3720 2827 3804 publice

508 3832 768 3896 missos.
869 3830 1101 3915 Itaque
1146 3852 1393 3909 vereor,
1452 3852 1533 3895 ne
1580 3831 1798 3896 aliena
1842 3852 2041 3895 manu
2088 3830 2254 3895 illud
2298 3829 2826 3894 voluntarios

510 3938 813 4005 additum
859 3940 966 4003 sit.
1063 3938 1271 4003 Panlo
1328 3937 1596 4022 quidem
1650 3945 1804 4022 post
1861 3936 1923 4020 (ἓ
1971 3938 2036 4020 8)
2082 3938 2264 4002 nulla
2322 3936 2653 4002 dubitatio
2716 3943 2823 4002 est

512 4047 668 4130 quin
737 4046 861 4111 hoc
927 4046 1121 4111 modo
1192 4047 1546 4112 obscurata
1606 4048 1696 4111 sit
1756 4046 1922 4111 Livii
1979 4047 2209 4111 oratic.
2323 4043 2563 4110 Omnes
2628 4045 2824 4125 enim,

510 4155 637 4219 nisi
686 4156 800 4238 qui
843 4154 1105 4219 tacendi
1151 4153 1467 4218 beneficio
1514 4159 1821 4233 utuntur,
1890 4153 2142 4218 haerent
2185 4154 2255 4217 in
2299 4174 2407 4233 eo,
2475 4152 2655 4236 quod
2703 4150 2832 4216 Ca-

510 4261 733 4326 millus
800 4263 1084 4345 ingens
1145 4262 1264 4326 ait
1320 4283 1519 4327 onus
1567 4282 1607 4326 a
1652 4261 1957 4345 populo
2016 4262 2372 4327 Romano
2434 4261 2624 4340 sibi,
2692 4261 2832 4342 qui

513 4391 597 4436 se
666 4370 1164 4435 dictatorem
1234 4371 1386 4434 iam
1454 4376 1832 4453 quartum
1901 4375 2299 4447 creasset,
2370 4390 2732 4452 magnum
2788 4388 2837 4432 a

512 4484 803 4542 senatu
860 4477 1174 4542 talibus
1232 4477 1324 4542 de
1384 4498 1464 4542 se
1523 4465 1865 4543 iudiciis
1923 4479 2102 4542 eius
2150 4477 2506 4556 ordinis,
2573 4477 2834 4540 maxi-
