3230 5282
1350 615 1473 678 227
2142 645 2149 653 ·
2337 630 2462 685 Lib.
2498 630 2567 685 X.

289 820 418 865 sens
480 807 547 866 et
599 799 966 884 perfectum
1035 800 1377 866 indicativi
1433 806 1694 883 tempus
1752 801 2100 867 scribendo
2159 802 2566 886 distinguere

282 907 573 989 volumus,
619 909 800 994 quod
843 909 1011 974 Livii
1055 908 1344 974 editores
1388 907 1644 973 faciunt
1689 907 1800 990 (—
1844 930 2059 992 neque
2105 911 2277 974 enim
2318 911 2565 994 ignoro,
2704 991 2709 996 .

284 1015 420 1097 quid
459 1016 925 1082 Lachmannus
972 1015 1057 1081 ad
1099 1017 1362 1081 Lucret.
1407 1039 1471 1100 p.
1522 1020 1646 1081 128
1690 1017 2045 1082 tradiderit
2094 1017 2230 1100 --),
2277 1018 2565 1083 scriben-
2672 1050 2677 1056 ’

282 1121 415 1188 dum
456 1131 559 1189 est
614 1125 918 1189 adiicit
974 1123 1304 1206 (adicit).
1405 1124 1628 1189 Etiam
1674 1145 1733 1189 c.
1781 1128 1881 1205 37,
1943 1129 2020 1189 14
2066 1123 2392 1205 (auctor
2447 1133 2568 1192 est

278 1231 684 1297 -scribit
737 1267 825 1278 -
869 1232 1207 1314 adiecit)
1279 1231 1500 1297 Livius
1568 1238 1687 1296 aut
1753 1232 2050 1297 adiicit
2115 1234 2385 1316 scripsit
2449 1240 2567 1298 aut

278 1337 571 1405 adiecit
613 1360 736 1424 pro
780 1341 1089 1424 praesenti
1132 1341 1376 1424 posuit.
1489 1336 1593 1421 [In
1639 1338 1871 1404 eadem
1914 1360 1986 1403 re
2033 1348 2324 1405 erratum
2370 1348 2473 1406 est
2516 1341 2564 1421 Ι,

275 1450 373 1527 41,
428 1451 456 1510 1
507 1453 578 1513 et
623 1452 736 1527 48,
797 1452 861 1527 3,
928 1447 1044 1513 ubi
1088 1447 1664 1512 Weissenbornius
1721 1448 1790 1510 in
1844 1448 2047 1512 tertia
2101 1448 2386 1513 editione
2435 1449 2566 1513 de-

277 1555 458 1620 iecit
508 1577 634 1641 pro
689 1555 998 1640 praesent-i
1055 1555 1273 1640 accipi
1327 1555 1497 1635 vult,
1556 1553 1718 1619 alibi
1776 1555 2066 1619 deiicit
2122 1554 2382 1635 scribit,
2437 1556 2565 1621 hoc

274 1660 426 1730 libro
471 1685 526 1729 c.
580 1668 680 1744 37,
731 1668 829 1728 14.
918 1662 1065 1727 Vid.
1101 1662 1263 1727 Adv.
1304 1660 1556 1727 Orit.11
1601 1685 1665 1746 p.
1703 1660 1877 1745 352]
1969 1661 2032 1746 (ἓ
2078 1667 2116 1727 7
2160 1669 2340 1729 recte
2390 1662 2564 1729 Sies-

273 1768 456 1853 byeus
520 1778 613 1837 tu
668 1779 826 1855 post
878 1776 968 1836 nt
1021 1771 1090 1835 in
1150 1774 1658 1853 acceperunt
1723 1769 2048 1835 excidisse
2114 1769 2306 1850 vidit,
2386 1771 2563 1856 quod

273 1880 657 1945 contrarium
704 1878 990 1944 refertur
1032 1878 1120 1944 ad
1162 1878 1294 1942 illi
1339 1878 1666 1960 antiqui
1711 1879 2069 1963 patricii.
2166 1877 2377 1959 1861.)

422 1984 582 2071 Cap.
662 1989 766 2066 10,
850 1991 889 2050 2
967 1985 1111 2068 (ubi
1178 1985 1258 2049 de
1324 1985 1626 2067 Nequino
1697 1985 1966 2050 obsesso
2035 1984 2282 2068 agitur)
2350 1986 2561 2051 audeo
2616 2036 2623 2043 .

272 2094 612 2177 suspicari,
682 2094 939 2159 Livium
1006 2094 1348 2177 scripsisse
1403 2099 1697 2159 tantum:
1764 2092 2238 2176 praes'idium
2304 2114 2562 2157 arma-

270 2205 415 2264 tum
469 2222 553 2266 se
613 2201 841 2266 intra
894 2203 1212 2267 moenia
1257 2207 1751 2283 accepturos
1799 2200 2327 2280 confirmant,
2394 2222 2560 2266 non:

270 2305 475 2374 intra
533 2310 855 2374 moenia
910 2317 993 2375 et
1046 2329 1351 2388 muros,
1420 2329 1754 2391 quumque
1800 2330 2065 2373 muros
2111 2330 2313 2392 supra
2357 2311 2562 2393 scrip·

266 2419 393 2478 tum
434 2422 645 2496 esset,
715 2416 953 2482 deinde
1001 2438 1080 2483 eo
1125 2418 1195 2481 in
1240 2416 1608 2481 orationem
1654 2417 1906 2481 inserto
1954 2416 2251 2481 additum
2298 2437 2443 2481 esse
2489 2423 2565 2482 et

269 2518 833 2602 (quemadmodum
900 2545 953 2589 c,
1016 2529 1085 2604 6,
1153 2523 1239 2606 3).
1351 2523 1602 2589 Saltem
1666 2544 1997 2605 nusquam
2063 2523 2240 2608 apud
2308 2524 2563 2589 Livium

267 2627 487 2697 aliosve
560 2653 780 2717 prosae
850 2633 1166 2699 orationis
1225 2632 1578 2716 scriptores
1639 2631 1957 2697 moenia
2012 2638 2090 2696 et
2146 2633 2348 2697 muri
2407 2653 2561 2699 con-

265 2736 629 2822 iunguntur,
689 2741 998 2823 quodque
1041 2740 1231 2805 video
1276 2762 1395 2805 nos
1440 2740 1738 2823 ablegari
1783 2739 1869 2804 ad
1914 2739 2107 2804 huius
2152 2738 2307 2804 libri
2353 2761 2407 2804 c.
2462 2744 2558 2821 17,

265 2847 298 2905 7
339 2853 402 2910 et
442 2852 557 2929 45,
626 2851 734 2927 12,
793 2848 841 2911 ii
885 2847 1013 2913 loci
1059 2849 1406 2933 perspicue
1455 2847 1814 2927 declarant,
1872 2869 2006 2912 non
2051 2848 2359 2930 coniungi
2401 2848 2561 2929 haec,

262 2953 363 3018 sed
423 2955 713 3021 alterum
779 2977 900 3040 pro
967 2954 1180 3020 altero
1246 2956 1594 3021 nominari.
1708 2954 1984 3036 Vergilii
2050 2961 2555 3040 ceterorumque

261 3069 593 3141 poetarum
642 3062 779 3127 alia
825 3066 926 3127 est
968 3060 1333 3142 licentia.¹)

414 3169 575 3256 Cap.
632 3175 743 3249 13,
803 3174 842 3233 4
899 3170 1303 3235 instantibus
1348 3170 1634 3235 comitiis
1682 3169 2140 3234 consularibus
2185 3169 2281 3252 (in
2327 3191 2385 3235 a.
2433 3174 2559 3235 297

260 3294 310 3338 a.
341 3274 515 3361 Chr.)
551 3278 736 3343 fama
782 3283 1016 3342 exorta
1061 3283 1392 3358 narratur,
1441 3277 1761 3342 Etruscos
1798 3277 2256 3361 Samnitesque
2305 3300 2561 3344 summa

256 3384 310 3447 vi
348 3384 598 3451 bellum
645 3406 916 3470 parare:
959 3386 1362 3468 —itaque
1410 3387 1576 3450 suis
1625 3385 2198 3468 sociorumque
2241 3387 2557 3453 viribus

259 3511 736 3578 consurgere
779 3492 1060 3559 hostes
1105 3491 1203 3558 ad
1247 3492 1565 3572 bellum,
1612 3498 1692 3558 et
1724 3491 2348 3578 haudquaquam
2380 3497 2563 3579 pari

257 3597 848 3684 defungendum
906 3621 1086 3666 esse
1143 3601 1612 3665 certamine.
1728 3599 1876 3678 Qua
1920 3603 2256 3667 sententia
2298 3603 2560 3668 haud-

256 3725 642 3794 quaquam
684 3730 832 3793 par
872 3708 1001 3773 hoc
1044 3714 1378 3773 certamen
1415 3707 1694 3788 dicatur,
1739 3729 2013 3792 prorsus
2047 3730 2181 3774 non
2213 3710 2558 3794 intellego;

255 3819 651 3900 comparatio
720 3816 893 3880 enim
958 3834 1107 3880 cum
1171 3816 1508 3899 superiore
1574 3814 1752 3881 bello
1811 3815 1917 3898 (ut
1980 3817 2069 3880 sit
2131 3817 2551 3903 haudqua-
2588 3835 2731 3905 (191)

302 4050 345 4115 ¹)
376 4049 599 4108 Eodem
653 4053 843 4122 capite
889 4050 921 4122 ξ
968 4053 1002 4106 6
1045 4053 1332 4108 renovabo
1385 4052 1446 4106 in
1500 4057 1831 4107 transcursu
1874 4053 2249 4107 necessariam
2296 4053 2558 4111 Glareani

373 4137 785 4192 coniecturam:
842 4136 958 4191 sed
1005 4154 1118 4191 eos
1157 4137 1332 4192 talia
1368 4137 1492 4206 (pro
1531 4136 1687 4203 alia)
1731 4137 2117 4192 molientes.
2189 4137 2302 4194 Sed
2343 4157 2557 4209 vereor,

371 4239 444 4277 ne
487 4222 710 4277 frustra
754 4239 879 4276 eam
923 4222 993 4276 iis
1038 4222 1456 4290 commendem,
1504 4223 1602 4290 qui
1640 4239 1686 4276 c.
1729 4226 1817 4290 11,
1865 4226 1899 4278 3
1936 4222 2300 4278 Gronoviana
2332 4225 2417 4279 uti
2451 4243 2554 4280 no·

372 4306 617 4376 luerunt,
663 4325 791 4376 qua,
836 4307 1064 4363 sublato
1098 4313 1172 4362 ut
1205 4313 1341 4378 post
1373 4306 1525 4376 fuit,
1569 4308 1888 4362 restituitur
1922 4309 2419 4364 deterruerunt
2451 4327 2557 4380 pro

373 4391 885 4461 deterruerint,
937 4394 1242 4463 potiusque
1300 4393 1452 4447 sola
1495 4398 1593 4447 aut
1641 4395 2149 4463 tantummodo,
2193 4395 2255 4449 in
2290 4412 2400 4463 quo
2436 4412 2559 4450 sen-

370 4478 553 4533 tentia
587 4482 928 4547 verteretur,
965 4478 1158 4533 omitti
1194 4495 1230 4532 a
1261 4477 1427 4533 Livio
1463 4476 1722 4548 potuisse
1758 4478 2137 4535 crediderunt.

2002 4582 2096 4636 15*
