3230 5282
1530 611 1648 673 761

444 794 672 849 Edere
710 796 1003 851 crimina
1036 799 1152 851 379.

443 880 742 950 Efferre,
780 882 1078 937 efferare
1114 885 1233 938 338.

442 967 716 1037 Egredi,
749 969 1076 1023 excedere
1109 969 1293 1036 urbe,
1322 986 1436 1024 non
1457 986 1557 1032 ur·

511 1055 653 1109 bem
687 1056 768 1109 53.

1614 797 1911 866 Exsequi
1948 815 2062 851 non
2096 814 2202 866 pro
2241 799 2433 867 sequi
2472 800 2584 852 147.

1614 881 2030 951 Extendere‚
2072 883 2438 940 intendere
2478 887 2591 939 178.

1613 1045 1870 1108 Facere
1905 1072 2130 1124 opera,
2162 1055 2232 1111 de
2258 1056 2581 1110 censoribus
2617 1057 2730 1110 585.

440 1140 713 1210 Eligere
749 1157 1002 1194 nervos
1043 1142 1137 1194 183
1172 1158 1228 1194 ιι.
1614 1139 1873 1195 Facilis
1912 1141 1976 1194 in
2005 1140 2408 1196 adscensum
2435 1142 2596 1211 impr.
2614 1142 2730 1196 396.

437 1226 645 1296 Elpeus
679 1225 886 1281 flumen
919 1225 1269 1280 Macedoniae
1304 1228 1420 1280 684.
1611 1224 1884 1280 Forsan
1921 1229 2005 1281 84.

439 1310 805 1365 Enimvero
843 1313 944 1366 298
978 1330 1032 1365 ιι.
1073 1312 1272 1379 (enim
1305 1311 1489 1381 impr.)
1611 1311 2037 1382 Frequenter
2072 1312 2141 1366 de
2178 1312 2415 1368 concilio
2445 1311 2731 1381 frequenti

437 1396 654 1451 Enixe
709 1397 1039 1466 polliceri
1095 1399 1233 1463 (non
1288 1397 1557 1465 eximie)
1684 1401 1794 1453 132.

504 1485 622 1538 636.
1608 1482 1916 1538 Fulturae
1954 1490 2012 1539 et
2046 1483 2332 1540 furculae
2368 1485 2465 1538 541
2504 1501 2558 1537 n.

436 1569 694 1638 Eques,
731 1570 925 1623 miles
960 1587 1073 1624 ιιοιι
1109 1570 1406 1626 collectiva
1439 1572 1555 1626 295.

436 1654 909 1724 Esquiliarum
962 1674 1167 1711 nomen
1222 1661 1289 1711 ut
1341 1658 1557 1711 urbium
1612 1654 1824 1710 Gelenii
1861 1656 2083 1710 codices
2113 1661 2171 1711 et
2201 1655 2533 1725 ambiguitas
2567 1654 2626 1708 in
2661 1654 2730 1707 iis

502 1742 845 1796 construitur
919 1744 1010 1809 73,
1079 1742 1555 1812 Esquiliarius
1679 1741 2026 1812 appellandis
2099 1742 2589 1809 correctionesque
2641 1744 2725 1794 ta-

504 1827 709 1882 collis
745 1845 858 1883 non
893 1827 1099 1882 dicitur
1132 1830 1214 1883 64.
1679 1828 1807 1883 citae
1845 1830 1947 1882 458
1984 1845 2103 1897 sqq.

433 1912 600 1966 Esse
652 1914 747 1967 ubi
800 1930 912 1968 non
954 1918 1108 1969 recte
1144 1915 1438 1969 omittatur
1473 1917 1555 1983 51,
1612 1911 1916 1968 Genetivus
1944 1913 2093 1982 apud
2121 1913 2354 1967 verbum
2382 1928 2527 1966 esse
2561 1911 2617 1979 (c
2631 1929 2731 1981 ap-

499 2000 602 2053 405
647 2017 726 2066 ιι.,
779 2000 899 2066 416,
949 2001 1053 2054 604
1097 2019 1170 2067 ιι.,
1222 2003 1342 2068 717,
1391 2000 1557 2067 (inter
1677 1999 1977 2052 tivorum
2021 2015 2343 2053 numerus
2393 2002 2494 2051 est
2536 1997 2726 2066 quin·

499 2085 794 2154 participia
821 2089 879 2140 et
907 2086 1078 2140 verba
1101 2085 1279 2153 finita)
1310 2088 1409 2142 216
1445 2105 1551 2156 sq.,
1677 2085 2063 2154 gentorum)
2125 2086 2221 2152 59,
2315 2101 2438 2152 gen.
2510 2083 2728 2153 generis

498 2171 616 2236 611,
664 2171 777 2238 (ubi
816 2189 941 2224 cum
976 2173 1381 2240 praepositione
1425 2190 1556 2227 con·

499 2257 765 2326 iungitur)
793 2259 894 2311 303
921 2275 1000 2325 n.‚
1028 2259 1147 2326 333,
1177 2259 1281 2311 610
1305 2275 1385 2324 ιι.,
1423 2276 1555 2327 qua-

499 2347 662 2397 tenus
699 2343 757 2395 in
793 2343 1069 2422 sententia
1109 2343 1346 2398 relativa
1398 2346 1556 2399 omit-

498 2431 652 2481 tatur
715 2431 831 2496 104,
889 2429 1006 2496 395,
1069 2429 1188 2496 469,
1248 2431 1369 2498 483,
1434 2432 1553 2498 641,

497 2515 616 2580 701,
674 2514 946 2582 (quinto
1011 2515 1116 2569 die
1170 2515 1390 2584 quam)
1439 2518 1555 2583 393,

497 2605 767 2669 quatenus
820 2601 878 2655 in
927 2602 1372 2673 interrogatione
1423 2620 1555 2673 pen·

498 2687 653 2741 denti
707 2689 821 2742 380.
894 2687 1291 2743 Coniunctivus
1353 2690 1551 2743 modus

498 2778 627 2827 ante
706 2773 856 2827 aliud
926 2775 1156 2828 verbum
1234 2775 1552 2844 copulatum

498 2859 732 2913 omissus
769 2860 916 2928 apud
945 2860 1218 2927 Tacitum,
1257 2878 1371 2915 ιιοιι
1406 2859 1554 2929 apud

494 2943 717 2997 Livium
780 2945 882 2999 689
941 2962 992 2998 ιι.
1072 2945 1200 2999 Est
1260 2962 1364 3014 pro
1421 2945 1555 2999 licet

1677 2169 1919 2237 (multae
1956 2170 2131 2223 dena
2163 2170 2400 2233 millia)
2427 2172 2514 2237 80,
2554 2169 2725 2238 (par-

1674 2273 1822 2310 vum
1858 2254 2031 2322 auri)
2063 2258 2191 2324 696,
2239 2273 2364 2326 gen·
2412 2253 2729 2309 definitivus

1675 2330 1867 2409 (belli
1919 2341 2150 2411 praeda
2200 2341 2450 2408 rerum)
2503 2342 2608 2394 484
2641 2358 2724 2406 ιι.,

1675 2426 2232 2498 genetiviususfictus
2246 2428 2424 2494 (earu
2438 2444 2490 2480 m
2511 2443 2726 2481 rerum

1676 2513 2069 2590 condicere)
2131 2516 2211 2567 54.
2295 2511 2596 2566 Genetivus
2648 2511 2728 2564 in·

1674 2604 1937 2655 terventu
1973 2599 2114 2654 alius
2151 2599 2397 2670 genetivi
2434 2615 2467 2653 a
2502 2596 2727 2653 nomine

1674 2688 1890 2756 regenti
1947 2690 2230 2755 separatus
2283 2687 2400 2738 472.
2473 2683 2728 2739 Genetivi

1675 2774 1918 2842 antiquae
1946 2772 2141 2825 formae
2178 2770 2451 2839 (ingeni)
2488 2769 2729 2838 vestigia

1675 2863 1734 2913 et
1783 2856 1914 2912 inde
1968 2874 2182 2912 errores
2240 2860 2318 2923 14,
2371 2856 2455 2921 65,
2498 2856 2601 2909 485
2647 2872 2722 2921 ιι.,

1675 2946 1773 2998 611
1811 2962 1864 2998 ιι.

496 3046 609 3082 ιιοιι
661 3030 719 3082 in
776 3046 947 3111 prosa
1001 3031 1252 3085 oratione
1304 3032 1435 3098 645,
1494 3036 1555 3084 st
1607 3029 1873 3085 Gerundii
1910 3029 2127 3083 dativus
2164 3045 2278 3081 non
2324 3026 2472 3095 regit
2506 3042 2727 3080 accusa·

495 3132 601 3184 pro
621 3121 750 3184 est,
778 3115 908 3170 hinc
926 3115 1045 3169 nati
1065 3132 1282 3170 errores
1307 3118 1419 3183 104,
1437 3119 1553 3183 278,

497 3202 611 3265 575,
629 3203 757 3267 705,
796 3207 979 3255 esset
1014 3205 1073 3255 et
1105 3206 1210 3256 est
1241 3208 1556 3271 permutata

373 3290 382 3301 ⁸
497 3287 581 3353 57,
620 3289 706 3353 vs,
744 3289 856 3349 192,
892 3290 1011 3354 423,
1046 3290 1166 3356 429,
1203 3290 1319 3355 620,
1358 3290 1466 3342 ⁷42.

427 3371 535 3437 Et3
589 3377 655 3425 et
705 3401 772 3411 —
826 3391 1097 3442 quoque
1149 3374 1310 3443 impr.
1361 3378 1463 3429 428
1496 3394 1550 3430 ιι.

497 3456 633 3525 (cfr.
672 3458 962 3513 Coniunct.
1004 3459 1214 3529 copul.)
1283 3460 1378 3514 Et.
1420 3465 1550 3530 post

496 3559 523 3594 e
575 3543 826 3598 additum
882 3546 1218 3599 omissumve
1266 3548 1384 3611 260,
1431 3548 1549 3614 265,

496 3631 614 3696 269,
654 3632 772 3698 312,
829 3633 929 3685 326
964 3649 1038 3699 ιι.,
1087 3633 1205 3699 356,
1259 3634 1377 3698 366,
1425 3634 1544 3701 388,

496 3717 598 3768 467
617 3733 690 3783 ιι.,
711 3719 1015 3786 post1229,
1033 3718 1152 3785 275,
1183 3720 1301 3785 404,
1338 3720 1441 3772 438
1475 3736 1548 3786 ιι.,

495 3803 611 3867 472,
623 3803 742 3868 477,
765 3803 883 3869 510,
906 3804 1022 3868 530,
1044 3803 1174 3869 573,
1195 3805 1253 3855 et
1270 3808 1328 3857 et
1343 3804 1396 3855 el
1418 3821 1550 3859 con-

498 3888 620 3943 fusa
667 3890 751 3953 47,
810 3889 922 3952 125,
975 3889 1071 3940 321
1123 3906 1196 3955 ιι.,
1253 3891 1373 3957 376,
1430 3891 1546 3956 569,

496 3976 614 4042 686,
652 3977 769 4028 730.

1674 3116 1851 3169 tivum
1884 3115 1943 3169 in
1979 3130 2145 3185 prosa
2182 3118 2321 3168 orat.
2359 3114 2484 3179 277,
2523 3111 2721 3165 ablati·

1674 3218 1775 3256 vus
1813 3202 1883 3255 de
1918 3200 2088 3255 modo
2124 3202 2244 3267 354,
2286 3200 2404 3265 542,
2444 3199 2571 3265 574,
2629 3214 2722 3265 ge-

1673 3288 1933 3342 rundium
1995 3285 2348 3355 appositione
2400 3283 2723 3337 adiunctum

1673 3375 1788 3427 513.
1861 3371 2205 3427 Gerundium
2241 3370 2318 3438 (et
2351 3368 2721 3439 gerundivum

1673 3459 2018 3514 nominativo
2083 3457 2233 3522 casu)
2302 3454 2722 3509 transitivorum

1671 3546 1971 3600 verborum
2011 3542 2362 3597 intransitive
2398 3545 2495 3603 aut
2529 3538 2723 3593 reflex-

1672 3631 1760 3684 ive
1798 3631 2045 3698 positum
2083 3631 2183 3683 515
2229 3647 2282 3681 ιι.
2336 3624 2717 3680 Gerundivum

1672 3714 2179 3784 (pensitamus,
2227 3732 2397 3785 quum
2433 3712 2618 3780 agitur
2653 3711 2721 3765 de

1669 3800 2024 3871 pensitando)
2048 3804 2171 3869 123,
2206 3804 2553 3859 accusativus
2573 3804 2721 3873 apud

1671 3888 1739 3940 in
1781 3888 1910 3955 672,
1967 3886 2191 3942 dativus
2242 3889 2386 3958 apud
2432 3894 2586 3958 apte
2631 3892 2716 3955 90,

1669 3974 1725 4028 in
1762 3972 1998 4028 consilio
2035 3972 2400 4042 significando
2446 3976 2573 4040 208,
2630 3991 2721 4045 ge·

428 4063 774 4130 Evergere
811 4061 925 4112 702.

428 4132 920 4217 E⁴13Heraclea
953 4162 1030 4198 ex
1057 4145 1278 4200 Sintis
1310 4144 1432 4214 (pro
1461 4145 1550 4212 in)
1667 4145 1782 4199 turi
1818 4147 1933 4198 520.

495 4236 625 4303 651,
665 4252 744 4288 ex
779 4249 966 4299 ver0,
1007 4231 1181 4285 simm.
1219 4233 1323 4285 230
1355 4249 1407 4285 ιι.
1600 4228 1843 4284 Graius
1877 4231 1994 4284 457.

429 4319 762 4390 Exiguum
800 4338 846 4373 c.
884 4322 1065 4387 genet.
1106 4318 1221 4370 696.
1600 4314 1862 4383 Gratia3
1901 4317 1970 4370 in
2005 4314 2300 4384 gratiam
2336 4317 2451 4370 646.

428 4405 616 4459 Exon
631 4422 821 4460 erare
845 4402 1145 4471 dupliciter
1160 4406 1546 4457 constructum
1598 4401 1933 4469 Gronovius,
1972 4401 2014 4455 1.
2052 4400 2142 4453 Fr.
2178 4402 2261 4455 40.

496 4494 610 4546 224.
1597 4486 1868 4557 Gryneus
1904 4489 2019 4541 592.

1668 4058 1887 4113 netivus
1922 4075 2024 4129 pro
2059 4057 2334 4113 infinitivo
2381 4059 2589 4127 passivi
2632 4059 2715 4112 fu·
