3230 5282
665 635 787 688 Lib.
826 633 997 687 XLII.
1752 622 1873 682 628

665 827 980 890 quoque
1027 807 1428 889 gentium).
1500 805 1625 871 Sed
1672 812 2005 889 praeterea,
2055 807 2363 888 quoniam
2400 813 2610 871 totum
2657 805 2782 870 hoc
2825 825 2944 868 non

663 923 998 999 tamquam
1047 915 1328 980 alterum
1376 915 1757 996 adiungitur
1802 915 2205 997 principis
2253 914 2584 997 dignitati,
2632 913 2747 978 sed
2791 919 2947 977 tam·

665 1045 863 1105 quam
908 1044 1308 1105 consequens
1356 1023 1746 1099 adnectitur,
1796 1022 2208 1087 scribendum
2255 1024 2515 1106 opinor:
2563 1023 2947 1106 hospitio-

665 1152 810 1213 que
879 1153 997 1215 pro
1067 1131 1426 1215 hospitio
1496 1152 1834 1214 quoque.
1929 1130 2205 1195 Gravius
2252 1139 2385 1202 est,
2446 1130 2623 1213 quod
2668 1129 2698 1211 ἓ
2748 1136 2801 1206 6,
2845 1129 2950 1193 ubi

665 1242 1011 1324 exponitur
1076 1240 1296 1304 Persei
1353 1240 1715 1304 Rammium
1763 1259 2178 1321 corrumpere
2247 1240 2546 1303 conantis
2593 1240 2834 1313 oratio,
2889 1240 2949 1301 in

663 1348 793 1412 his:
843 1350 1073 1413 cuius
1125 1349 1408 1430 (veneni)
1447 1350 1654 1412 scire
1693 1369 1774 1412 se
1810 1348 2496 1429 comparationem
2526 1346 2951 1431 plurimum

665 1457 1217 1544 difficultatis
1265 1465 1342 1521 et
1389 1456 1744 1541 periculi
1791 1455 2120 1534 habere3
2179 1455 2559 1538 pluribus
2609 1456 2949 1518 consciis

665 1568 1144 1649 comparari,
1184 1573 1471 1629 eventu
1507 1563 1901 1648 praeterea
1935 1565 2254 1628 incerto
2290 1585 2463 1627 esse
2500 1571 2643 1641 cet„
2672 1573 2737 1627 et
2762 1583 2953 1626 causa

664 1676 802 1737 sine
849 1682 1005 1739 nota
1052 1674 1298 1755 (enim)
1350 1674 1611 1738 adiecta
1656 1671 1929 1737 offendit
1977 1680 2042 1736 et
2102 1671 2626 1754 comparandi
2695 1670 2950 1734 verbum

664 1790 813 1865 post
858 1784 1548 1866 comparationem
1594 1781 2001 1862 ineleganter
2046 1782 2111 1842 iu
2160 1800 2361 1844 causa
2408 1779 2803 1863 explicanda
2846 1800 2951 1862 po-

664 1893 862 1954 sit-um
908 1900 972 1955 et
1016 1893 1082 1953 in
1127 1890 1507 1973 multiplicis
1544 1889 1949 1954 difficultatis
1987 1896 2052 1953 et
2086 1887 2362 1971 periculi
2403 1889 2953 1952 demonstratione

663 2001 852 2062 unius
919 2001 1015 2063 rei
1083 1999 1396 2082 (plurium
1466 1996 1900 2078 consciorum)
1968 1998 2242 2074 menti03
2314 2018 2464 2060 nam
2520 2017 2664 2079 quae
2723 1995 2953 2060 deinde

663 2108 997 2171 adduntur
1043 2108 1364 2189 (eventu
1412 2114 1811 2190 praeterea
1856 2105 2027 2186 cet),
2077 2104 2239 2167 nihil
2280 2104 2364 2168 ad
2401 2105 2951 2188 comparationem

662 2217 990 2297 pertinent
1035 2217 1381 2298 potiusque
1429 2215 1939 2297 comparationis
1998 2213 2378 2277 difficultati
2436 2235 2530 2276 ex‘
2562 2233 2749 2295 aequo
2795 2220 2955 2276 tam·

662 2344 856 2404 quam
883 2324 1157 2387 alterum
1196 2331 1463 2387 eventus
1497 2324 1783 2387 incertus
1820 2322 2214 2404 adiungitur.
2287 2319 2522 2385 Omnia
2557 2328 2715 2403 apta
2751 2329 2956 2394 erunt,

663 2434 714 2495 si
764 2453 893 2495 una
941 2453 1091 2495 voce
1140 2432 1402 2496 sublata
1448 2433 1540 2495 sic
1589 2432 2072 2515 scripserimus:
2122 2430 2350 2493 cuius
2396 2430 2609 2492 scire
2648 2450 2729 2493 se
2767 2449 2955 2493 com-

660 2527 1171 2622 parationem
1220 2539 1654 2623 plurimum
1702 2538 2249 2602 difficultatis
2312 2544 2387 2601 et
2432 2533 2784 2620 periculi
2834 2537 2957 2600 ha·

661 2649 844 2713 bere
911 2649 1288 2732 pluribus
1359 2649 1749 2727 consciis3
1820 2653 2112 2713 eventu
2180 2656 2581 2729 praeterea
2640 2647 2955 2709 incerto

491 2767 632 2836 (517)
671 2779 874 2835 esse,
943 2764 1026 2821 ut
1095 2765 1213 2822 cet.
1304 2758 1537 2840 Itaque
1607 2765 1672 2820 et
1739 2757 2247 2839 comparationis
2316 2755 2609 2837 pluribus
2680 2755 2956 2819 consciis

661 2865 1021 2949 periculum
1088 2866 1366 2930 Perseus
1435 2887 1502 2928 se
1570 2873 1972 2929 remoturum
2000 2928 2005 2935 ,
2031 2864 2320 2928 ostendit
2387 2870 2453 2927 et
2511 2868 2809 2927 eventum
2864 2864 2958 2926 in·

662 2972 939 3039 certum:
1011 2975 1104 3039 Se
1153 2975 1552 3049 daturum,
1600 2974 1811 3055 quod
1873 2974 2137 3036 necin
2186 2972 2449 3036 dando
2498 2992 2637 3035 nec
2686 2971 2958 3035 datum

659 3084 825 3148 ullo
885 3085 1111 3164 signo
1175 3083 1568 3165 deprendi
1628 3090 1922 3164 posset.
2015 3081 2245 3163 Itaque
2290 3079 2705 3143 manifestam
2750 3079 2956 3143 teneri

659 3198 815 3273 puto
864 3192 1436 3274 interpolationem
1488 3197 1699 3254 ortam
1748 3211 1825 3254 ex
1873 3211 1972 3267 eo,
2021 3189 2195 3271 quod
2241 3210 2369 3252 non
2409 3187 2956 3252 animadvertere·

657 3309 784 3377 tur,
831 3300 1218 3382 pluribus
1267 3300 1628 3364 consciis
1676 3320 1820 3361 cum
1868 3297 2385 3381 praecedentibus
2435 3295 2955 3378 coniungendum

660 3430 819 3472 esse.
869 3407 1039 3487 (Vid.
1088 3430 1149 3490 p.
1200 3407 1372 3489 492.)

830 3513 983 3598 Cap.
1037 3519 1132 3587 19,
1181 3519 1250 3579 3:
1290 3516 1565 3599 ,Quum
1621 3515 1698 3578 in
1758 3515 2382 3597 exspectatione
2452 3519 2791 3577 senatus
2840 3533 2951 3575 es-

660 3630 809 3701 set,
874 3659 978 3702 —‚
1046 3608 1198 3706 qui*
1229 3645 1495 3706 regum
1544 3623 1714 3704 (cod.
1763 3622 2117 3705 regnum)
2184 3643 2437 3699 suam,
2496 3606 2775 3684 Persei
2821 3619 2953 3702 qui

660 3733 1034 3811 secuturi
1081 3733 1530 3796 amicitiam
1575 3737 1877 3809 essent,
1927 3735 2050 3794 cet.
2140 3729 2335 3795 Nullo
2384 3729 2576 3793 modo
2623 3729 2690 3792 in
2736 3728 2950 3791 huius-

657 3838 832 3902 modi
878 3841 1423 3920 interrogatione,
1469 3847 1544 3904 ut
1587 3840 1685 3904 ita
1744 3838 1989 3917 dicam,
2050 3838 2471 3902 distributiva
2514 3837 2747 3901 inverti
2796 3835 2950 3901 ordo

655 3950 722 4012 in
769 3948 1024 4011 duobus
1072 3946 1375 4011 membris
1419 3953 1657 4030 potest.
1727 3947 1963 4031 Itaque
2010 3948 2136 4010 nisi
2183 3946 2379 4010 altius
2426 3946 2591 4009 latet
2635 3944 2949 4013 mendum,

656 4057 1166 4139 transpositione
1235 4056 1413 4120 facta
1489 4055 1903 4120 scribendum
1972 4061 2100 4119 est:
2185 4054 2319 4136 qui
2386 4073 2655 4134 regum
2724 4072 2950 4127 suam,

657 4165 790 4246 qui
833 4163 1113 4228 Persei
1160 4172 1279 4228 cet.
1355 4163 1479 4227 Sed
1527 4182 1641 4228 cur
1688 4164 1767 4227 de
1816 4162 1972 4227 solis
2017 4161 2281 4245 regibus
2321 4161 2721 4244 exspectatio
2768 4160 2948 4224 erat?

654 4271 860 4336 Paulo
907 4278 1057 4355 post
1106 4270 1166 4354 (ξ
1216 4272 1278 4352 5)
1326 4274 1391 4336 in
1439 4272 1661 4336 codice
1708 4271 2047 4335 scribitur:
2118 4277 2203 4334 ut
2262 4292 2432 4333 eum
2478 4304 2563 4312 —
2609 4267 2946 4352 publicae

656 4382 899 4445 etiam
945 4402 1152 4445 curae
1199 4402 1287 4445 ac
1333 4380 1554 4444 velut
1608 4379 1873 4444 tutele
1932 4378 2239 4443 vellent
2304 4398 2482 4442 esse
2551 4385 2628 4441 et
2694 4396 2945 4459 regem

657 4495 737 4553 ot
782 4488 1084 4572 legatio
1142 4497 1379 4572 grata
1437 4488 1763 4553 senatui
1821 4486 1992 4551 fuit.
2085 4485 2273 4562 Quod
2320 4485 2567 4551 editur:
2637 4484 2945 4550 vellent
