3230 5282
614 580 737 633 Lib.
775 578 924 631 vm
1379 534 1384 539 ’
1713 563 1834 623 188

619 773 763 815 sua
807 771 848 813 a
894 748 1253 832 publicis
1309 745 1711 828 consilia.)
1806 745 2085 829 [Eodem
2132 768 2355 812 errore
2402 743 2578 826 VIII,
2628 750 2724 825 13,
2776 750 2813 809 3
2858 746 2929 810 in

616 858 668 921 P
715 879 834 941 pro
883 856 1263 921 consiliis
1310 854 1623 919 scribitur
1669 852 2275 935 consulibus.]¹)

793 963 948 1048 Cap.
997 968 1064 1045 7,
1123 967 1205 1027 20
1252 968 1319 1027 et
1365 966 1478 1026 21:
1557 962 2022 1026 Exanimati
2090 982 2362 1027 omnes
2436 968 2597 1027 tam
2663 964 2933 1027 atroci

618 1072 960 1156 imperio
1020 1107 1108 1117 —
1162 1079 1377 1135 metu
1445 1070 1701 1152 magis
1772 1090 2001 1153 quam
2073 1070 2473 1134 modestia
2530 1070 2929 1152 quievere.

619 1181 907 1265 Itaque
962 1178 1192 1245 velut
1250 1198 1552 1243 emerso
1600 1177 1696 1241 ab
1745 1177 2305 1242 admiratione
2354 1179 2642 1257 animo,
2701 1198 2934 1259 quum

622 1288 961 1353 silentio
1022 1286 1281 1350 defixi
1339 1285 1809 1363 stetissent,
1866 1290 2235 1367 repente,
2291 1291 2724 1369 postquam
2771 1306 2933 1351 cer-

618 1396 790 1460 vice
851 1415 1058 1459 caesa
1113 1393 1337 1457 fusus
1400 1398 1524 1456 est
1581 1412 1853 1470 cruor,
1921 1397 2085 1455 tum
2149 1392 2411 1456 libero
2473 1400 2935 1477 conquestu

623 1509 922 1568 coortae
1000 1488 1234 1566 voces
1302 1483 1522 1577 sunt,
1597 1505 1683 1563 ut
1760 1504 1884 1564 cet.
1986 1499 2192 1564 Prave
2275 1500 2584 1565 adverbio
2651 1502 2936 1585 itaque

622 1612 916 1694 proxime
974 1609 1319 1674 subiicitur
1373 1630 1504 1672 non
1560 1606 1661 1684 id,
1731 1607 1907 1690 quod
1965 1627 2372 1692 consequens
2432 1608 2756 1692 superiori
2812 1616 2932 1687 est,

621 1719 738 1784 sed
806 1719 874 1782 in
943 1717 1347 1781 contrarium
1416 1715 1753 1779 conversio
1824 1712 2142 1795 (emersus
2211 1716 2469 1780 animus
2526 1737 2561 1780 e
2620 1716 2936 1799 stupore),

623 1835 689 1892 et
754 1826 892 1891 haec
963 1827 1110 1909 ipsa
1176 1823 1617 1888 conversionis
1685 1822 2078 1905 significatio
2135 1824 2576 1907 interpositis,
2647 1845 2791 1906 quae
2849 1824 2936 1888 ad

625 1935 1034 2017 superiorem
1094 1932 1295 1995 animi
1351 1930 1652 1995 habitum
1697 1931 2067 2014 pertinent:
2124 1966 2211 1975 -—
2254 1953 2491 2014 quum
2537 1966 2613 1977 -
2663 1937 2782 1996 ste
2800 1933 2939 1997 tis-

627 2047 832 2120 sent,
901 2038 1234 2105 divellitur
1280 2038 1364 2103 ab
1412 2059 1490 2103 ea
1532 2058 1710 2116 voce,
1779 2059 1820 2101 a
1866 2059 1999 2122 qua
2042 2040 2190 2122 ipsa
2237 2020 2686 2104 conversionis
2734 2041 2935 2123 signi-

623 2150 844 2214 ficatio
902 2150 1192 2231 incipere
1240 2146 1543 2225 debebat,
1587 2152 1944 2228 repente.
2048 2145 2197 2210 Una
2239 2146 2462 2211 littera
2512 2145 2804 2226 sublata,
2852 2136 2936 2211 'ut

628 2255 958 2320 scribatur
1003 2255 1231 2319 velut
1275 2273 1515 2316 merso
1563 2254 1658 2318 ab
1707 2254 2249 2318 admiratione
2297 2255 2595 2332 animo,
2655 2255 2938 2337 primum

627 2362 1092 2427 describuntur
1179 2362 1382 2425 animi
1459 2361 1897 2425 admiratione
1981 2366 2048 2425 et
2125 2366 2303 2424 metu
2382 2364 2707 2445 oppressi,
2799 2370 2937 2427 tum

583 2476 966 2554 .repente
1032 2468 1214 2533 facta
1280 2469 1574 2532 mutatiO.
1688 2468 1799 2532 Ab
1868 2468 2415 2533 admiratione
2482 2468 2745 2534 Liviano
2813 2492 2940 2535 usu

630 2578 868 2643 dicitur
915 2576 994 2643 de
1042 2575 1283 2640 affectu
1328 2576 1529 2639 animi
1576 2576 1830 2661 aliquid
1869 2576 2194 2641 efficiente
2230 2574 2353 2658 (ab
2399 2578 2541 2655 ira,
2590 2577 2684 2641 ab
2732 2577 2938 2657 odio,

558 2685 563 2690 “
628 2686 722 2750 ab
782 2684 1119 2765 invidia)
1180 2706 1298 2768 pro
1348 2684 1489 2750 solo
1536 2684 1845 2749 ablativo.
1928 2683 2171 2765 (1861.)
2274 2683 2615 2767 [Senserat
2660 2685 2939 2750 difficul-

629 2800 839 2858 tatem
885 2791 1279 2876 Creverius.]

802 2902 899 2966 De
938 2921 1079 2985 cap.
1107 2905 1165 2981 8,
1213 2900 1389 2985 quod
1434 2906 1623 2966 tanto
1672 2921 1869 2982 opere
1915 2900 2311 2983 interpretes
2357 2901 2939 2982 institutorumque

629 3011 1077 3074 Romanorum
1133 3014 1554 3073 enarratores
1614 3008 1939 3086 exercuit,
2000 3006 2163 3070 nihil
2223 3013 2324 3071 est
2367 3007 2535 3085 fere,
2593 3008 2769 3090 quod
2813 3008 2940 3073 hoc

627 3119 774 3183 loco
835 3117 1079 3197 dicam3
1146 3138 1358 3198 neque
1429 3117 1601 3180 enim
1669 3123 1807 3179 tam
1862 3114 2212 3179 verborum
2274 3116 2731 3181 emendatione
2789 3122 2939 3199 eget

630 3246 829 3309 quam
893 3231 1123 3309 aperta
1190 3230 1257 3287 et
1314 3222 1595 3307 simplici
1654 3223 2132 3298 declaratione,
2202 3244 2334 3305 qua
2387 3224 2643 3287 ratione
2699 3223 2940 3301 LiviuS,

630 3354 823 3413 quem
870 3353 910 3396 a
954 3338 1248 3395 veterum
1304 3332 1757 3395 institutorum
1813 3335 1881 3393 et
1934 3332 2463 3413 perscrutatione
2521 3331 2819 3414 diligenti
2876 3338 2946 3396 et

629 3439 1086 3518 intellegentia
1140 3438 1332 3518 longe
1377 3444 1706 3502 remotum
1749 3437 1956 3501 fuisse
2002 3439 2298 3502 novimus
2344 3445 2410 3502 et
2454 3439 2522 3501 in
2568 3439 2943 3504 huiusmodi

630 3544 830 3609 rebus
877 3545 1282 3627 explicandis
1329 3547 1538 3626 magis
1576 3544 1864 3609 colorem
1900 3545 2224 3628 quendam
2260 3547 2628 3624 vetustatis,
2675 3548 2944 3610 summis

630 3673 850 3716 rerum
904 3652 1257 3734 perleviter
1314 3652 1651 3731 delibatis,
1721 3660 2020 3736 captasse
2078 3674 2276 3737 quam
2332 3655 2742 3736 perspicuam
2803 3675 2942 3719 cer-

691 3823 734 3887 ¹)
774 3819 807 3888 ξ
851 3823 915 3874 10
949 3827 1102 3875 recte
1137 3822 1202 3874 A.
1241 3821 1565 3875 Perizonius
1601 3822 1728 3875 tolli
1764 3822 1948 3876 voluit
1983 3840 2094 3888 e0‚
2141 3840 2315 3891 pravo
2353 3839 2487 3875 casu
2523 3821 2777 3875 additum
2814 3829 2949 3876 ante

772 3907 957 3973 quod
1009 3907 1140 3973 (vid.
1189 3924 1436 3976 prooem.
1486 3925 1539 3975 p.
1591 3910 1656 3960 14
1701 3906 1865 3973 ima);
1919 3908 2273 3961 accusativus
2320 3907 2471 3960 enim
2516 3907 2654 3976 poni
2700 3906 2949 3960 debebat

775 3991 847 4044 ad
896 3997 1277 4061 usurpate,
1328 3993 1479 4061 quod
1526 3993 1785 4046 absolute
1835 3993 1947 4046 dici
1995 3994 2203 4060 nequit.
2286 3991 2433 4057 Nec,
2483 3992 2620 4059 quid
2652 3993 2949 4061 postulent

769 4076 988 4142 Latini,
1044 4078 1255 4146 agitur,
1309 4078 1408 4130 sed
1454 4083 1519 4131 ut
1562 4077 1652 4144 id,
1707 4078 1858 4146 quod
1894 4079 2066 4132 tacite
2103 4078 2473 4144 concedatur,
2528 4081 2804 4146 usurpent
2839 4094 2941 4146 po·

655 4177 664 4183 ·
773 4162 1052 4215 stulando.
1139 4160 1291 4232 [Cap.
1343 4166 1403 4230 5,
1453 4166 1484 4217 3
1532 4163 1774 4217 fortasse
1808 4163 2123 4217 tollendum
2161 4167 2247 4216 est
2292 4181 2476 4217 nunc
2524 4167 2656 4231 post
2691 4164 2943 4232 benig·

661 4301 678 4318 ‚
772 4249 1026 4313 nitate,
1064 4254 1369 4302 retractum
1403 4250 1515 4303 huc
1551 4266 1622 4302 ex
1656 4248 1919 4302 inferiore
1953 4249 2110 4302 loco:
2159 4266 2339 4302 nunc
2389 4248 2607 4302 etiam
2642 4248 2945 4302 Volscis.

770 4331 914 4386 Nam
953 4339 1010 4385 et
1044 4334 1244 4386 vitiose
1278 4334 1402 4388 haec
1440 4334 1826 4388 cumulantur:
1865 4333 2168 4403 Tempus
2206 4334 2704 4400 erat—iam—,
2742 4351 2949 4401 quum

768 4447 837 4454 —
875 4434 1058 4471 nunc
1094 4446 1163 4453 —
1198 4418 1586 4484 videretis,
1639 4424 1697 4472 et
1732 4420 2113 4487 incommode,
2160 4420 2270 4474 hoc
2306 4419 2691 4490 praecedente,
2742 4418 2950 4472 deinde

773 4503 1133 4571 subiungitur
1167 4521 1349 4557 nunc
1388 4504 1602 4556 etiam
1642 4503 1703 4557 in
1738 4504 1990 4558 notando
2026 4523 2174 4559 novo
2211 4505 2403 4574 gradu.
2465 4501 2637 4570 1861]
