3230 5282
1455 634 1578 696 733
2327 649 2451 705 Lib.
2488 651 2654 706 XLV.

367 817 554 902 voce)
622 818 876 901 codice3
954 818 1215 886 sublata
1281 822 1451 885 enim
1526 842 1660 886 una
1713 818 1970 900 littera,
2038 820 2454 888 scribendum
2534 831 2666 890 est:

368 934 774 1011 tamquam
819 929 1148 994 animali
1180 963 1267 975 —
1313 927 1744 995 distracto.
1812 928 2062 995 Deinde
2100 938 2280 996 recte
2314 929 2671 1014 Bekkerus,

370 1037 474 1102 cui
517 1038 916 1103 recentiores
952 1037 1432 1117 adsentiuntur,
1479 1039 1954 1104 commercio
2000 1059 2343 1106 revocasse
2380 1041 2669 1124 videtur3

368 1166 523 1210 nam
568 1147 1046 1211 commercio
1107 1147 1615 1231 interruptus
1676 1146 1905 1212 eodem
1950 1147 2141 1214 modo
2185 1147 2409 1214 Livius
2457 1149 2670 1217 dicere

368 1255 618 1338 potuit,
676 1275 804 1338 quo
853 1253 1081 1322 Cicero
1137 1256 1204 1320 in
1253 1254 1518 1321 Somnio
1577 1249 1897 1340 Scipionis
1945 1277 1997 1321 c.
2058 1261 2115 1337 6,
2162 1261 2243 1322 20
2301 1279 2465 1339 eOS,
2534 1263 2672 1344 qui

367 1363 736 1429 incolant
779 1370 1101 1445 terram,
1148 1364 1671 1449 interruptos
1705 1365 1824 1428 ita
1868 1386 2047 1430 esse
2097 1364 2281 1446 dicit,
2328 1375 2416 1433 ut
2459 1368 2670 1433 nihil

368 1471 585 1537 inter
637 1473 865 1556 ipsos
923 1473 1017 1538 ab
1085 1472 1287 1538 aliis
1344 1472 1439 1538 ad
1508 1472 1717 1539 alios
1783 1494 2103 1538 manare
2169 1475 2452 1558 possit.
2544 1475 2671 1542 Sed

370 1580 547 1662 quod
590 1580 677 1646 ad
720 1582 1093 1647 lacerata
1135 1589 1308 1665 post⁴
1334 1581 1731 1647 Gronovium
1776 1581 1992 1647 audiri
2028 1589 2277 1667 putant‘
2310 1583 2672 1651 Macedo-

369 1690 505 1754 n-ia
548 1710 627 1754 ex
670 1691 773 1769 iis,
821 1707 965 1774 quae
1010 1696 1388 1772 sequuntur,
1436 1690 1550 1755 ubi
1595 1690 1815 1756 Livius
1865 1713 1943 1756 ex
1980 1713 2103 1757 sua
2135 1712 2424 1775 persona
2456 1693 2671 1760 Mace-

373 1797 616 1865 donum
658 1796 970 1864 iudicium
1015 1806 1083 1863 et
1127 1797 1435 1864 affectum
1478 1798 1832 1883 redarguit,
1878 1800 1948 1865 id
1994 1798 2260 1883 quidem
2304 1800 2449 1865 fieri·
2489 1801 2669 1868 nullo

368 1915 563 1991 pacto
609 1911 851 1992 potest.
941 1907 1174 1992 Itaque
1196 1958 1210 1987 ,
1276 1908 1406 1973 nisi
1463 1906 1644 1972 aliud
1700 1907 1858 1992 quid
1918 1908 2187 1988 excidit,
2258 1909 2672 1976 scribendum

369 2015 660 2081 videtur:
728 2015 1241 2099 Regionatim
1286 2016 1769 2082 commercio
1825 2017 2293 2101 interrupti
2351 2019 2466 2084 ita
2523 2020 2672 2082 sibi

369 2123 634 2189 videri
699 2124 1051 2190 lacerati
1117 2132 1531 2208 tamquam
1577 2132 1701 2190 cet.
1789 2124 1960 2190 Nam
2017 2124 2238 2191 dativo
2297 2126 2401 2190 vix
2447 2147 2671 2193 carere

372 2232 436 2297 h.
480 2232 523 2297 l.
569 2254 939 2318 possumus.
1011 2232 1202 2317 [Usui
1247 2241 1470 2298 tamen
1513 2232 1828 2317 loquendi
1873 2234 2080 2317 magis
2128 2235 2433 2300 convenit
2477 2257 2672 2302 com-

371 2343 672 2406 mercio
739 2343 1212 2426 interrupto
1280 2363 1400 2407 nec
1469 2341 1628 2407 sibi
1684 2341 1877 2407 facile
1937 2342 2307 2408 oblitterari
2376 2345 2671 2428 potuisse

371 2447 679 2532 videtur]
790 2449 1082 2534 Exponit
1149 2448 1383 2515 deinde
1448 2448 1703 2528 LiviuS,
1785 2471 1981 2536 quam
2047 2449 2241 2516 facile
2319 2473 2387 2517 se
2454 2453 2673 2518 Mace-

375 2557 578 2625 dones
626 2558 705 2623 de
750 2559 969 2644 patria
1014 2579 1132 2623 sua
1177 2558 1502 2625 distracta
1546 2566 1613 2623 et
1659 2558 1987 2645 discerpta
2045 2558 2372 2625 consolari
2431 2560 2673 2627 debue-

371 2669 524 2749 rint,
546 2667 906 2753 Polybium,
932 2669 1180 2753 opinor,
1215 2669 1282 2733 in
1316 2669 1699 2733 inanissima
1731 2667 2094 2752 prudentiae
2118 2670 2331 2753 specie
2370 2692 2669 2754 sequens.

372 2774 450 2841 In
471 2775 600 2841 hac
624 2783 815 2861 parte
849 2797 1156 2861 magnam
1192 2776 1679 2842 dubitationem
1712 2776 1978 2855 habent,
2019 2797 2162 2860 quae
2196 2776 2229 2860 ἐ
2265 2785 2303 2841 4
2337 2777 2672 2860 leguntur:

372 2884 837 2951 Maritimas
884 2906 1202 2970 quoque
1251 2885 1921 2969 opportunitates
1977 2886 2050 2950 ei
2110 2884 2218 2965 (de
2275 2885 2491 2950 altera
2533 2885 2673 2951 Ma-

376 2992 665 3058 cedoniae
743 3001 933 3077 parte
1013 2991 1256 3077 agitur)
1337 2992 1700 3076 praebent
1774 3000 2058 3077 portus
2140 2992 2236 3059 ad
2302 2992 2674 3060 Toronen

374 3122 463 3167 ac
506 3110 851 3167 montem
897 3101 1110 3167 Atho
1158 3100 1439 3183 (AEneae
1485 3107 1781 3167 vocant
1824 3100 2081 3183 hunc),
2131 3101 2278 3167 alii
2324 3102 2419 3167 ad
2463 3103 2674 3168 insu-

373 3209 527 3275 lam
604 3210 1042 3290 Euboeam,
1127 3211 1272 3274 alii
1352 3210 1447 3274 ad
1514 3208 2142 3293 Hellespontum
2223 3219 2674 3295 opportune

373 3320 606 3384 versi.
695 3319 916 3384 Prima
962 3317 1234 3384 offensio
1280 3319 1349 3382 in
1393 3339 1667 3383 numero
1716 3324 1815 3381 est
1869 3325 2209 3401 portuum3
2276 3339 2429 3389 nam
2487 3320 2674 3386 initio

376 3426 544 3494 duos
592 3426 956 3512 significare
997 3427 1214 3492 Livius
1258 3426 1532 3519 videtur,
1577 3426 1859 3491 alterum
1905 3426 1989 3490 ad
2034 3424 2352 3507 Toronen,
2399 3426 2677 3492 alterum

373 3536 462 3601 ad
505 3535 724 3601 Athon
770 3535 1053 3619 (hunc),
1113 3534 1346 3600 deinde
1404 3534 1627 3618 plures
1698 3532 1872 3616 (alii
1917 3569 2003 3579 —
2046 3533 2155 3599 ali
2174 3533 2261 3616 1)
2330 3542 2396 3600 et
2450 3534 2675 3618 plures

375 3644 496 3709 sub
540 3644 713 3710 Atho
758 3650 978 3709 monte
1035 3653 1266 3728 portus
1323 3641 1620 3726 appellat
1674 3643 1814 3725 ipse
1859 3641 2080 3722 XLIV,
2127 3646 2227 3722 28,
2278 3645 2333 3707 3.
2424 3636 2676 3709 Deinde

373 3754 442 3817 in
495 3752 629 3818 his:
695 3753 943 3819 AEneae
1009 3759 1307 3818 vocant
1370 3750 1587 3815 hunc
1660 3747 1935 3815 offendit
1982 3751 2202 3816 mirus
2270 3752 2678 3835 pronominis

373 3862 646 3946 positus,
738 3860 904 3927 Tum
947 3861 1170 3926 AEneae
1213 3866 1478 3944 portum
1535 3857 1622 3922 ad
1675 3865 1966 3923 montem
2010 3857 2228 3924 Athon
2273 3859 2367 3941 (et
2412 3861 2671 3926 videtur
2710 3865 2851 3933 (611)

376 3968 732 4053 significari
774 3991 907 4035 non
954 3966 1297 4049 obscurus)
1353 3987 1546 4032 nemo
1591 3986 1866 4050 usquam
1922 3976 2163 4051 praeter
2206 3968 2460 4033 Livium
2504 3989 2677 4033 com-

374 4086 711 4159 memorat,
755 4098 876 4143 nec
920 4079 988 4142 in
1030 4077 1147 4142 illa
1189 4074 1557 4160 paeninsula
1600 4074 1738 4139 ulla
1770 4074 1992 4140 AEneae
2038 4076 2322 4141 nominis
2366 4078 2682 4141 memoria

374 4193 496 4251 aut
537 4185 898 4252 similitudo
943 4185 1291 4269 reperitur,
1336 4190 1412 4248 ut
1454 4183 1522 4247 in
1567 4181 1851 4247 Thracia
1894 4182 2123 4262 AEnus,
2169 4184 2238 4248 in
2282 4184 2428 4249 sinu
2473 4183 2678 4249 Ther-

373 4294 586 4359 maico
631 4294 857 4359 AEnea.
948 4292 1167 4360 Codex
1207 4292 1428 4358 locum
1472 4291 1563 4355 sic
1611 4292 1928 4374 scriptum
1971 4291 2201 4356 habet:
2248 4312 2290 4374 p
2307 4312 2344 4356 o
2360 4314 2393 4357 r
2407 4299 2491 4358 tu
2508 4313 2537 4356 s
2584 4312 2625 4357 a
2638 4291 2681 4356 d

374 4401 817 4468 Toroneam
882 4410 1230 4467 montem
1294 4398 2045 4466 athoeneaeuocant
2109 4397 2318 4465 hunc
2376 4400 2523 4466 alii
2571 4401 2680 4464 in-

374 4509 794 4595 sulamque
839 4508 1248 4576 Euboeam
1281 4515 1424 4587 cet„
1467 4506 1537 4571 in
1572 4504 1731 4572 solis
1766 4508 2071 4573 extremis
2101 4506 2678 4592 (insulamque)
