3230 5282
567 612 692 666 Lib.
730 613 981 667 XXVIII.
1661 603 1786 661 414

570 788 639 851 in
704 787 894 852 codd.
957 793 1059 851 est
1123 806 1266 850 nec
1330 786 1483 850 tibi
1553 786 1634 848 in
1702 806 1817 850 me
1887 807 2036 850 neu
2081 784 2299 874 ⁴mihi
2365 822 2451 832 —-
2509 786 2648 862 sit,
2719 806 2879 868 quo-

571 896 749 959 niam
804 916 952 959 nec
1007 930 1095 940 —
1151 915 1301 958 neu
1369 894 1436 958 in
1493 891 1929 976 prohibendo,
2000 895 2066 959 in
2126 894 2253 959 hac
2307 894 2676 977 praesertim
2731 894 2879 958 bre-

570 1004 775 1067 vitate
844 995 1197 1076 orationiS,
1274 1000 1617 1066 ferendum
1695 1023 1827 1066 non
1906 1003 2167 1067 videtur
2245 1024 2457 1086 neque
2535 1002 2880 1067 librarium

570 1132 727 1176 neu
783 1131 901 1194 pro
956 1131 1103 1175 nec
1159 1110 1499 1192 scripsisse
1544 1110 1681 1172 veri
1738 1109 1949 1174 simile
1996 1117 2128 1190 est,
2196 1110 2538 1194 Ussingius
2582 1131 2730 1174 neu
2798 1144 2877 1154 —

572 1240 721 1283 neu
792 1218 992 1283 scribi
1064 1218 1275 1282 iussit.
1389 1215 1422 1299 ἓ
1485 1220 1561 1280 19
1629 1217 2003 1282 necessario
2071 1239 2193 1299 pro
2262 1219 2526 1302 possit
2590 1217 2879 1282 scriben-

575 1327 728 1390 dum
786 1332 888 1391 est
941 1331 1224 1409 posset
1268 1326 1335 1388 in
1380 1323 1508 1388 hac
1554 1326 1874 1389 orationis
1920 1324 2160 1389 forma:
2221 1332 2633 1391 cresceret
2686 1326 2881 1390 mihi

574 1454 664 1498 ex
733 1454 819 1498 eo
890 1435 1067 1517 ipso
1139 1432 1485 1507 fiducia,
1555 1431 1769 1514 quod
1837 1439 2114 1516 posset
2171 1469 2281 1513 —‚
2352 1441 2661 1499 tantum
2717 1455 2878 1498 mo-

573 1542 819 1606 menti
866 1563 1082 1620 esse3
1130 1541 1302 1604 idem
1347 1539 1658 1604 mendum
1704 1560 1876 1623 saepe
1921 1542 2163 1605 notavi.
2252 1542 2463 1622 1863.)

743 1648 899 1733 Cap.
947 1654 1048 1727 44,
1097 1653 1163 1711 6:
1222 1639 1391 1712 Una
1435 1654 1520 1712 et'
1557 1648 2002 1713 traiecisse
2048 1670 2160 1714 me
2207 1649 2583 1714 audietis
2630 1655 2708 1713 et
2753 1670 2879 1713 ar-

575 1758 761 1822 dere
805 1756 1025 1821 bello
1072 1755 1428 1820 Africam
1475 1760 1554 1819 et
1596 1755 2062 1821 molientem
2107 1757 2291 1822 hinc
2333 1755 2878 1821 Hannibalem

575 1873 652 1931 et
712 1864 1082 1929 obsideri
1142 1862 1736 1942 Carthaginem.
1838 1863 2233 1929 Gravissime
2280 1863 2552 1930 offendit
2596 1864 2737 1928 haec
2780 1865 2877 1928 in-

574 1972 922 2054 aequalitas
990 1971 1501 2036 enumerationis
1568 1975 1635 2034 et
1700 1969 2131 2053 partitionisz'
2179 1979 2256 2037 et
2315 1973 2603 2037 ardere
2656 2007 2745 2016 —
2803 1977 2879 2036 et

574 2079 1041 2144 molientem
1085 2114 1172 2124 ——
1218 2083 1296 2142 et
1362 2077 1761 2142 obsideri.
1853 2079 2022 2143 Nam
2083 2079 2253 2144 alius
2321 2080 2577 2163 generis
2647 2086 2748 2143 est
2814 2080 2880 2142 in

575 2187 777 2266 XXX,
839 2191 933 2264 18,
987 2190 1060 2250 13
1109 2185 1532 2250 cadentem
1577 2185 2074 2269 auferrique,
2123 2189 2427 2270 quoniam
2478 2187 2718 2251 dicitur
2762 2207 2878 2268 per

575 2316 644 2360 se
688 2295 922 2360 video
967 2293 1413 2371 cadentem,
1471 2314 1600 2357 non
1650 2293 1891 2357 dicitur
1934 2293 2059 2358 hac
2106 2294 2584 2376 significatione
2634 2294 2876 2358 audio

574 2402 1058 2467 molientem.
1147 2399 1358 2464 Aliter
1404 2401 1604 2464 etiam
1652 2401 1822 2479 XXI,
1871 2405 1972 2478 33,
2021 2405 2058 2463 2
2105 2408 2172 2465 et
2218 2401 2575 2481 XXXVIII,
2622 2407 2728 2479 40,
2780 2406 2875 2464 10.

575 2510 908 2573 Praeterea
950 2531 1084 2574 non
1129 2514 1308 2572 recte
1353 2508 1743 2573 Hannibalis
1790 2508 2045 2573 molitio
2092 2510 2540 2592 interponitur
2575 2531 2653 2574 ex
2690 2530 2876 2590 aequo

574 2615 800 2695 rebUS,
859 2637 1026 2701 quas
1085 2615 1167 2680 ab
1226 2617 1368 2699 ipso
1429 2616 1734 2701 Scipione
1792 2618 1858 2681 in
1903 2615 2127 2681 Africa
2181 2618 2321 2699 geri
2365 2617 2646 2682 Romani
2693 2615 2878 2681 audi-

572 2726 704 2789 turi
765 2731 937 2789 sunt.
1050 2724 1364 2809 Suspicor
1419 2724 1671 2789 Livium
1732 2725 2103 2807 scripsisse:
2173 2732 2254 2789 et
2310 2725 2600 2789 ardere
2656 2723 2893 2789 bello·

571 2831 934 2897 Africam
1012 2839 1118 2911 et,
1194 2832 1589 2897 moliente
1671 2832 1857 2896 hinc
1933 2831 2433 2912 Hannibale,
2514 2831 2876 2896 obsideri

573 2938 1178 3023 Carthaginem.
1293 2940 1464 3003 Dum
1542 2939 1629 3003 ad
1706 2939 1864 3004 belli
1933 2940 1998 3004 in
2064 2938 2287 3005 Africa
2353 2941 2647 3005 ardentis
2713 2961 2879 3002 nun-

569 3049 736 3112 tium
781 3047 1114 3113 Hannibal
1176 3068 1254 3110 ex
1300 3046 1497 3111 Italia
1553 3068 1700 3111 cum
1748 3046 2001 3112 difficili
2045 3048 2377 3113 molimine
2422 3047 2636 3112 redire
2682 3067 2877 3111 cona-

569 3162 708 3235 tur,
778 3157 909 3220 iam
967 3154 1379 3220 obsidebitur
1425 3153 1776 3236 Carthago
1849 3154 2095 3235 (1876.)
2187 3155 2404 3238 [Quod
2456 3158 2616 3219 1863
2663 3161 2876 3218 tenta-

569 3284 822 3327 veram:
893 3262 1250 3327 Africam
1323 3261 1839 3326 emolientem
1897 3270 2039 3341 cet.,
2087 3284 2216 3326 non
2267 3263 2511 3327 dicitur
2558 3262 2876 3326 emoliri

567 3371 693 3434 nisi
741 3369 821 3434 de
868 3390 974 3447 eo,
1045 3367 1219 3450 quod
1273 3369 1529 3453 aliquid
1585 3391 1665 3433 ex
1724 3390 1792 3433 se
1851 3370 2086 3435 eiicere
2144 3376 2452 3448 conatur,
2523 3378 2590 3435 et
2644 3392 2724 3434 ne
2782 3371 2876 3433 sic

569 3476 827 3559 quidem
876 3476 1005 3540 nisi
1050 3475 1374 3559 perraro]

739 3581 894 3666 Cap.
952 3587 1062 3661 45,
1140 3587 1215 3646 10
1272 3590 1623 3667 postquam
1682 3583 1905 3647 Livius
1963 3582 2044 3647 de
2104 3582 2449 3646 consulum
2508 3584 2574 3645 in
2631 3604 2873 3647 annum

567 3692 689 3753 205
737 3691 1092 3773 provinciis
1141 3691 1307 3755 dixit
1351 3690 1462 3771 (—
1507 3712 1658 3756 nam
1704 3697 2058 3774 praetorum
2105 3691 2475 3773 provincias
2521 3691 2649 3754 iam
2698 3712 2750 3756 c.
2792 3695 2872 3755 38

566 3796 879 3862 indicavit
924 3797 1034 3877 ——)
1094 3804 1162 3862 et
1220 3798 1302 3862 de
1347 3800 1623 3881 imperio
1669 3798 1863 3862 alteri
1910 3819 1989 3862 ex
2035 3798 2391 3880 superioris
2436 3800 2591 3862 anni
2638 3819 2874 3864 consu—

564 3903 738 3968 libus
784 3911 1162 3987 prorogato,
1219 3906 1507 3971 breviter
1550 3905 1691 3969 haec
1738 3904 2036 3969 subiicit:
2098 3912 2175 3969 et
2222 3907 2525 3970 ceteris
2572 3911 2872 3989 praeter

568 4011 948 4076 consules
995 4019 1586 4096 praetoresque,
1647 4014 1778 4095 qui
1826 4012 2337 4077 exercitibus
2384 4014 2871 4097 provinciis—

702 4284 865 4351 sim).
953 4285 1022 4338 In
1061 4285 1340 4354 Scipionis
1390 4304 1634 4357 persona
1678 4288 1758 4341 sic
1811 4287 2051 4354 denique
2088 4289 2326 4341 vertitur
2361 4294 2704 4342 momentum
2743 4305 2866 4341 ora-

699 4370 902 4435 tionis,
950 4374 1011 4422 ut
1056 4375 1363 4438 quaeratur,
1412 4373 1560 4426 sitne
1605 4373 1661 4425 is
1698 4371 1912 4441 Scipio,
1958 4374 2112 4428 ouius
2159 4374 2378 4442 imperii
2414 4373 2624 4427 taedere
2659 4373 2868 4426 milites

701 4459 978 4524 oporteat.
1051 4453 1222 4510 Nulla
1258 4459 1346 4508 est
1380 4456 1439 4509 in
1473 4456 1580 4511 hac
1620 4458 1892 4512 orationis
1928 4458 2107 4513 forma
2142 4460 2416 4528 exceptiO.
