3230 5282
1476 627 1556 689 85
2404 643 2529 710 nib.
2566 643 2664 697 111.

362 810 663 877 ferunt.
735 811 1308 877 Weissenbornius
1352 812 1421 876 in
1471 810 1695 878 codice
1732 813 2075 898 Bamberg.
2125 821 2202 880 et
2247 822 2666 900 argentum

363 924 441 985 et
484 940 584 985 aes
628 919 827 985 scribi
872 920 1098 985 tradit.
1195 919 1467 1001 XXVII,
1527 924 1638 1002 36,
1700 925 1811 986 12:
1857 923 1935 987 in
1984 921 2301 1003 Sicilia,
2358 924 2433 989 in
2481 922 2665 989 Sar-

363 1028 598 1094 dinia
658 1033 739 1094 et
797 1027 1102 1109 Gallia3
1162 1030 1428 1096 omissio
1484 1032 1969 1115 praepositionis
2021 1032 2090 1096 in
2133 1033 2331 1098 tertio
2376 1033 2666 1099 membro

366 1138 812 1220 suspicionem
854 1136 1075 1202 habet.
1164 1136 1400 1219 XXIX,
1446 1144 1504 1219 4,
1552 1142 1620 1203 6:
1679 1139 1967 1223 viginti
2014 1141 2370 1225 quinque
2414 1141 2666 1225 longae

363 1266 647 1324 naves,
716 1267 852 1311 sex
905 1246 1174 1311 millia
1227 1245 1633 1330 peditum,
1706 1248 2169 1330 octingenti
2214 1250 2540 1332 equites
2588 1255 2668 1314 et

365 1360 677 1437 septem
744 1354 1201 1438 elephanti,
1267 1354 1368 1419 ad
1433 1354 1582 1420 hoc
1641 1376 1920 1439 magna
1973 1357 2347 1440 pecunia;
2415 1358 2667 1442 equites

363 1469 434 1527 et
479 1461 813 1546 elephanti
859 1463 1255 1528 coniunctim
1299 1462 1637 1547 peditibus
1686 1464 1956 1548 adiungi
2003 1464 2326 1530 videntur.
2399 1465 2670 1545 XXXII,

368 1573 484 1649 33,
573 1574 683 1635 16·
785 1569 1103 1636 Thebas
1180 1571 1555 1652 Phthiae,
1645 1571 2065 1653 Echinum,
2152 1573 2515 1639 Larisam
2590 1579 2668 1639 et

362 1678 867 1744 Pharsalum.
950 1676 1268 1763 Copulam
1313 1681 1382 1744 in
1428 1685 1742 1763 quattuor
1762 1661 2285 1746 Drakenborchii
2330 1681 2667 1748 codicibus

366 1792 437 1852 et
504 1787 573 1851 in
626 1786 1098 1870 Bambergensi
1156 1788 1463 1852 omissam
1518 1794 1694 1853 recte
1751 1789 2021 1854 sustulit
2079 1789 2666 1855 WeissenborniuS.

362 1893 645 1974 XXXV,
714 1899 823 1974 34,
895 1899 966 1959 4:
1071 1894 1706 1977 Demetriadem,
1799 1894 2265 1962 Chalcidem
2353 1903 2432 1963 et
2521 1897 2668 1962 La—

363 2024 455 2068 ce
479 2002 934 2069 daemonem.
1058 2002 1457 2068 Particulam
1532 2004 1600 2068 in
1679 2004 2149 2089 Bambergensi
2239 2005 2669 2090 omnibusque

361 2110 888 2177 Drakenborchii
979 2111 1314 2177 codicibus
1395 2113 1705 2177 omissam
1784 2111 2118 2179 Bekkerus
2197 2119 2263 2179 et
2339 2115 2662 2180 Weissen-
2700 2133 2804 2199 (70)

360 2220 645 2286 bornius
692 2219 1113 2285 sustulerunt.
1223 2219 1528 2300 XXXVI,
1591 2226 1698 2301 14,
1765 2226 1871 2286 11:
1937 2220 2420 2302 PharsaluS,
2482 2221 2669 2288 Sco-

366 2336 607 2392 tussa
674 2332 754 2393 et
816 2327 1112 2393 Pherae.
1225 2328 1427 2393 Recte
1491 2329 1688 2394 iidem
1757 2351 1792 2394 e
1857 2328 2358 2413 Bambergensi:
2425 2330 2670 2395 Phar-

365 2434 602 2500 salus
660 2443 741 2500 et
795 2435 1193 2502 Scotussa
1250 2442 1327 2502 et
1379 2436 1668 2502 Pherae.
1769 2436 2066 2518 XXXIX,
2114 2441 2215 2519 33,
2268 2443 2330 2502 1:
2390 2436 2464 2516 Q.
2514 2437 2669 2504 Cae-

365 2544 638 2623 cilius,
682 2544 770 2609 M.
816 2544 1141 2610 Baebius
1174 2551 1265 2610 ·et
1308 2543 1417 2609 Ti.
1456 2543 2000 2629 Sempronius.
2082 2545 2412 2612 Omissum
2456 2548 2526 2617 in
2570 2547 2671 2613 ed.

362 2651 758 2737 Moguntina
813 2659 880 2719 et
936 2655 1223 2738 quinque
1278 2652 1798 2720 Drakenborchii
1855 2654 2041 2721 codd.
2103 2660 2181 2720 et
2223 2656 2670 2722 Weissenbor-

363 2761 516 2826 nius
585 2760 851 2841 delevit,
918 2767 1146 2827 natum
1202 2782 1281 2827 ex
1338 2768 1363 2824 t
1419 2764 1737 2848 sequenti.
1849 2763 1951 2828 Ita
2005 2763 2073 2827 in
2130 2763 2375 2828 decade
2434 2770 2673 2848 quarta

363 2868 589 2934 nullus
654 2869 1055 2954 relinquitur
1119 2869 1316 2935 huius
1370 2872 1627 2953 generis
1688 2871 1907 2951 locus,
1976 2893 2170 2953 quem
2225 2895 2356 2938 non
2411 2872 2671 2938 codices

367 2978 502 3061 ipsi
548 2977 965 3058 subtrahant,
1030 2983 1271 3062 praeter
1317 2978 1610 3058 XXXIV,
1661 2982 1757 3058 54,
1803 2983 1861 3058 2,
1909 2978 2022 3044 ubi
2067 2980 2135 3043 in
2180 2981 2671 3046 enumeratione

363 3090 726 3169 praetorum
769 3085 1001 3151 ultimo
1047 3086 1195 3152 loco
1244 3085 1555 3151 scribitur
1597 3086 1669 3151 L.
1714 3086 2055 3152 Porcius
2100 3087 2428 3153 Licinus
2477 3095 2553 3153 et
2600 3086 2669 3152 C.

367 3192 846 3258 Flaminius
957 3193 1032 3258 In
1101 3196 1335 3278 quinta
1401 3192 1646 3259 decade
1717 3194 1886 3276 (cod.
1946 3194 2465 3277 Vindobonensi)
2535 3194 2672 3261 haec

369 3300 804 3367 obiiciantur:
872 3299 1075 3383 XLII,
1134 3305 1234 3382 33,
1299 3306 1351 3381 l,
1411 3301 1491 3367 de
1537 3324 1671 3387 quo
1716 3303 1859 3369 loco
1908 3303 2121 3368 dicam
2167 3304 2541 3386 separatim,
2608 3311 2675 3368 et

368 3413 472 3488 37,
517 3414 586 3473 4:
632 3409 952 3494 Epirus,
998 3410 1308 3476 AEtolia
1352 3417 1432 3476 et
1476 3410 1929 3492 Thessalia,
1976 3412 2090 3477 ubi
2136 3418 2217 3477 et
2261 3418 2671 3477 extortum

367 3523 493 3597 est,
554 3525 700 3583 tum
746 3522 847 3598 53,
906 3523 972 3583 6:
1042 3518 1470 3590 descendit
1515 3518 1610 3583 ad
1658 3519 2063 3604 (Tripolin
2108 3518 2426 3602 vocant)
2472 3521 2672 3586 Azo-

368 3647 566 3705 rum,
622 3625 1023 3710 Pythoum
1069 3632 1147 3691 et
1190 3626 1590 3692 Dolichen
1637 3628 2121 3694 incolentes,
2214 3627 2460 3693 Omitto
2506 3650 2674 3694 nunc

371 3732 575 3798 verba
638 3735 1159 3818 transpositione
1224 3734 1529 3815 turbata:
1610 3736 1759 3818 ipsa
1823 3737 2089 3801 nomina
2153 3737 2220 3801 in
2289 3736 2513 3802 codice
2581 3738 2674 3802 sic

368 3841 779 3907 scribuntur:
839 3841 1976 3927 adzovispytolumetdoscen3
2034 3851 2328 3929 apparet,
2375 3846 2444 3909 in
2488 3850 2675 3909 tanta

364 3950 777 4034 reliquorum
842 3950 1311 4034 depravatione
1378 3952 1579 4016 etiam
1653 3955 1735 4017 et
1793 3952 2240 4017 incertissimas
2297 3952 2454 4018 fidei
2510 3974 2671 4018 esse.

368 4057 580 4137 XLII,
640 4062 740 4138 65,
801 4062 911 4122 14:
981 4055 1367 4124 Consulis
1410 4059 1683 4124 latera
1725 4065 2015 4143 tegunt
2059 4060 2474 4142 EumeneS,
2535 4061 2673 4126 At-

368 4165 592 4231 talus
664 4172 742 4231 et
795 4166 1287 4251 Misagenes,
1353 4167 1690 4252 regulus
1755 4167 2302 4233 Numidarum.
2413 4168 2672 4253 Perspi-

370 4296 561 4340 cuum
607 4280 712 4340 est
755 4274 1158 4359 Misagenem
1201 4296 1242 4340 a
1277 4275 1694 4359 Pergamenis
1742 4277 2064 4361 separari:
2111 4276 2225 4342 sed
2268 4276 2419 4343 illos
2453 4276 2673 4342 Livius

370 4404 501 4447 non
547 4387 847 4453 ἀσυνδέτως
891 4384 1358 4448 nominaverat.
1460 4383 1695 4448 Utrum
1740 4383 2246 4468 Attalusque
2292 4406 2376 4449 an
2423 4390 2501 4450 et
2544 4384 2672 4449 At-

373 4490 590 4555 talus
660 4492 1031 4574 scripserit,
1096 4513 1230 4556 non
1299 4511 1536 4575 quaer0.
1661 4491 1899 4572 XLIV,
1967 4497 2081 4574 43,
2152 4498 2220 4558 6:
2302 4490 2674 4557 Euander
