3230 5282
1511 631 1632 693 155
2469 649 2594 705 Lib.
2631 650 2725 704 VI.

400 832 610 875 mum
664 817 825 877 tam
879 812 1547 896 honoratorum¹)
1606 815 2109 899 collegarum
2156 818 2555 904 obsequio
2602 822 2725 886 in-

400 920 670 1001 iungi,
739 921 1053 1004 quoniam
1116 942 1329 1005 neque
1398 923 1751 1005 quicquam
1818 923 1898 989 de
1966 926 2197 1010 populi
2266 928 2538 993 oonsilio
2600 926 2724 993 Ca-

400 1027 659 1092 millum
704 1027 1098 1095 dictatorem
1141 1029 1410 1093 creandi
1458 1030 1710 1096 dictum
1756 1038 1875 1111 est,
1934 1054 2072 1112 nec,
2133 1036 2188 1098 si
2236 1034 2482 1099 dictum
2529 1042 2723 1115 esset,

403 1143 779 1201 creasset
843 1158 963 1220 pro
1022 1143 1453 1201 creaturus
1507 1137 1769 1204 fuerit
1822 1139 1958 1205 ullo
2015 1141 2213 1207 modo
2270 1143 2427 1225 poni
2483 1145 2720 1226 potuit,

402 1264 530 1309 nec
584 1245 849 1308 omnino
896 1244 1183 1327 populus
1231 1266 1631 1328 quemquam
1674 1267 1970 1328 unquam
2017 1247 2412 1314 dictatorem
2458 1252 2721 1316 creavit.

406 1351 570 1428 Quae
616 1352 703 1416 ad
749 1351 889 1416 haec
933 1352 1336 1431 excusanda,
1399 1372 1545 1436 quae
1590 1355 1892 1417 excusari
1936 1362 2288 1436 nequeunt,
2349 1360 2724 1439 excogitata

403 1465 593 1537 sunt,
656 1459 982 1524 eiusmodi
1040 1465 1222 1539 sunt,
1282 1465 1357 1523 ut
1400 1460 1615 1524 refelli
1661 1482 1790 1525 non
1837 1461 2142 1526 debeant.
2255 1461 2467 1540 Quam
2512 1465 2714 1529 habet
2750 1482 2891 1550 (131)

400 1568 577 1632 enim
626 1566 727 1630 vel
770 1567 1103 1631 minimam
1151 1568 1464 1649 speciem,
1524 1565 1893 1647 Camillum,
1954 1590 2155 1651 quum
2200 1574 2570 1654 praesertim
2615 1593 2723 1637 ac-

401 1682 633 1740 curate
689 1674 1068 1758 dispertiat,
1127 1673 1285 1755 quid
1341 1675 1622 1757 populo,
1679 1676 1839 1758 quid
1898 1678 2189 1757 senatui,
2249 1678 2408 1761 quid
2455 1678 2721 1762 collegis

403 1783 680 1862 debeat,
747 1803 816 1847 se
884 1787 1192 1864 quartum
1250 1802 1290 1845 a
1334 1782 1585 1864 populo
1655 1781 2048 1848 dictatorem
2117 1792 2413 1851 creatum
2482 1786 2722 1868 dicere,

400 1896 480 1955 ut
526 1890 849 1972 significet
893 1889 990 1970 (at
1035 1910 1233 1972 quam
1275 1888 1576 1953 modeste
1594 1888 1635 1971 2)
1707 1912 1805 1970 se,
1877 1893 1932 1956 si
1988 1913 2119 1956 non
2175 1895 2467 1973 nomine,
2535 1901 2606 1958 at
2649 1916 2721 1960 re

401 1998 797 2064 dictatorem
868 1997 1059 2061 esse?
1148 1995 1576 2077 (Niebuhrius
1644 1996 1814 2063 Hist.
1874 1999 2061 2064 Rom.
2119 1999 2183 2064 11
2248 2024 2311 2084 p.
2371 2005 2497 2065 684
2563 2003 2721 2083 quid

400 2107 707 2185 senserit,
752 2105 1131 2187 intellegere
1177 2096 1479 2186 nequeo.)
1550 2103 1857 2170 Ceterum
1903 2107 2151 2172 nullam
2198 2110 2461 2174 omnino
2497 2108 2719 2175 Livius

399 2213 736 2297 significat
787 2214 1185 2277 mentionem
1227 2210 1471 2276 factam
1516 2212 1633 2278 illo
1679 2220 1978 2298 tempore
2026 2215 2371 2280 dictatoris
2417 2218 2718 2298 creandi3

399 2322 533 2387 hoc
588 2327 846 2400 narrat,
915 2321 1002 2385 ad
1047 2319 1422 2400 Camillum,
1491 2321 1636 2404 qui,
1703 2322 1758 2385 si
1814 2323 2111 2405 privatus
2155 2320 2391 2388 fuisset
2437 2323 2540 2405 (ut
2585 2326 2716 2390 alio

398 2429 605 2495 modo
676 2450 783 2493 res
842 2428 1107 2512 publica
1166 2449 1371 2511 opera
1415 2428 1556 2493 eius
1604 2429 1706 2492 uti
1750 2451 1884 2494 non
1930 2428 2219 2513 posset),
2288 2430 2578 2498 dictator
2624 2434 2718 2498 di-

397 2537 651 2602 cendus
695 2536 947 2615 fuisset,
1004 2535 1310 2619 collegae,
1371 2537 1685 2619 quoniam
1729 2538 1826 2601 ita
1872 2538 2213 2603 commode
2259 2540 2590 2621 acciderit,
2644 2547 2721 2606 ut

397 2648 472 2712 in
531 2668 785 2711 summo
832 2647 1226 2726 magistratu
1273 2644 1647 2727 (tribunatu
1691 2645 2001 2728 militum)
2049 2653 2241 2728 esset,
2285 2648 2461 2713 bello
2507 2650 2719 2714 immi-

394 2760 601 2820 nente
666 2775 984 2818 summam
1052 2753 1311 2818 consilii
1379 2753 1718 2819 detulisse.
1840 2754 2262 2820 Manifestum
2328 2763 2432 2822 est
2497 2758 2717 2840 igitur,

397 2864 661 2930 Livium
717 2863 1092 2945 scripsisse:
1154 2863 1290 2945 qui
1352 2883 1433 2927 se
1489 2863 1645 2926 iam
1703 2866 2082 2943 quartum
2143 2870 2515 2929 creasset
2571 2865 2717 2947 (tri-

395 2972 650 3037 bunum
696 2968 1046 3051 nimirum),
1106 2969 1601 3034 dictatorem
1647 2969 1946 3034 additum
1993 2991 2138 3035 esse
2185 2971 2269 3035 ab
2317 2973 2557 3054 aliqu0,
2605 2974 2718 3056 qui

396 3080 835 3162 magistratus
877 3098 1116 3143 nomen
1162 3077 1598 3156 desideraret,
1658 3079 1725 3141 in
1773 3099 1850 3143 eo
1901 3087 2122 3143 autem
2164 3080 2309 3163 ipso
2355 3079 2715 3145 aberraret.

395 3188 492 3253 Et
544 3195 696 3252 erat
740 3185 1051 3250 Camillus
1108 3206 1186 3250 eo
1245 3205 1418 3249 anno
1465 3191 1775 3268 quartum
1818 3185 2126 3250 tribunus
2173 3208 2254 3250 ex
2299 3186 2465 3250 Livii
2509 3188 2717 3253 ratio-

396 3294 616 3374 nibuS,
662 3296 775 3378 qui
813 3315 962 3358 eum
999 3293 1105 3373 VI,
1156 3298 1256 3372 18,
1308 3297 1339 3356 1
1381 3294 1700 3374 quintum,
1745 3293 1853 3374 VI,
1900 3297 2000 3373 22,
2049 3297 2086 3358 5
2126 3299 2387 3358 sextum
2422 3301 2720 3359 creatum

396 3404 668 3482 scribit,
734 3424 869 3467 non
924 3408 1273 3467 numerato
1335 3399 1449 3465 illo
1505 3401 1877 3481 tribunatu,
1948 3423 2145 3485 quem
2201 3422 2422 3466 errore
2479 3402 2540 3467 ei
2595 3424 2717 3486 pro

395 3531 688 3578 censura
731 3511 1090 3591 assignavit
1135 3509 1208 3589 V,
1262 3514 1315 3588 1,
1365 3514 1423 3574 2.

576 3618 732 3703 Cap.
799 3622 906 3698 11,
976 3622 1012 3682 3
1071 3617 1185 3698 (M.
1234 3617 1520 3682 Manlius
1581 3615 2027 3701 Capitolinus)
2097 3639 2305 3700 aegre
2362 3618 2718 3698 ferebat,

397 3728 662 3794 solum
706 3748 880 3791 eum
924 3722 1328 3807 (Camillum)
1374 3726 1452 3789 in
1498 3725 2151 3807 magistratibus,
2201 3726 2458 3791 solum
2504 3726 2719 3811 apud

395 3837 821 3902 exercitus
867 3854 1061 3911 esse,
1118 3838 1434 3898 tantum
1477 3834 1635 3897 iam
1681 3833 2058 3912 eminere,
2118 3838 2205 3897 ut
2250 3833 2540 3898 iisdem
2586 3855 2717 3898 au-

395 3944 699 4028 spiciis
747 3948 1070 4007 creatos
1115 3963 1274 4007 non
1319 3962 1460 4025 pro
1506 3941 1877 4024 collegiS,
1926 3940 2068 4005 sed
2112 3962 2257 4024 pro
2305 3942 2716 4008 ministris

453 4161 510 4230 ¹)
547 4159 695 4230 [Ver.
732 4179 863 4218 cum
910 4167 1072 4231 parte
1117 4179 1262 4217 rece.
1299 4160 1667 4227 honoram,
1723 4159 1874 4228 quod
1910 4158 2022 4213 Iac.
2060 4159 2359 4215 Perizonio
2405 4161 2540 4216 olim
2582 4179 2715 4230 pro·

539 4249 737 4302 batum
773 4250 956 4302 teneri
993 4248 1186 4313 debet;
1239 4246 1338 4301 cfr.
1379 4245 1478 4314 111,
1515 4248 1598 4314 58,
1637 4248 1686 4312 2,
1722 4245 1961 4312 XXVII,
2011 4248 2101 4312 10,
2149 4247 2210 4314 6,
2256 4246 2462 4300 Ascon.
2509 4265 2563 4317 p.
2619 4249 2716 4300 121

539 4333 698 4398 Eut-3
750 4333 1027 4387 MPLlHl
1085 4350 1214 4388 cum
1265 4332 1498 4400 reliquis
1553 4349 1694 4385 recc.
1746 4333 2189 4399 honoratum;
2253 4333 2439 4401 ipsum
2491 4333 2714 4387 hono-

537 4425 846 4474 ratorum
880 4419 1020 4473 nulli
1056 4418 1220 4473 codd.
1257 4418 1495 4485 habent,
1541 4434 1647 4471 nec
1693 4434 1860 4471 sensu
1896 4416 2150 4472 Romano
2199 4417 2430 4487 collegae
2467 4418 2714 4486 singula·

538 4505 679 4559 riter
709 4505 979 4559 honorati
1016 4501 1217 4572 erant]
