3230 5282
623 573 751 631 Lib.
785 555 1018 629 xpm?
1723 559 1847 622 664

628 752 1180 812 cernunt—ut
1212 743 1281 810 C.
1320 742 2146 828 Sulpicius—tres—
2174 743 2542 810 nominet
2573 742 2935 828 legatos,

628 853 763 938 qui
805 888 892 900 —-
928 852 1586 938 proficiscantur
1631 872 1724 917 ex
1768 850 1964 918 urbe
2011 857 2120 931 et,
2169 857 2559 934 quantum
2603 853 2939 920 accele-

625 983 805 1028 rare
852 968 1221 1046 possent,
1269 960 1664 1040 Cassium,
1709 960 2176 1043 ubicunque
2234 961 2372 1041 sit,
2429 982 2939 1047 persequan-

625 1077 789 1151 tur3
855 1072 1264 1151 nuntient,
1332 1090 1425 1136 ne
1470 1068 1777 1136 bellum
1843 1089 2013 1134 cum
2058 1068 2231 1133 ulla
2286 1076 2521 1153 gente
2577 1077 2932 1152 moveat,

624 1180 786 1245 nisi
832 1200 997 1245 cum
1042 1199 1194 1264 qua
1237 1185 1568 1245 senatus
1612 1214 1700 1226 -
1754 1183 2210 1244 censuerat.
2280 1176 2709 1245 Scribendum
2755 1201 2941 1264 pos·

625 1288 810 1354 sint.
921 1286 1069 1353 Non
1133 1287 1481 1354 aberratur
1543 1285 1710 1367 fere,
1779 1294 1853 1353 ut
1932 1305 2105 1370 saepe
2172 1285 2339 1367 dixi,
2398 1286 2530 1352 nisi
2604 1285 2719 1353 ubi
2799 1308 2937 1353 una

624 1395 850 1462 littera
883 1385 1118 1461 *formae
1163 1394 1442 1476 distant3
1492 1401 1715 1462 esset
1758 1416 1877 1480 pro
1926 1394 2033 1491 sit
2079 1394 2397 1479 scriptum
2439 1416 2572 1460 non
2614 1395 2939 1478 reperias.

624 1503 791 1570 Tum
837 1511 1276 1570 censuerat
1319 1505 1387 1569 in
1433 1503 1854 1570 censuerit
1897 1501 2285 1569 mutandum
2329 1523 2503 1583 esse,
2549 1502 2940 1570 Perizonius

621 1613 813 1694 vidit3
860 1618 935 1679 ut
979 1616 1151 1680 enim
1195 1613 1622 1679 indicativum
1666 1611 1971 1689 feramus,
2017 1631 2165 1677 cum
2202 1609 2469 1677 nullane
2513 1618 2704 1696 gente
2749 1617 2936 1695 post-

621 1719 747 1787 hac
813 1720 1056 1787 bellum
1123 1742 1348 1806 gerere
1415 1720 1696 1798 licebat,
1773 1720 1901 1785 nisi
1968 1740 2118 1784 cum
2187 1739 2317 1802 qua
2381 1720 2514 1785 iam
2581 1727 2736 1785 ante
2803 1719 2941 1785 hoc

622 1834 879 1912 tempus
926 1836 1195 1895 senatus
1241 1829 1596 1913 gerendum
1642 1829 2047 1894 censuisset?
2134 1827 2305 1894 Nam
2351 1829 2818 1894 censuisset
2861 1828 2943 1894 in

623 1938 920 2003 oratione
966 1937 1235 2023 obliqua
1290 1944 1440 2022 post
1485 1937 1896 2021 praeteritum
1948 1935 2154 2001 futuri
2216 1938 2433 2002 exacti
2478 1938 2686 2002 vicem
2729 1938 2942 2002 susti·

621 2050 755 2126 net,
803 2052 1244 2112 censuerat
1288 2066 1436 2111 vere
1481 2044 1802 2129 praeteriti
1848 2045 2168 2128 temporis
2216 2052 2334 2110 est.

794 2152 949 2239 Cap.
997 2158 1054 2235 2,
1106 2158 1183 2219 12
1231 2155 1296 2219 in
1350 2151 1452 2219 his
1508 2152 1753 2219 codicis
1807 2152 2079 2218 litteris:
2150 2173 2339 2219 neve
2386 2160 2717 2236 cogeret
2764 2151 2939 2234 (ma-

617 2262 936 2345 gistratus
1003 2261 1363 2344 Romanus)
1433 2262 1953 2326 uicensumas
2022 2260 2377 2327 uendere
2444 2262 2940 2346 hispanonis

621 2372 916 2454 quanti
983 2372 1155 2455 ipse
1222 2370 1540 2436 uellent
1619 2369 2108 2454 apertissimum
2190 2376 2291 2435 est
2360 2369 2579 2436 latere
2646 2371 2939 2454 primum

619 2479 1023 2562 Hispanos
1070 2479 1261 2558 nisi;
1308 2479 1535 2563 itaque
1579 2498 1712 2543 non
1756 2476 2064 2543 vellent
2118 2477 2182 2541 in
2241 2476 2499 2543 vellet
2544 2478 2936 2545 mutandum

620 2592 780 2667 erat,
825 2585 941 2654 sed
983 2587 1157 2672 ipse
1225 2587 1293 2652 in
1358 2587 1538 2672 ipsi.
1629 2585 1716 2652 Et
1782 2586 1868 2652 ad
1927 2584 2259 2670 Hispanos
2299 2588 2574 2654 'rectius
2641 2586 2939 2655 refertur

618 2716 1009 2780 pronomen3
1038 2695 1330 2780 alioquin
1357 2696 1574 2761 Livius
1597 2693 1875 2760 dixisset
1911 2695 2203 2778 quanti
2238 2694 2506 2761 vellet.
2528 2695 2779 2777 (1864.)
2831 2695 2866 2780 ἓ
2891 2701 2933 2763 6

617 2825 845 2870 vereor
888 2825 968 2869 ne
1014 2804 1374 2871 Vahlenius
1421 2804 1830 2870 aberraverit
1874 2804 2280 2886 traxeritque
2327 2803 2686 2870 Hertzium.
2754 2804 2932 2870 Nam

621 2934 934 2983 sumere
1000 2917 1636 2997 recuperatores
1704 2909 2112 2994 (iudicem)
2179 2912 2436 2977 alicui
2491 2933 2704 2996 neque
2764 2912 2932 2978 alibi

616 3023 944 3106 reperitur
986 3008 1208 3104 neque
1242 3021 1451 3099 video,
1499 3010 1701 3104 quam
1744 3021 2065 3085 rationem
2102 3020 2362 3085 dativus
2402 3020 2580 3104 apud
2614 3020 2740 3086 hoc
2784 3042 2931 3087 ver·

617 3130 776 3197 bum
819 3129 1092 3210 habeat;
1139 3128 1350 3194 ferre
1397 3128 1657 3194 alicui
1701 3127 2060 3194 iudicem
2103 3129 2420 3195 usitatum
2467 3136 2585 3194 est.
2678 3126 2935 3196 Contra

621 3259 789 3305 cum
833 3237 1112 3322 aliquo
1166 3241 1800 3322 recuperatores
1847 3257 2193 3316 sumere,
2241 3237 2552 3320 quoniam
2606 3237 2746 3303 haec
2791 3240 2928 3322 pri-

617 3347 752 3411 vati
785 3345 1011 3411 iudicii
1044 3344 1254 3410 forma
1299 3351 1417 3425 est,
1463 3345 1695 3410 eodem
1739 3344 1932 3410 modo
1980 3345 2237 3425 dicitur,
2283 3367 2414 3430 quo
2461 3366 2705 3429 agere
2752 3367 2931 3411 cum

620 3454 910 3538 aliquo.
1021 3453 1157 3519 Nec
1233 3453 1426 3537 longe
1506 3451 1875 3519 diiunctum
1963 3459 2094 3533 est,
2177 3453 2353 3538 quod
2434 3453 2682 3519 bellum
2750 3475 2923 3518 cum

619 3561 840 3644 aliquo
886 3563 1056 3627 sumi
1102 3561 1345 3647 dicitur
1388 3566 1502 3628 aut
1546 3560 1723 3646 quod
1768 3561 1988 3628 odium
2036 3563 2235 3627 alicui
2281 3582 2450 3627 cum
2496 3561 2717 3644 aliquo
2781 3582 2929 3628 esse

620 3668 941 3752 (XXVIII,
992 3674 1087 3750 18,
1126 3674 1183 3750 3,
1221 3669 1350 3735 Cic.
1399 3670 1479 3736 de
1514 3692 1693 3754 prov.
1734 3690 1909 3736 conS.
1941 3675 2038 3748 10,
2087 3670 2217 3752 24).
2288 3669 2705 3755 Significatur
2751 3672 2925 3737 enim

621 3779 899 3858 omnino,
945 3779 1092 3859 quis
1139 3799 1220 3843 ex
1270 3777 1483 3843 altera
1527 3784 1718 3863 parte
1765 3778 1868 3844 sit.
1955 3778 2202 3861 (1864.)

791 3883 948 3969 Cap.
1001 3889 1057 3964 3,
1108 3885 1332 3967 3-(ubi
1379 3886 1598 3969 agitur
1646 3886 1725 3953 de
1772 3886 2147 3954 hominibus
2194 3909 2273 3951 ex
2317 3887 2633 3953 militibus
2680 3887 2924 3952 Roma-

618 3994 719 4059 nis
775 4000 840 4059 et
885 4013 963 4059 ex
1009 3993 1394 4059 mulieribus
1445 3993 1797 4077 Hispanis,
1867 3995 2257 4078 quibuscum
2325 3995 2724 4061 connubium
2788 4016 2922 4059 non

618 4108 787 4182 erat,
835 4103 1042 4185 natis,
1112 4104 1228 4188 qui
1272 4102 1577 4181 orabant,
1647 4109 1721 4167 ut
1777 4102 1906 4168 sibi
1949 4101 2277 4188 {oppidum
2323 4103 2626 4181 daretur,
2675 4104 2741 4168 in
2789 4122 2919 4187 quo

616 4210 1051 4293 habitarent):
1122 4212 1463 4277 Senatus
1533 4210 1922 4290 decrevit,
1991 4218 2078 4276 ut
2143 4213 2466 4277 nomina
2522 4231 2663 4277 sua
2706 4209 2916 4295 apud

620 4317 691 4384 L.
742 4317 1219 4384 Canuleium
1264 4318 1659 4403 (praetorem,
1707 4319 1812 4385 cm’
1844 4319 2168 4404 Hispania
2211 4320 2549 4405 provincia
2582 4317 2916 4397 evenerat)

445 4442 590 4510 (551)
626 4424 1259 4512 profiterentur,
1344 4447 1780 4511 eorumque
1865 4430 1935 4494 si
2002 4449 2199 4513 quos
2277 4429 2916 4504 manumisisset,
