3230 5282
1504 611 1625 671 543
2237 622 2363 677 Lib.
2401 622 2707 677 XXXVIII.

404 804 540 868 ullo
589 802 783 866 modo
831 797 1078 879 sinit.¹)
1171 797 1307 860 Nec
1372 802 1550 859 recte
1611 795 1886 858 Romani
1945 794 2266 858 Gallico
2322 794 2714 858 tumultui

404 910 732 974 adsueti
780 908 1160 972 dicerentur
1204 911 1540 986 tamquam
1584 904 1699 965 uni
1747 921 1823 964 ac
1869 909 2221 984 perpetum
2267 910 2520 966 rectum
2568 909 2710 966 erat

406 1016 759 1081 Gallicis
805 1012 1321 1078 tumultibus,
1414 1010 1570 1074 Haec
1619 1009 1934 1074 orationis
1981 1009 2142 1071 vitia
2185 1008 2361 1074 tollit
2406 1009 2459 1072 B
2497 1009 2606 1090 (de
2644 1009 2707 1071 M

404 1123 711 1203 tacetur),
756 1143 888 1186 una
934 1120 1200 1184 exclusa
1233 1119 1486 1182 littera:
1536 1117 1919 1180 Romanis·
1964 1114 2267 1180 Gallici
2314 1117 2708 1181 tumultus

398 1231 746 1306 adsueti,
795 1229 1048 1293 etiam
1096 1227 1507 1290 vanitates
1555 1231 1763 1288 notae
1810 1230 2012 1287 sunt.
2082 1222 2228 1288 Non
2274 1226 2486 1287 minus
2532 1226 2706 1288 enim

398 1358 526 1402 res
574 1337 832 1400 alicui
881 1335 1226 1398 adsueta
1260 1354 1456 1417 quam
1493 1331 1802 1413 aliquis
1851 1331 1971 1393 rei
2007 1330 2406 1394 adsuetus
2448 1331 2704 1408 dicitur,

397 1450 630 1527 estque
666 1443 842 1525 apud
888 1443 1103 1524 ipsum
1147 1440 1400 1504 Livium
1450 1439 1552 1520 (V,
1603 1443 1701 1517 54,
1749 1438 1814 1519 3)
1872 1437 2219 1501 adsueta
2267 1438 2523 1503 oculis
2579 1459 2703 1502 re·

399 1553 534 1633 gio
583 1558 649 1615 et
718 1549 943 1631 (XXV,
1017 1553 1112 1626 17,
1174 1547 1238 1628 5)
1296 1547 1650 1611 motibus
1696 1564 2094 1609 armorum
2153 1550 2232 1608 et
2276 1565 2702 1627 corporum

392 1678 547 1722 suae
619 1657 913 1738 cuique
962 1656 1189 1738 genti
1235 1653 1704 1733 adsuetiS.²)

569 1763 725 1847 Cap.
803 1768 898 1841 18,
958 1767 1023 1825 3:
1095 1763 1405 1826 Ducere
1471 1761 1659 1825 inde
1743 1760 2185 1824 exercitum
2255 1760 2536 1824 consul
2604 1760 2698 1824 ad

390 1871 887 1947 Plitendum3
937 1869 1229 1933 deinde
1291 1869 1386 1933 ad
1432 1869 1815 1951 Alyattos
1863 1874 2140 1931 castra
2184 1868 2478 1949 posita.
2548 1866 2697 1931 Infi-

387 1980 630 2043 nitivus
689 1977 1067 2055 historicus,
1136 1976 1298 2040 nihil
1348 1973 1474 2039 ‘hic
1541 1976 1668 2040 loci
1724 1975 1941 2052 habet,
2006 1973 2331 2057 longeque
2391 1976 2586 2039 aliter
2640 1976 2696 2038 is

393 2090 488 2165 12,
540 2092 576 2150 6
637 2087 925 2170 ponitur.
1027 2084 1261 2167 Itaque
1308 2091 1423 2148 aut
1468 2090 1619 2166 post
1661 2081 2130 2145 Plitendum
2177 2083 2422 2146 excidit
2481 2082 2563 2147 ob
2611 2083 2695 2145 si·

384 2193 821 2257 militudinem
865 2191 1239 2260 litterarum
1285 2190 1654 2255 intendit
1713 2196 1831 2253 aut
1887 2190 2109 2272 potius
2164 2190 2229 2253 id
2290 2191 2506 2273 ipsum
2552 2211 2692 2253 ver-

383 2299 540 2363 bum
589 2322 737 2365 cum
780 2300 1039 2362 nomine
1085 2300 1309 2380 ignoto
1366 2298 1638 2374 coaluit,
1707 2317 1905 2377 quum
1959 2299 2274 2379 scriptum
2318 2298 2556 2362 fuisset
2601 2298 2694 2362 ad

382 2406 657 2471 Pliten
704 2407 1104 2488 (Plitum‘P)
1151 2405 1537 2469 intendit.
1587 2402 1903 2485 (1865.)⁸)

556 2513 712 2597 Cap.
742 2518 841 2592 21,
884 2518 961 2576 10
985 2535 1124 2595 sqq.
1155 2515 1249 2592 (in
1287 2512 1727 2594 descriptione
1754 2511 1986 2593 proelii
2024 2532 2064 2575 a
2101 2510 2215 2576 Cn.
2252 2512 2496 2579 Manlio
2534 2535 2677 2577 cum
2716 2515 2857 2582 (441)

387 2619 598 2686 Gallis
633 2623 839 2705 initi):
892 2618 1037 2685 Sed
1076 2641 1224 2685 non
1264 2627 1419 2685 tam
1460 2618 1940 2704 patentibus
1976 2619 2247 2702 plagis
2275 2619 2505 2704 (Galli)
2544 2644 2686 2686 mo—

437 2923 482 2989 ¹)
522 2923 685 2990 Quod
729 2924 863 2977 olim
910 2941 1010 2993 per
1055 2924 1237 2977 lexica
1279 2925 1706 2993 propagabatur
1748 2928 2035 2992 tamquam
2081 2924 2312 2979 Lucilii:
2363 2927 2676 2995 publica-

515 3026 664 3062 rum
722 3027 949 3063 rerum
1008 3008 1421 3074 adsuefiam,
1477 3010 1584 3061 iam
1645 3008 1936 3061 omittitur.
2025 3009 2203 3063 Recte
2250 3012 2464 3078 scripta
2509 3012 2682 3065 verba

515 3099 743 3146 exstant
779 3094 928 3162 apud
965 3092 1208 3146 Nonium
1246 3111 1299 3161 p.
1338 3096 1405 3147 38
1442 3100 1498 3146 et
1534 3095 1631 3147 351
1672 3094 1841 3146 Merc.

431 3174 555 3244 ¹)§
605 3181 637 3230 4
684 3178 1166 3231 Weissenbornius
1225 3194 1414 3231 errans
1469 3196 1573 3247 pro
1624 3178 2014 3231 ineuntium
2064 3179 2404 3246 proelium
2456 3181 2681 3249 scripsit

513 3263 1000 3316 inchoantium
1045 3263 1387 3331 proelium
1450 3268 1735 3331 tamquam
1806 3279 1873 3316 ex
1924 3263 2012 3329 M3
2067 3263 2444 3329 Carbachius,
2509 3283 2679 3332 quum

510 3346 768 3400 ederetur
815 3346 1328 3413 inchoantium,
1384 3348 1620 3401 alterum
1667 3365 1696 3401 e
1744 3348 1865 3401 cod.
1916 3349 2213 3402 enotavit..
2276 3350 2527 3417 Modius‚
2584 3353 2678 3419 qui

508 3431 760 3485 codicem
807 3434 928 3501 ipse
976 3450 1089 3487 non
1137 3433 1380 3498 viderat,
1437 3438 1713 3499 „veterem
1763 3430 1987 3485 cusum“
2025 3431 2154 3497 (hoc
2192 3440 2304 3500 est,
2354 3435 2679 3501 editionem)

504 3516 713 3570 habere
760 3518 871 3571 inc
889 3516 1514 3571 hoantium'scribit.
1597 3516 1651 3585 [ξ
1694 3519 1755 3569 13
1792 3517 1885 3568 vix
1922 3517 2151 3570 dubium
2189 3525 2276 3572 est
2312 3521 2447 3585 quin
2482 3521 2673 3573 Livius

505 3602 577 3654 in
623 3619 744 3654 sua
790 3602 1093 3670 quidque
1139 3601 1302 3656 sede
1352 3603 1667 3671 scripserit,
1724 3618 1840 3655 non
1874 3602 1982 3655 hoc
2018 3619 2132 3656 uno
2172 3604 2295 3656 loco
2335 3605 2675 3673 quidquid

504 3702 607 3753 pro
646 3686 978 3754 quidque3
1029 3688 1135 3740 nisi
1171 3686 1318 3741 forte
1354 3705 1481 3741 cum
1515 3687 1919 3753 Wesenbergio
1959 3688 2040 3741 sic
2076 3688 2248 3742 verba
2288 3689 2586 3744 scribenda
2621 3696 2677 3743 et

502 3770 958 3839 interpungenda
994 3777 1146 3825 sunt:
1206 3771 1633 3825 Generosius
1672 3777 1803 3839 est,
1862 3773 1933 3825 in
1970 3790 2089 3826 sua
2128 3772 2475 3841 quidquid
2512 3773 2673 3828 sede

498 3856 836 3923 gignitur.
914 3858 1044 3908 1865
1082 3861 1139 3908 et
1180 3854 1348 3923 1876]

417 3936 466 4006 ⁸)
506 3938 723 3993 Ibidem
789 3937 820 4007 ἓ
871 3942 902 3993 3
946 3940 1440 3994 ,Weissenbornius
1489 3938 1785 3993 mirificum
1838 3941 1977 3994 illud
2028 3941 2387 4012 Compulsi
2440 3943 2669 4011 reguli

499 4021 678 4090 (quod
715 4040 743 4076 e
779 4022 1330 4078 Drakenborchianis
1369 4024 1656 4079 codicibus
1693 4043 1835 4079 unus
1874 4026 2085 4090 tuetur)
2122 4028 2181 4081 in
2218 4027 2385 4085 Frob.
2424 4027 2485 4081 11
2522 4045 2668 4081 com·

496 4108 752 4175 paruisse
787 4114 976 4177 putat,
1023 4115 1306 4179 sumptum
1352 4110 1569 4163 scilicet
1605 4126 1675 4163 ex
1708 4109 1782 4163 M.
1867 4111 1976 4165 Sed
2012 4112 2223 4180 legitur
2257 4113 2406 4181 apud
2442 4112 2664 4178 Aldum,

497 4192 594 4256 qui
642 4192 710 4245 de
763 4192 824 4244 M
877 4194 1017 4246 nihil
1066 4195 1281 4248 sciebat
1322 4194 1432 4247 nisi
1480 4193 1774 4249 Car-bachii
1818 4195 2057 4263 indicio;
2115 4195 2454 4251 Carbachius
2499 4203 2665 4251 tacet.

496 4275 659 4342 Quod
695 4276 892 4330 Weiss.
933 4279 1226 4346 probabile
1260 4284 1454 4347 putat,
1507 4279 1687 4347 reguli
1734 4296 1939 4331 nomen
1975 4275 2011 4331 'a
2044 4280 2207 4333 Livio
2244 4283 2490 4349 positum
2528 4298 2665 4346 esse,

494 4359 553 4413 id
598 4377 728 4413 vero
779 4361 1078 4429 aliquoties
1125 4363 1373 4430 positum
1413 4368 1525 4428 est;
1579 4364 1764 4431 ipsum
1813 4364 1957 4416 enim
1996 4363 2422 4433 Eposognatum
2460 4363 2665 4435 signifi·

491 4444 607 4496 cari
643 4450 701 4497 et
731 4444 877 4497 Livii
914 4446 1163 4499 narratio
1199 4446 1499 4500 manifesto
1533 4447 1886 4501 demonstrat
1923 4454 1980 4501 et
2005 4449 2225 4517 Polybii
2258 4449 2460 4515 (XXII,
2489 4453 2571 4515 20,
2592 4452 2664 4515 2).
