3230 5282
639 623 762 678 Lib.
798 623 964 679 XLV.
1724 613 1847 673 748

637 795 955 879 adfero¹)‚
1000 796 1418 862 manifestum
1465 795 1769 863 mendum
1816 797 1884 861 in
1929 794 1962 879 ἓ
2024 803 2132 862 14:
2200 798 2362 864 Rex
2417 798 2951 865 Macedonum

636 905 975 972 Perseus
1023 927 1189 970 cum
1232 905 1520 970 liberis
1572 912 1648 971 et
1696 906 1932 972 turba
1979 906 2143 972 alia
2188 908 2720 991 captivorum,
2763 929 2949 990 spo-

637 1013 754 1078 lia
798 1013 1350 1093 Macedonum,
1398 1015 1605 1080 citra
1650 1013 1951 1082 flumen
1996 1016 2618 1098 relinquentur?
2705 1015 2948 1100 Inepte

639 1125 812 1189 enim
856 1130 1194 1206 tamquam
1232 1143 1425 1207 grave
1474 1129 1538 1187 et
1572 1144 1702 1188 non
1737 1123 2075 1190 ferendum
2112 1131 2677 1203 commemoratur,
2725 1127 2951 1191 citra

636 1229 878 1312 flumen
926 1232 1220 1315 captivos
1268 1239 1330 1297 et
1378 1231 1589 1315 spolia
1623 1232 1935 1315 relinqui3
1982 1233 2190 1316 magis
2226 1232 2314 1297 ad
2349 1233 2447 1296 rei
2477 1232 2949 1316 indignitatem

639 1339 1134 1404 monstrandam
1180 1340 1746 1406 accommodatum
1792 1351 1996 1422 esset,
2053 1343 2109 1406 si
2166 1349 2350 1406 trans
2407 1339 2651 1406 flumen
2703 1342 2949 1407 relicta

641 1454 705 1511 et
775 1449 1044 1531 propius
1114 1447 1446 1514 admoveri
1511 1450 1845 1533 prohibita
1914 1450 2307 1516 dicerentur.
2407 1448 2483 1513 In
2549 1449 2772 1515 codice
2835 1458 2950 1516 est

469 1562 612 1633 (624)
653 1557 874 1621 circa
917 1555 1312 1622 flumini&
1404 1557 1829 1624 scribendum
1874 1558 1950 1622 Ιιι
1994 1558 2159 1640 ripa
2216 1557 2619 1638 fluminis;
2691 1559 2799 1638 (in
2842 1559 2945 1623 in-

640 1666 901 1731 tercidit
970 1665 1051 1731 ob
1100 1666 1575 1748 praecedentem
1634 1666 1924 1733 litteram
1968 1667 2073 1748 n).
2164 1666 2266 1732 Ibi
2334 1667 2504 1731 enim
2566 1688 2600 1732 e
2659 1666 2940 1732 navibus

642 1775 819 1840 elata
886 1774 1099 1857 spolia
1167 1775 1671 1858 exspectabant,
1737 1784 1812 1841 ut
1877 1775 2262 1859 triumphali
2329 1784 2521 1859 porta
2582 1773 2651 1839 in
2707 1775 2945 1840 urbem

640 1882 1048 1950 veherentur.
1174 1881 1470 1965 [Rectius
1558 1881 1916 1949 Vahlenius
1994 1885 2075 1949 in
2164 1885 2385 1949 circo
2475 1881 2941 1967 Flaminio]

641 1993 949 2057 Proxima
1016 1989 1077 2074 (ἓ
1129 1992 1235 2073 15)
1305 2013 1505 2075 quum
1572 1992 1639 2056 in
1707 1992 1932 2058 codice
2002 1994 2111 2066 sic,
2163 1992 2630 2058 scriberentur:
2702 1991 2801 2056 Et
2859 2001 2944 2056 tu

644 2100 1016 2166 centurio
1084 2100 1311 2165 miles
1358 2100 1647 2182 quibus
1707 2100 1801 2165 ab
1848 2102 2026 2185 imp.
2090 2101 2341 2167 Paulo
2398 2100 2749 2166 donatus
2810 2100 2942 2166 de-

646 2210 907 2274 crevit
994 2209 1272 2292 potius
1363 2230 1593 2292 quam
1685 2208 2023 2275 Servius
2107 2209 2367 2276 Galba
2453 2207 2944 2274 fabulentur

645 2317 878 2382 audis
947 2323 1024 2381 et
1089 2315 1239 2381 hoc
1309 2316 1574 2406 dicere
1644 2338 1755 2381 me
1824 2319 2102 2400 potius
2163 2339 2401 2401 quam
2458 2316 2686 2382 illum
2731 2317 2945 2397 audi,

647 2425 962 2509 Grynaeus
1011 2446 1279 2509 prorsus
1325 2424 1673 2490 infeliciter
1728 2427 1820 2491 sic
1864 2425 2316 2510 interpolavit,
2371 2446 2411 2490 a
2469 2425 2692 2491 codice
2750 2424 2949 2509 longe

646 2534 1020 2599 discedens:
1068 2533 1170 2597 Et·
1208 2539 1309 2613 tu,
1360 2536 1755 2614 centurio,
1804 2535 2059 2613 miles,
2105 2534 2295 2617 quid
2331 2534 2423 2599 de
2470 2536 2645 2617 imp.
2692 2534 2951 2599 Paulo

647 2651 992 2709 senatus
1062 2641 1460 2722 decrevit,
1528 2646 1804 2728 potius
1873 2665 2102 2726 quam
2180 2643 2371 2727 quid
2441 2641 2601 2709 Ser.
2683 2641 2952 2708 Galba

646 2751 1108 2831 fabuletur,
1176 2752 1395 2831 audi,
1454 2760 1534 2817 et
1591 2752 1738 2817 hoc
1796 2752 2063 2818 dicere
2120 2758 2240 2818 cet.
2332 2751 2499 2816 Nam
2546 2773 2759 2835 neque
2804 2751 2953 2817 haec

647 2869 826 2927 recte
893 2864 1065 2926 inter
1133 2882 1200 2925 se
1267 2859 1669 2926 referuntur:
1741 2870 1816 2927 et
1881 2897 1967 2906 —
2032 2861 2255 2940 audi,
2323 2868 2402 2927 et
2454 2895 2539 2905 —
2596 2861 2790 2926 audi
2847 2861 2959 2943 (ut

649 2972 952 3037 omittam
996 2975 1080 3034 tu
1129 2968 1220 3033 sic
1268 2970 1585 3052 positum,
1654 2978 1727 3036 ut
1789 2971 1871 3036 ad
1930 2970 2126 3035 aliam
2186 2991 2539 3053 personam
2583 2970 2957 3035 transitura

652 3080 862 3144 oratio
909 3077 1270 3157 videatur),
1315 3098 1436 3141 nec
1494 3085 1765 3143 senatus
1828 3078 2091 3145 decreta
2158 3099 2330 3143 nunc
2385 3078 2792 3143 recitaturus
2849 3083 2960 3142 est

703 3379 746 3439 ¹)
787 3377 1019 3433 Selectis
1074 3377 1390 3432 coniunctis
1447 3375 1697 3445 Grynaei,
1755 3375 2048 3444 Gronovii,
2102 3375 2411 3446 Kreyssigii
2467 3374 2960 3429 emendationibus

785 3465 908 3518 haec
944 3463 1171 3518 videtur
1205 3463 1385 3518 forma
1421 3464 1538 3517 eius
1574 3463 1687 3537 loci
1723 3461 2041 3518 efficienda:
2097 3461 2340 3516 Omnes
2392 3461 2550 3516 illas
2606 3462 2958 3527 victimas,

787 3567 957 3618 quas
994 3549 1470 3605 traducendas
1526 3550 1594 3603 in
1650 3549 1996 3618 triumpho
2052 3549 2320 3602 locavit
2354 3547 2647 3615 (fortasset
2689 3548 2819 3601 iam
2862 3547 2959 3601 lo-

788 3634 1016 3703 cavit),
1056 3636 1238 3689 alias
1293 3637 1433 3689 alio
1471 3635 1787 3691 caedente
1822 3638 2136 3691 mactate.
2211 3633 2428 3702 Quid?
2483 3633 2648 3687 illas
2706 3633 2960 3703 epulas

789 3726 1094 3787 senatus,
1151 3738 1294 3789 quae
1331 3750 1401 3758 —
1435 3721 1504 3775 in
1541 3720 1891 3789 Capitolio
1931 3719 2255 3785 eduntur,
2314 3719 2557 3785 (utrum
2602 3720 2961 3774 hominum

787 3807 1172 3876 voluptat÷s
1210 3824 1415 3861 causa
1452 3824 1534 3861 an
1569 3805 1691 3859 deo
1710 3823 1854 3859 rum
1890 3803 2242 3872 honoris?)
2281 3801 2384 3872 [sio
2411 3804 2771 3876 Doeringius,
2806 3822 2955 3875 prae-

787 3897 952 3961 eunte
989 3889 1166 3958 Crev.]
1206 3898 1476 3948 auctore
1515 3891 1648 3947 Ser.
1686 3890 1905 3945 Galba
1943 3891 2302 3945 turbaturi
2339 3891 2555 3945 estis?
2620 3891 2826 3946 Restat
2861 3890 2963 3944 dn-

786 3978 989 4032 bitatio
1028 3977 1094 4030 in
1131 3976 1240 4031 illis
1279 3979 1460 4031 alias
1499 3978 1634 4031 alio
1673 3977 1983 4032 caedente
2022 3975 2167 4044 (cod.
2206 3977 2448 4044 dente).
2523 3976 2755 4043 (Fuitne
2793 3977 2961 4030 divi-

788 4063 1036 4119 dente?
1075 4060 1216 4117 Nam
1253 4063 1364 4133 ipsi
1399 4069 1643 4118 mactare
1680 4063 1937 4117 victimas
1975 4062 2097 4116 aliis
2134 4062 2486 4117 caedentibus
2523 4080 2638 4117 non
2682 4063 2958 4131 possunt.)

788 4148 1015 4203 Ironica
1051 4149 1144 4202 illa
1179 4149 1430 4203 hortatio
1470 4147 1810 4216 (mactate)
1848 4147 1974 4202 tolli
2010 4164 2125 4201 non
2165 4148 2372 4201 debuit.
2444 4146 2815 4202 Dedicavit
2850 4163 2957 4216 pro

787 4234 1177 4289 vindicavit
1230 4233 1334 4300 (sic
1389 4234 1535 4287 enim
1589 4233 1733 4299 cod.,
1788 4234 1884 4287 ubi
1939 4233 2207 4287 locavit
2264 4233 2427 4301 posui
2475 4251 2602 4288 cum
2649 4232 2958 4298 Gronovio)

787 4319 992 4373 frustra
1021 4318 1377 4389 Kreyssigius
1413 4318 1840 4374 commendavit.
1895 4318 1972 4374 Ut
2006 4318 2298 4388 potuerint
2330 4319 2574 4373 victimae
2605 4316 2959 4373 traducendo

785 4423 902 4460 non
940 4406 1120 4459 solum
1156 4406 1493 4471 consecrari,
1532 4405 1631 4458 sed
1667 4406 1835 4458 etiam
1872 4404 2121 4459 dedicari
2159 4404 2287 4472 dici,
2323 4404 2575 4459 nondum
2613 4421 2707 4459 eas
2749 4403 2957 4457 Paulus

789 4491 1133 4545 traduxerat.
1204 4491 1432 4560 Agitur,
1473 4497 1535 4545 ut
1570 4490 1865 4544 traducere
1902 4489 2083 4544 liceat.
