3230 5282
1385 593 1508 656 257
2290 608 2415 662 Lib.
2452 609 2601 663 XXI.

305 779 623 864 plicantur
689 786 756 844 et
818 800 992 843 nexu
1020 771 1342 862 'quodam
1408 778 1750 844 indjvulsae
1808 780 2090 845 actionis
2149 781 2603 861 continentum

300 894 498 968 λάθε,
564 908 733 971 quas
811 893 1092 971 uterque
1159 886 1377 953 adfert
1442 887 1816 972 quibusque
1884 888 1951 953 in
2006 888 2318 953 certando
2376 889 2604 967 utitur,

311 1017 427 1061 non
469 1000 935 1074 conseruntur,
995 1002 1069 1060 ut
1114 994 1381 1079 opinor,
1433 1002 1508 1059 ut
1551 1016 1754 1060 unum
1799 1016 1880 1060 ex
1922 996 2005 1061 iis
2054 994 2377 1061 efficiatur
2421 1003 2489 1062 et
2535 1003 2607 1061 ut

308 1102 698 1182 cohaereant,
791 1103 909 1168 sed
989 1102 1416 1168 conferuntur
1494 1101 2123 1185 (conferebant),
2212 1108 2378 1168 utrae
2457 1104 2605 1187 plus

310 1210 576 1277 valeant.
687 1210 827 1276 Nec
885 1210 1140 1290 obstat,
1210 1208 1389 1295 quod
1443 1210 1764 1295 praecedit
1821 1210 2385 1291 contulerunt;
2453 1232 2606 1276 nam

310 1317 437 1383 haec
487 1321 636 1403 ipsa
688 1320 876 1384 notio
933 1319 1259 1402 repetitur
1318 1325 1385 1384 et
1451 1318 1847 1403 explicatur:
1917 1338 2038 1383 nec
2095 1318 2338 1402 ignotae
2398 1326 2606 1398 erant,

305 1448 460 1510 quas
514 1424 977 1505 confer-ebant,
1037 1432 1242 1492 artes.
1353 1425 1571 1507 (1875.
1650 1426 1759 1491 Ita
1824 1426 2255 1491 iudicaverat
2288 1427 2420 1491 iam
2474 1428 2605 1492 Ru-

310 1535 595 1618 pertiuS.)
685 1533 994 1627 [Deinde]
1041 1536 1110 1599 in
1152 1533 1279 1600 hac
1325 1553 1586 1618 quoque
1634 1532 1878 1599 decade
1926 1556 1966 1598 a
2007 1533 2359 1600 verborum
2404 1534 2606 1598 inter-

308 1626 650 1726 punctione
723 1643 1132 1709 emendanda
1197 1643 1438 1708 ordiar.
1547 1642 1719 1707 Nam
1781 1646 2223 1726 praeterquam
2281 1639 2458 1725 quod
2515 1642 2606 1705 *c.

301 1755 372 1827 6,
430 1758 459 1816 1
513 1750 827 1817 orationis
873 1749 1200 1833 elegantia
1241 1749 1430 1815 valde
1475 1754 1786 1833 augetur,
1842 1750 2061 1833 posita
2104 1738 2386 1834 primum
2428 1750 2610 1814 brevi

312 1856 425 1923 hac
466 1859 830 1924 sententia:
893 1856 1080 1921 Cum
1128 1857 1611 1941 Saguntinis
1667 1856 1968 1922 bellum
2022 1857 2368 1922 nondum
2414 1866 2609 1937 erat,

303 1974 664 2032 ceterum
729 1966 882 2030 iam
946 1966 1150 2030 belli
1219 1986 1499 2046 causa,
1569 1965 1804 2030 deinde
1862 1965 2191 2041 adiunctis
2250 1966 2610 2049 separatim

307 2074 403 2152 iis,
446 2074 683 2159 quibus
729 2074 1105 2139 continetur
1146 2073 1263 2139 illa
1306 2073 1465 2139 belli
1510 2093 1726 2154 causa,
1774 2094 1826 2137 c.
1874 2076 1934 2152 8,
1981 2077 2020 2136 4
2058 2080 2126 2138 et
2160 2077 2216 2153 5,
2265 2080 2610 2158 postquam

308 2179 517 2246 Livius
569 2182 966 2266 Saguntinos
1038 2181 1125 2245 ad
1206 2182 1425 2246 omnia
1482 2180 1789 2246 obeunda
1832 2180 2264 2245 multifariam
2309 2180 2611 2246 distineri

299 2296 574 2372 coeptos
619 2290 806 2368 dixit,
853 2310 1127 2373 pergere
1174 2289 1269 2353 sic
1312 2290 1525 2354 oratio
1577 2288 1803 2353 debet:
1865 2289 2034 2354 Non
2081 2287 2613 2355 sufficiebant

307 2395 606 2482 itaque.
712 2398 876 2462 Iam
933 2396 1456 2463 feriebantur
1510 2397 1918 2462 arietibus
1966 2397 2165 2461 muri
2211 2402 2336 2461 cet.
2440 2397 2609 2462 Ita-

299 2524 447 2586 que
540 2505 623 2570 ad
711 2506 1057 2597 sequentia
1131 2509 1350 2569 tracto
1417 2505 1614 2568 nimis
1694 2503 2008 2568 dissolute
2074 2505 2345 2588 ponitur
2411 2504 2608 2570 illud:

310 2610 466 2678 Non
514 2611 1092 2692 sufficiebant,
1153 2633 1299 2697 quae
1342 2611 1872 2678 Weissenbornio
1921 2612 2313 2678 coniecturae
2360 2612 2611 2677 inutilis

305 2737 508 2787 causa
553 2718 695 2786 fuit.

472 2826 632 2912 Cap.
665 2831 762 2908 10,
800 2833 869 2892 2:
915 2828 1196 2893 Hanno
1245 2846 1448 2892 unus
1473 2863 1559 2873 -—-
1585 2825 1906 2892 causam
1937 2827 2296 2893 foederis
2330 2849 2610 2911 magno

303 2934 650 3001 silentio
717 2942 1058 3021 propter
1116 2936 1988 3000 auctoritatemsuam
2048 2957 2217 2999 cum
2271 2955 2613 2999 assensu

309 3042 811 3108 audientium
877 3045 1061 3125 egit.
1182 3043 1290 3109 Sic
1346 3043 1629 3108 codices.
1750 3042 2034 3107 Additur
2105 3042 2189 3107 ab
2247 3029 2612 3106 editoribus

304 3169 456 3215 non
499 3157 651 3216 ante
699 3171 887 3215 cum.
955 3149 1181 3215 Livius
1223 3158 1365 3215 tum
1410 3151 1551 3215 sine
1598 3150 1798 3216 dubio
1841 3151 2214 3234 scripsisset
2259 3156 2612 3214 ceterum

312 3277 453 3322 non
500 3256 628 3340 (vel
675 3259 925 3342 potius,
984 3264 1060 3322 ut
1105 3256 1477 3323 Woelfflino
1523 3259 1725 3323 etiam
1769 3259 1838 3323 in
1884 3264 2167 3323 mentem
2212 3257 2406 3337 venit,
2464 3264 2608 3321 cet.

312 3361 979 3451 haudquaquam);
1016 3366 1276 3448 magni
1313 3365 1560 3431 silentii
1595 3363 1987 3449 significatio
2024 3364 2375 3449 subinepta
2407 3372 2510 3430 est
2546 3367 2613 3430 in

315 3471 409 3551 iis,
455 3476 569 3558 qui
614 3475 720 3538 vix
768 3473 1136 3539 dissensum
1181 3473 1723 3558 comprimebant.
1793 3471 2123 3556 Scriptum
2168 3472 2386 3539 fuerat
2423 3472 2610 3540 olim:

305 3581 538 3660 «uagis
597 3581 939 3647 silentio
988 3587 1328 3666 propter
1371 3583 1968 3646 auctoritatem
2013 3601 2226 3658 quan
2278 3602 2449 3646 cum
2497 3604 2611 3646 as-

312 3706 541 3753 sensu
577 3689 1105 3754 audientium.
1153 3688 1400 3771 (1875.)
1459 3688 1710 3753 Eodem
1747 3686 1950 3772 cap.§
1986 3693 2024 3752 8
2063 3695 2129 3753 et
2165 3693 2201 3753 9
2228 3688 2321 3771 (in
2346 3689 2611 3753 Hanno-

309 3795 409 3858 nis
431 3797 727 3862 oratione
749 3798 817 3861 in
841 3803 1076 3862 senatu
1100 3797 1397 3877 Punico),
1421 3796 1534 3861 ubi
1558 3798 1653 3861 sic
1672 3796 2012 3861 scribitur:
2062 3795 2154 3861 Se
2170 3796 2213 3861 d
2236 3795 2538 3862 'Parent
2555 3821 2612 3876 0,

311 3900 386 3964 id
444 3912 574 3968 est
606 3904 883 3983 Italia,
929 3926 1083 3969 non
1129 3904 1796 3970 abstinueramus
1857 3926 1946 3969 ex
1990 3903 2338 3982 foedere,
2396 3905 2613 3970 sicut

317 4027 524 4075 nunc
569 4012 931 4096 Sagunto
990 4031 1143 4076 non
1206 4012 1735 4078 abstinemus.
1823 4013 2215 4077 Vicerunt
2257 4033 2448 4096 ergo
2497 4013 2614 4078 dii
2720 4035 2723 4037 ·

444 4286 683 4341 iecturas
719 4305 788 4344 ex
821 4288 911 4356 iis,
950 4305 1076 4358 quae
1114 4290 1173 4342 in
1210 4289 1672 4345 adnotationibus
1709 4295 2164 4346 commemoratae
2204 4296 2381 4358 erant,
2418 4308 2606 4360 sump-

445 4372 536 4425 sit.
569 4413 572 4416 >
610 4373 736 4443 Ego
782 4374 872 4427 hic
918 4391 1113 4429 omnes
1158 4375 1493 4443 repetendas
1539 4374 1789 4443 (stellula
1828 4376 2083 4444 notatas)
2118 4376 2485 4444 rationesque
2521 4393 2612 4430 ex·

445 4458 728 4525 ponendas
764 4461 980 4528 putavi,
1017 4460 1127 4514 nisi
1164 4477 1302 4528 quas
1339 4461 1410 4514 ab
1448 4460 1572 4514 aliis
1607 4465 1925 4530 praeceptas
1962 4466 2162 4530 postea
2195 4460 2470 4516 intellexi.

2088 4565 2152 4616 1⁷
