3230 5282
606 561 729 613 Lib.
765 560 992 613 XXXII.
1702 549 1824 612 482

610 732 812 814 sigius
870 731 961 795 de
1017 730 1256 796 rebus
1314 733 1388 797 in
1449 731 1723 798 Gallia
1776 753 2178 815 prospere
2236 731 2494 813 gestis
2557 730 2904 814 scripsit.¹)

607 840 694 902 Et
736 838 1097 902 modestius
1143 846 1210 903 et
1252 841 1495 904 rectius
1540 839 1685 904 fiet:
1755 839 1843 902 de
1899 839 2143 903 rebus
2201 840 2279 902 in
2323 838 2602 904 Gallia
2657 839 2908 920 gestis

609 965 835 1025 prope
903 946 1048 1010 sub
1104 945 1311 1010 idem
1367 953 1682 1030 tempus
1741 947 1817 1010 R.
1865 966 1922 1010 a.
2036 947 2185 1012 Non
2255 947 2393 1010 fere
2449 946 2661 1010 minus
2720 945 2907 1010 facile

611 1059 1096 1118 commutantur
1186 1075 1614 1137 prospere
1657 1059 1724 1119 et
1803 1075 2055 1137 prope
2147 1074 2344 1136 quam
2423 1074 2796 1136 propere·
2848 1057 2910 1116 et

440 1177 580 1243 (384)
617 1182 889 1243 prope,
957 1182 1235 1243 quorum
1289 1168 1815 1244 permutatorum
1861 1162 2159 1244 exempla
2203 1159 2784 1226 Drakenborchius
2829 1159 2908 1223 ad

609 1266 904 1346 XXXIX,
965 1271 1063 1345 31,
1124 1273 1165 1331 4
1210 1268 1502 1351 collegit3
1572 1290 1977 1352 quamquam
2024 1268 2340 1351 exemplis
2386 1270 2454 1331 in
2499 1268 2621 1332 tali
2665 1289 2737 1332 re
2784 1289 2909 1333 non

609 1374 798 1439 valde
845 1395 1011 1458 opus
1056 1373 1253 1454 est.2)

782 1480 939 1566 Cap.
987 1487 1088 1560 40,
1143 1487 1205 1545 1:
1273 1481 1381 1547 De
1427 1483 1662 1566 Argis
1709 1501 2031 1565 quoque
2078 1483 2586 1565 disceptatio
2634 1483 2910 1546 abAt·

611 1590 781 1655 talo
839 1610 1026 1672 rege
1085 1597 1205 1654 est
1247 1597 1490 1669 mota,
1560 1612 1799 1674 quum
1844 1590 2130 1657 fraude
2175 1589 2577 1654 Philoclis
2637 1590 2909 1672 prodi-

610 1704 770 1761 tam
829 1697 1100 1761 urbem
1159 1698 1232 1761 vi
1287 1697 1382 1762 ab
1442 1718 1529 1762 eo
1589 1697 1902 1780 (Nabide)
1961 1699 2229 1763 teneri
2286 1705 2702 1780 argueret,
2773 1696 2911 1762 ille

611 1805 705 1869 ab
762 1805 968 1888 ipsis
1026 1805 1375 1886 ArgiviS‚
1431 1811 1518 1870 ut
1578 1828 1659 1871 se
1719 1806 2225 1884 defenderet,
2286 1807 2653 1869 accitum.
2762 1805 2910 1868 Per-

611 1932 809 1994 quam
888 1912 1048 1976 dure
1118 1933 1197 1976 ex
1266 1920 1656 1993 argueret
1733 1914 2004 1994 auditur
2073 1915 2390 1978 diceret
2456 1910 2628 1992 (cum
2694 1912 2911 1976 defen-

612 2017 855 2098 sione);
923 2039 1125 2103 prave
1181 2041 1455 2103 prorsus
1515 2021 1705 2086 deest
1748 2022 2115 2086 subiectum
2161 2021 2496 2104 participii
2543 2021 2910 2096 accitum,

612 2148 812 2209 quum
879 2128 1247 2208 praesertim
1313 2129 1486 2193 inter
1551 2150 1621 2193 se
1689 2130 2025 2194 contraria
2090 2128 2227 2192 haec
2292 2125 2521 2192 referri
2581 2127 2910 2202 deberent,

610 2234 880 2298 urbem
948 2234 1349 2317 proditam
1417 2243 1484 2300 et
1544 2256 1625 2301 se
1691 2237 2064 2301 accitum.
2178 2235 2426 2318 Neque,
2495 2241 2570 2298 ut
2636 2237 2908 2316 Argivos

612 2340 1022 2420 defenderet,
1091 2362 1159 2406 se
1216 2344 1497 2407 accitum
1556 2343 1772 2409 dicere
1817 2342 2023 2408 Nabis
2081 2350 2345 2426 poterat
2399 2343 2740 2425 (quoniam
2786 2343 2907 2405 iam

612 2450 679 2512 in
725 2448 1159 2513 Macedonum
1202 2456 1535 2533 potestate
1583 2452 1821 2532 erant),
1869 2451 1984 2516 sed
2028 2458 2103 2515 ut
2146 2451 2475 2515 liberaret.
2582 2449 2711 2513 Sed
2759 2448 2909 2532 quid

616 2557 1015 2636 argumentis
1059 2562 1241 2636 utor,
1308 2578 1503 2639 quum
1560 2579 1715 2623 vera
1772 2560 2105 2643 scriptura
2165 2557 2463 2623 omnibus
2510 2557 2808 2639 apicibus
2853 2558 2913 2620 in

615 2664 668 2726 B
717 2670 949 2742 exstet,
994 2685 1207 2747 neque
1253 2668 1320 2730 ιιι
1365 2667 1479 2732 illo
1528 2667 1760 2746 solum,
1808 2667 1927 2732 sed
1972 2667 2038 2729 in
2085 2667 2419 2749 plerisque
2468 2664 2680 2744 (Pan,
2727 2666 2915 2729 Low.

615 2771 1452 2852 tribuS‚Harl.,Meadianis
1479 2774 1873 2855 ambobus)‘?
1907 2773 2015 2837 Sic
2039 2775 2212 2838 enim
2235 2773 2362 2839 illi:
2397 2773 2544 2836 ille
2581 2773 2673 2837 ab
2710 2773 2919 2856 ipsis

615 2880 933 2961 Argivis
979 2900 1062 2944 se
1108 2880 1588 2946 defenderet
1634 2882 2003 2960 accitum,
2047 2880 2172 2945 hoc
2218 2889 2338 2959 est,
2385 2881 2917 2963 pervagatissimo

614 2987 796 3051 verbi
842 3008 999 3067 usu,
1070 2987 1458 3053 defendendi
1516 3009 1718 3053 causa
1772 2984 2038 3053 diceret.
2150 2987 2299 3069 (Iis,
2368 3005 2512 3070 quae
2573 2989 2637 3050 in
2696 2986 2921 3051 lexicis

672 3207 717 3271 ¹)
757 3207 841 3259 W.
880 3208 940 3260 in
977 3207 1156 3261 altera
1191 3208 1438 3262 editione
1476 3210 1787 3277 comparari
1822 3209 1984 3263 iubet
2018 3208 2177 3261 locos
2213 3224 2443 3277 prorsus
2482 3206 2804 3259 dissimiles.

670 3291 718 3357 ²)
758 3291 813 3345 C.
852 3295 944 3359 32,
994 3294 1028 3345 6
1064 3292 1456 3346 abstinendum
1493 3298 1579 3346 est
1615 3294 1972 3347 coniecturis.
2066 3292 2367 3346 Gravate
2413 3307 2526 3345 non
2564 3290 2634 3343 ad
2674 3292 2915 3344 animum

753 3376 998 3443 Quinctii
1045 3378 1316 3446 pertinet,
1371 3378 1471 3431 sed
1521 3378 1592 3430 ad
1639 3379 1912 3447 speciem,
1968 3394 2133 3445 quam
2178 3395 2295 3446 prae
2346 3394 2405 3429 se
2452 3374 2681 3429 ferebat.
2777 3377 2918 3431 Con·

755 3461 922 3515 cessit
956 3460 1108 3514 enim
1142 3464 1284 3531 regi,
1319 3467 1381 3515 ut
1417 3462 1887 3530 colloquerentur,
1927 3466 2158 3532 gravate
2197 3467 2253 3516 et
2290 3462 2446 3528 quasi
2482 3460 2699 3526 nolens,
2738 3479 2928 3529 quam-

755 3562 926 3614 quam
970 3563 1166 3616 reapse
1212 3547 1559 3615 colloquium
1607 3547 1743 3602 satis
1787 3548 1896 3617 ipsi
1935 3547 2006 3600 ad
2043 3563 2136 3613 ea,
2191 3564 2315 3615 quae
2352 3546 2674 3614 cogitabat,
2733 3552 2927 3615 aptum

755 3631 1065 3685 videbatur.
1159 3630 1246 3684 Ea
1307 3631 1389 3685 vis
1455 3637 1542 3685 est
1602 3633 2008 3702 particularum
2072 3649 2204 3686 non
2260 3633 2454 3699 quin,
2517 3630 2673 3684 nullo
2732 3632 2928 3686 addito

757 3714 936 3768 altero
976 3715 1244 3770 orationis
1283 3717 1551 3772 membro.
1624 3716 1680 3786 [ξ
1722 3720 1811 3772 15:
1857 3717 2053 3771 Istuc
2093 3715 2381 3784 quidem,
2421 3717 2520 3768 ait
2557 3715 2930 3783 Romanus,

757 3816 876 3869 par
933 3800 1241 3854 omnibus
1299 3791 1686 3870 periculum
1734 3808 1836 3857 est
1877 3830 1972 3870 -,
2035 3802 2094 3854 si
2148 3800 2343 3854 nulla
2395 3800 2575 3853 fides
2632 3801 2744 3853 sit.
2842 3802 2931 3855 Sic

755 3883 837 3938 W.
876 3901 945 3938 ex
994 3885 1054 3938 B.
1145 3884 1254 3939 Sed
1305 3904 1490 3955 neque
1549 3888 1942 3942 coniunctivus
1996 3892 2182 3940 rectus
2239 3891 2326 3939 est
2369 3890 2426 3938 et
2472 3888 2597 3938 tota
2643 3888 2937 3941 sententia

757 3969 1165 4023 condicionalis
1227 3988 1417 4039 prava,
1479 3973 1792 4041 periculum
1846 3971 2096 4042 perfidiae
2152 3987 2293 4036 esse,
2349 3970 2395 4022 si
2429 3969 2584 4023 nulla
2642 3966 2788 4024 fides
2844 3973 2934 4025 sit.

758 4054 1020 4109 Gelenius
1055 4054 1293 4123 (‚‚lege“)
1332 4063 1409 4111 ut
1443 4057 1639 4112 nulla
1673 4057 1709 4111 f.
1749 4076 1808 4123 s.‚
1848 4058 2009 4111 codd.
2050 4055 2263 4124 aliquot
2298 4070 2439 4107 recc.
2476 4058 2554 4107 ut
2595 4053 2676 4105 in
2722 4057 2936 4110 nullo.

759 4138 937 4193 Credo
991 4156 1153 4208 paene
1204 4139 1399 4195 fuisse:
1462 4158 1543 4195 ne
1603 4143 1797 4196 nulla
1862 4141 2040 4194 fides
2096 4142 2212 4206 sit,
2281 4139 2596 4206 omissoque
2667 4157 2750 4194 ne
2808 4148 2937 4197 ante

756 4223 950 4278 nulla
987 4224 1056 4277 ab
1094 4224 1216 4279 aliis
1253 4232 1343 4292 ut,
1381 4227 1452 4280 ab
1490 4225 1613 4280 aliis
1653 4227 1711 4279 si
1750 4225 2030 4280 adiectum
2068 4242 2206 4279 esse.
2260 4223 2392 4292 Cap.
2430 4224 2513 4289 39,
2550 4224 2581 4274 2
2619 4227 2938 4293 repetenda

759 4309 1075 4363 necessario
1131 4310 1463 4380 praepositio
1521 4318 1654 4366 ante
1703 4311 2014 4364 Attalum
2071 4309 2173 4375 (ad
2228 4306 2590 4373 Attalum),
2664 4313 2933 4376 quoniam

760 4394 1189 4463 distinguuntur
1223 4395 1480 4450 homines
1519 4396 1753 4450 diversis
1789 4395 1929 4449 locis
1968 4400 2215 4465 agentes.
2293 4390 2461 4459 1863]
