3230 5282
1552 600 1634 661 6'7
2514 616 2640 670 Lib.
2679 616 2746 670 11.

424 792 590 848 tam
647 783 1139 867 pudicitiam
1192 784 1317 849 vel
1375 786 1447 849 vi
1506 785 1807 850 victrix
1851 785 2134 865 libido,
2188 785 2311 851 hoc
2357 793 2476 866 est,
2523 787 2748 866 libido,

426 913 577 975 quae
620 893 723 957 vel
769 893 917 958 sola
958 892 1049 972 vi,
1117 913 1198 956 ne
1255 892 1551 958 adhibito
1613 893 1881 977 quidem
1937 893 2054 958 illo
2112 901 2363 959 terrore
2424 901 2492 959 et
2550 895 2749 961 dede-

427 1001 604 1066 coris
647 1001 863 1080 minis,
907 1000 1215 1065 vincebat
1261 1001 1690 1085 superiorque
1738 1001 1977 1083 erat.¹)

604 1106 763 1193 Cap.
814 1113 914 1188 59,
965 1115 995 1172 1
1048 1107 1143 1189 (in
1187 1109 1487 1175 oratione
1523 1108 1773 1191 Bruti):
1822 1129 1980 1190 VOS,
2029 1110 2159 1189 dii,
2205 1117 2465 1176 testes
2511 1109 2746 1191 faci0,

427 1238 547 1283 me
604 1217 674 1281 L.
721 1216 1256 1299 Tarquinium
1314 1216 1774 1300 Superbum
1826 1252 1913 1261 —
1970 1217 2220 1297 ferr0,
2287 1220 2485 1300 igni,
2555 1242 2749 1302 qua-

430 1344 743 1408 cunque
806 1324 1096 1390 dehinc
1154 1324 1223 1387 vi
1279 1345 1634 1408 possum,
1705 1332 2300 1390 exsecuturum.
2412 1327 2750 1411 Temporis

431 1440 501 1497 et
556 1432 805 1498 ordinis
865 1432 1277 1512 adverbium,
1348 1452 1476 1514 quo
1536 1431 1778 1496 alibine
1836 1454 2115 1516 usquam
2157 1433 2379 1499 Livius
2437 1456 2599 1500 usus
2646 1436 2750 1516 sit,

430 1562 565 1605 non
610 1541 906 1619 memini,
977 1541 1032 1605 si
1078 1540 1438 1623 posuisset,
1507 1539 1862 1605 adiecisset
1918 1541 2248 1623 primariae
2297 1542 2639 1607 sententiae
2684 1547 2750 1607 et

429 1646 640 1713 futuri
697 1649 1015 1732 temporis
1072 1648 1271 1714 verbo
1331 1646 1654 1728 (dehinc
1712 1648 2350 1731 exsecuturum);
2418 1671 2548 1734 quo
2603 1649 2749 1715 loco

428 1776 607 1821 nunc
651 1757 952 1839 ponitur,
1019 1777 1221 1820 unum
1267 1755 1336 1820 id
1383 1761 1536 1840 apte
1582 1755 1738 1840 poni
1784 1761 2075 1838 poterat,
2144 1778 2304 1840 qu0‚
2372 1756 2750 1839 singulatim

433 1863 836 1947 quibusdam
892 1863 1274 1944 nominatiS,
1342 1869 1676 1947 postremo
1746 1863 1966 1928 omnia
2021 1884 2142 1929 nos
2200 1864 2750 1951 comprehendere

428 1970 917 2056 significamus:
989 1992 1473 2054 quacunque
1531 1971 1862 2047 deniqne
1920 1972 1992 2035 vi
2049 1992 2387 2055 possum.
2501 1971 2577 2035 Id
2635 1972 2749 2037 ad-

427 2078 729 2145 verbium
777 2085 845 2144 et
889 2078 1054 2144 alibi
1100 2079 1529 2162 depravatum
1581 2084 1685 2143 est
1730 2085 1797 2143 et
1842 2078 1948 2142 hic
1992 2078 2324 2157 facillime,
2373 2079 2548 2161 quod
2595 2079 2741 2144 duae
2778 2089 2884 2158 (55)

429 2193 783 2271 postremae
839 2186 1081 2251 litterae
1127 2186 1193 2268 (u
1211 2187 1273 2269 e)
1330 2192 1605 2271 propter
1664 2185 2158 2251 similitudinem
2216 2188 2527 2271 proximae
2573 2189 2750 2252 vocis

432 2294 507 2375 (u
525 2295 579 2377 i)
622 2295 1100 2360 interciderant
1145 2294 1439 2378 (deniq,
1485 2294 1635 2359 inde
1685 2294 2024 2376 dehinc).

1420 2559 1603 2640 Lib.
1671 2558 1771 2639 Π.

606 2691 763 2777 Cap.
816 2697 871 2771 1,
924 2697 1020 2756 11.
1101 2691 1225 2756 Hic
1269 2692 1455 2758 locus
1501 2691 1566 2755 in
1617 2692 1938 2771 omnibuS,
1985 2714 2263 2774 quorum
2309 2693 2515 2756 ullum
2561 2694 2749 2757 mini-

426 2822 610 2867 mum
655 2807 760 2865 est
803 2805 1232 2880 momentum,
1303 2798 1643 2864 codicibus
1701 2806 1877 2864 recte
1935 2802 2029 2865 sic
2076 2800 2419 2865 scribitur:
2488 2800 2749 2865 tradi-

427 2917 763 2991 tumque
810 2907 996 2972 inde
1043 2905 1333 2987 fertur,
1382 2912 1466 2971 ut
1509 2908 1589 2971 in
1637 2913 2006 2972 senatum
2053 2915 2566 2986 vocarentur,
2615 2909 2749 2990 qui

427 3022 721 3101 patres
781 3015 1086 3100 quique
1148 3016 1608 3098 conscripti
1670 3023 1972 3094 essent3
2005 3017 2585 3099 conscriptOS,
2645 3017 2748 3079 vi-

431 3124 755 3188 delicet
810 3144 1097 3188 novum
1154 3129 1553 3200 senatum,
1628 3123 2167 3206 appellabant
2231 3122 2512 3187 lectos.
2624 3123 2748 3187 Po-

429 3239 679 3297 strema
742 3230 946 3295 verba
1010 3231 1289 3308 rectius,
1359 3251 1555 3311 quam
1612 3232 1679 3294 in
1740 3230 2139 3296 editionibus
2185 3231 2288 3309 fit,
2354 3231 2749 3313 interpunxi,

429 3346 755 3405 commate
815 3344 967 3404 ante
1022 3337 1418 3402 videlicet
1473 3339 1710 3420 posito,
1826 3337 2163 3420 Significat
2208 3338 2454 3417 LiviuS,
2523 3339 2636 3422 qui
2679 3339 2748 3402 in

430 3447 547 3513 illo
594 3451 869 3512 senatus
914 3446 1191 3511 vocandi
1239 3447 1529 3510 carmine
1577 3447 2034 3528 conscripti
2082 3447 2512 3530 appellentur,
2559 3446 2749 3510 initio

431 3555 635 3621 fuisse
693 3553 846 3619 illos
893 3555 1104 3637 ipsos,
1172 3574 1338 3635 quos
1404 3553 1530 3617 hoc
1589 3554 1806 3637 capite
1863 3555 2158 3618 narravit
2214 3577 2254 3618 a
2308 3554 2536 3636 primis
2595 3575 2747 3618 con-

433 3663 692 3728 sulibus
738 3663 978 3741 lectos3
1041 3663 1108 3726 id
1164 3682 1402 3726 nomen
1448 3684 1566 3746 pro
1613 3670 1877 3746 patrum
1922 3663 2211 3740 nomine,
2270 3662 2446 3743 quod
2492 3668 2746 3727 veteres

431 3777 771 3836 senatores
826 3777 1145 3851 tanquam
1189 3770 1532 3835 honestius
1579 3769 1983 3851 aliquamdiu
2027 3771 2363 3853 proprium
2410 3771 2748 3848 servarint,

432 3879 527 3943 sic
589 3879 972 3962 impositum
1040 3877 1230 3956 dicit,
1297 3882 1618 3960 tanquam
1684 3898 1889 3942 novus
1957 3877 2226 3958 quidam
2304 3878 2411 3942 hic
2477 3885 2746 3943 senatus

430 3993 610 4052 esset
648 3984 1089 4067 (videlicet,
1138 3984 1266 4050 hoc
1303 3991 1423 4062 est,
1461 3984 1703 4049 credo
1742 3988 1975 4066 quasi
2011 4003 2292 4049 novum
2327 3985 2745 4068 senatum).

428 4093 573 4159 Hac
618 4091 953 4160 sententia
995 4112 1125 4156 non
1172 4091 1535 4171 intellecta,
1594 4092 1883 4172 editores
1939 4093 2091 4158 inde
2148 4116 2188 4158 a
2235 4092 2502 4176 Sigonio
2549 4093 2746 4177 pleri-

485 4364 535 4431 ¹)
570 4362 761 4433 [Multi
798 4362 981 4417 multa
1016 4363 1085 4416 de
1119 4363 1229 4418 hoc
1265 4362 1392 4418 loco
1428 4381 1625 4433 nuper,
1662 4363 2074 4433 improbabilia,
2114 4381 2237 4432 quae
2277 4364 2408 4432 vidi,
2446 4360 2672 4430 omnia]

2218 4467 2282 4521 5*
