3230 5282
556 625 679 678 Lib.
716 625 968 678 XXXIX.
1653 615 1776 674 560

559 796 720 859 nihil
769 818 933 879 opus
981 804 1142 874 erat,
1193 818 1392 878 quum
1442 797 1663 860 Livius
1712 798 2044 861 Romanos
2090 805 2284 862 nocte
2333 801 2569 864 castris
2616 802 2860 866 relictis

557 903 864 967 celeriter
908 904 1129 968 abisse
1175 905 1560 967 narraverit.
1631 903 1705 965 In
1751 903 1817 967 M
1866 910 2044 968 erat:
2092 907 2401 986 quietis
2447 906 2567 972 his
2617 912 2859 973 stati-

557 1012 675 1074 vis
722 1017 1208 1074 manserunt.
1300 1010 1431 1074 Aut
1478 1011 1739 1092 quieti
1787 1012 2123 1076 stativis
2172 1013 2587 1078 scribendum
2651 1016 2751 1097 (ut
2797 1019 2860 1081 in

557 1118 708 1182 Lov.
759 1123 794 1180 2
843 1118 1180 1199 scribitur)
1227 1124 1345 1181 aut
1383 1118 1649 1199 quieti
1684 1119 1789 1181 iis
1828 1120 2186 1197 stativis,
2236 1122 2411 1202 quod
2446 1123 2860 1188 Drakenbor-

558 1223 702 1288 chio
751 1225 903 1302 (nisi
952 1225 1126 1308 quod
1185 1226 1311 1290 his
1359 1224 1649 1307 scripsit)
1710 1226 1776 1288 in
1844 1233 2124 1291 mentem
2183 1237 2471 1292 venerat.
2562 1230 2860 1296 Victores

556 1353 686 1395 non
735 1334 1060 1415 persecuti
1107 1339 1260 1396 sunt
1301 1333 1625 1414 fugientes
1672 1334 2019 1411 Romanos,
2068 1334 2183 1398 sed
2219 1336 2425 1415 quieti
2461 1348 2856 1404 manserunt.

731 1437 886 1522 Cap.
939 1444 1036 1518 34,
1086 1445 1121 1504 3
1182 1440 1552 1524 (Philippus
1610 1442 1821 1504 iratus
1880 1441 2241 1506 Onomasto
2289 1444 2744 1524 mandaverat,
2792 1453 2863 1510 ut

556 1548 921 1612 Maronitas
958 1548 1286 1630 principes
1322 1549 1532 1630 partis
1580 1548 1868 1611 adversae
1905 1547 2336 1628 interficeret3
2373 1552 2428 1614 is
2465 1572 2581 1633 per
2621 1552 2859 1617 Casan-

558 1654 747 1719 drum
793 1655 1121 1738 quendam
1171 1655 1412 1718 caedem
1458 1655 1638 1718 velut
1695 1656 1761 1717 in
1809 1655 1981 1719 bello
2041 1662 2235 1737 capta
2278 1657 2439 1721 urbe
2487 1657 2703 1738 fecit):
2776 1661 2858 1725 Id

556 1763 768 1845 apud
827 1763 1152 1845 legatos
1201 1764 1596 1827 Romanos
1667 1769 2105 1844 querentes
2173 1770 2332 1827 tam
2402 1767 2876 1832 crudeliter

556 1871 952 1935 adversus
997 1871 1373 1934 innoxios
1420 1870 1898 1947 MaronitaS,
1959 1878 2120 1933 tam
2168 1873 2524 1953 superbe
2569 1874 2858 1938 adver-

555 2000 689 2042 sus
757 1977 1638 2060 populum·Romanum
1714 1976 2054 2055 factum,
2135 1985 2221 2040 ut
2284 2013 2385 2055 —,
2455 1979 2860 2046 abnuebat

556 2085 996 2167 quidquam
1034 2105 1302 2148 eorum
1337 2086 1432 2148 ad
1471 2105 1659 2148 se—
1693 2085 2128 2166 pertinere.
2176 2085 2381 2148 Mirus
2418 2092 2483 2149 et
2525 2087 2858 2153 inauditus

553 2193 662 2257 hic
698 2200 798 2257 est
831 2193 1178 2256 verborum
1214 2191 1396 2269 ordo,
1445 2192 1509 2255 in
1546 2192 1807 2254 initium
1842 2198 1993 2255 ante
2029 2193 2556 2274 praepositionem
2596 2194 2858 2276 (apud)

552 2300 933 2365 adiunctam
979 2300 1331 2382 participio
1382 2298 1881 2380 (querentes)
1928 2300 2174 2362 reiecto
2231 2301 2613 2381 pronomine
2672 2303 2749 2365 id
2796 2310 2859 2367 et

554 2409 637 2472 ab
683 2409 781 2484 iis,
832 2407 1221 2486 quibuscum
1270 2405 1553 2470 cohaeret
1611 2404 1800 2483 (tam
1846 2405 2307 2470 crudeliter
2372 2442 2457 2451 —
2510 2407 2855 2489 factum),

551 2518 880 2595 separate.
977 2513 1347 2577 Admodum
1393 2514 1709 2595 suspicor,
1777 2513 1853 2576 id
1912 2533 1991 2576 ex
2048 2516 2356 2578 extremis
2401 2514 2635 2579 litteris
2682 2517 2857 2581 verbi

554 2619 777 2699 fecit,
828 2620 1006 2704 quod
1051 2620 1380 2704 praecedit,
1429 2627 1646 2685 ortum
1693 2641 1851 2698 esse,
1903 2620 2155 2684 Livium
2189 2627 2450 2686 tantum
2485 2625 2860 2707 scripsisse:

554 2728 778 2811 Apud
823 2728 1147 2812 legatos
1194 2730 1601 2793 Romanos
1649 2734 2122 2811 querenteS,
2191 2736 2349 2792 tam
2409 2731 2865 2795 crudeliter

552 2872 637 2882 —
681 2835 1020 2914 factum,
1066 2843 1153 2900 ut
1197 2871 1282 2881 —
1326 2837 1987 2913 trucidarentur,
2036 2836 2449 2900 abnuebat
2496 2838 2690 2918 cet.¹)

725 2942 882 3025 Cap.
934 2947 1029 3013 38,
1082 2948 1151 3005 11
1205 2944 1313 3023 (de
1362 2944 1820 3026 supplemento
1880 2942 2160 3006 militum
2227 2945 2293 3006 in
2350 2943 2705 3026 Hispanias
2753 2945 2860 3008 de·

554 3052 796 3133 creto):
846 3073 1078 3134 quum
1126 3072 1261 3115 eas
1308 3051 1679 3132 legiones
1726 3055 2133 3133 quattuor
2179 3049 2860 3133 descripsissem,

553 3158 760 3240 quod
806 3160 989 3241 plus
1037 3178 1265 3239 quam
1303 3159 1550 3240 quina
1583 3156 1845 3221 millia
1881 3155 2257 3239 peditum,
2295 3159 2609 3220 treceni
2649 3160 2861 3239 equi-

602 3443 652 3509 ¹)
690 3444 822 3513 Cap.
847 3447 929 3511 35,
958 3446 990 3497 6
1012 3462 1130 3512 sqq.
1153 3444 1230 3511 (in
1253 3445 1505 3498 oratione
1523 3442 1785 3511 Lycortas
1822 3444 1879 3496 in
1905 3442 2146 3496 concilio
2165 3443 2502 3497 Achaeorum
2527 3443 2769 3503 habita):
2792 3471 2860 3480 —

690 3530 759 3581 in
797 3530 987 3582 bello
1027 3529 1238 3582 sociis
1278 3528 1603 3582 Romanis
1643 3528 1925 3583 Achaeos
1962 3544 2145 3592 usos;
2192 3545 2370 3581 nunc
2409 3527 2687 3581 eosdem
2724 3528 2853 3581 Ro·

687 3630 922 3666 manos
979 3614 1331 3680 aequiores
1378 3613 1943 3666 Lacedaemoniis
1993 3630 2187 3679 quam
2219 3614 2494 3666 'Achaeis
2531 3629 2708 3678 esse,
2746 3612 2861 3667 ubi

687 3699 902 3749 Areus
941 3698 1153 3750 etiam
1201 3703 1270 3752 et
1304 3697 1735 3763 Alcibiades,
1787 3698 1980 3750 ambo
2021 3698 2301 3751 exsules
2340 3714 2458 3750 suo
2496 3697 2857 3751 beneficio

687 3783 1041 3847 restituti,
1093 3783 1524 3851 legationem
1577 3782 1850 3835 Romam
1896 3781 2237 3834 adversus
2292 3787 2565 3850 gentem
2622 3782 2854 3835 Achae·

690 3869 997 3921 orumita
1020 3868 1097 3921 de
1133 3868 1311 3936 ipsis
1349 3866 1674 3920 meritam
1707 3867 2212 3934 suscepissent,
2245 3867 2560 3935 adeoque
2591 3866 2861 3921 infesta

689 3953 1010 4006 oratione
1047 3952 1148 4005 usi
1187 3957 1437 4019 essent,
1475 3957 1549 4004 ut
1585 3951 1767 4019 pulsi
1801 3952 2046 4019 patria,
2071 3969 2206 4006 non
2236 3952 2566 4005 restituti
2595 3951 2669 4005 in
2707 3967 2859 4005 eam

685 4037 1115 4091 viderentur.
1189 4036 1437 4091 offendit
1475 4036 1776 4089 durissima
1822 4036 1943 4089 hoec
1989 4037 2313 4090 coniunctio
2369 4052 2471 4103 per
2522 4036 2859 4103 particulam

689 4122 1006 4175 relativam:
1046 4123 1166 4175 ubi
1201 4124 1423 4176 Areus
1462 4126 1586 4187 cet,
1625 4138 1728 4175 nec
1765 4120 2147 4175 Romanorum
2185 4121 2242 4173 in
2279 4119 2743 4174 Lacedaemonios
2788 4119 2861 4171 fa-

687 4222 789 4258 vor
836 4210 987 4260 recte
1037 4205 1456 4260 demonstratur
1503 4222 1570 4258 ex
1621 4222 1713 4271 e0,
1751 4205 1904 4273 quod
1959 4205 2179 4259 exsules
2214 4203 2632 4258 Lacedaemonii
2668 4205 2859 4258 Romae

688 4289 929 4344 Achoeos
966 4292 1367 4345 accusaverint.
1428 4290 1654 4355 Vereor,
1693 4307 1763 4344 ne
1800 4289 2011 4357 aliquid
2047 4289 2333 4354 exciderit,
2372 4295 2433 4341 ut
2468 4291 2706 4355 c.49,1.
2745 4288 2860 4341 Iam

687 4373 861 4427 Aldus
914 4374 1100 4429 locum
1155 4376 1427 4429 asterisco
1473 4375 1707 4428 notavit.
1757 4373 1955 4442 (1865.)
2028 4373 2159 4442 Cap
2196 4376 2280 4439 36,
2318 4376 2352 4425 4
2401 4390 2468 4425 ex
2521 4390 2641 4428 nec
2695 4374 2861 4440 ulla,

687 4459 841 4526 quod
876 4459 934 4512 M
970 4459 1157 4525 habet,
1195 4459 1513 4514 faciendum
1548 4476 1630 4512 ne
1669 4458 1827 4524 ulla3
1866 4463 1997 4512 cett.
2037 4457 2199 4510 codd.
2239 4474 2319 4511 ne
2355 4458 2414 4510 in
2451 4457 2613 4512 ulla.
2655 4455 2860 4523 (1865.)
