3230 5282
1446 585 1567 645 '753
2321 599 2442 654 Lib.
2481 598 2647 654 XLV.

357 768 612 858 done-c
675 769 773 836 ad
821 769 1167 834 classem
1229 769 1435 835 dono
1483 770 1749 837 datam
1808 772 1878 836 ei
1935 793 2068 836 rex
2115 773 2650 856 pervenisset.

356 876 903 944 L..Cornelius
953 876 1227 962 Scipio
1272 898 1367 943 ne
1414 878 1509 944 ab
1556 899 1644 943 eo
1690 879 2178 945 abscederet
2225 886 2653 964 sumptum-

358 1007 508 1068 que
554 987 714 1070 ipsi
761 994 839 1053 et
884 986 1323 1052 comitibus
1368 987 1810 1071 praeberet,
1859 987 2115 1054 donec
2158 1009 2430 1053 navem
2475 1010 2653 1055 con-

359 1095 858 1162 scendisset.
929 1094 1084 1172 Quae
1132 1096 1221 1160 sit
1266 1095 1496 1160 classis
1540 1097 1671 1161 ista
1714 1096 1887 1163 dono
1922 1098 2061 1181 regi
2107 1097 2281 1177 data,
2329 1098 2414 1162 ad
2458 1119 2655 1180 quam

358 1224 474 1269 rex
518 1205 746 1288 viginti
791 1204 1064 1269 navibus
1110 1202 1322 1285 longis
1369 1204 1634 1286 pervehi
1670 1203 1926 1283 debeat,
1975 1206 2234 1269 omnino
2281 1228 2411 1271 non
2456 1207 2650 1272 intel-

357 1311 615 1395 legitur,
661 1332 782 1378 nec
816 1312 1173 1396 quidquam
1208 1311 1528 1377 eiusmodi
1572 1312 1793 1378 Livius
1839 1313 2247 1396 significavit.
2317 1313 2645 1380 Praeterea
2681 1321 2822 1390 (628)

361 1419 466 1501 (ac
510 1421 700 1485 velim
739 1422 948 1485 minus
995 1421 1337 1485 exercitati
1373 1420 1456 1484 ad
1491 1421 1717 1485 tenuia
1751 1419 1908 1500 haec,
1954 1422 2068 1486 sed
2106 1423 2472 1488 certissima
2505 1424 2654 1488 falsi

358 1530 623 1612 verique
667 1529 908 1593 indicia
952 1527 1321 1610 attendant)
1369 1529 1785 1594 vitiosissime
1830 1528 2102 1594 dicitur:
2150 1531 2439 1613 quibus
2485 1538 2653 1597 ute-

361 1645 623 1716 retur,
671 1637 925 1702 donec
984 1658 1122 1701 rex
1180 1639 1735 1720 pervenisset,
1802 1639 2059 1703 nomine
2114 1640 2284 1722 regis
2328 1640 2395 1703 in
2440 1641 2654 1724 prima

357 1747 687 1812 sententia
731 1747 973 1811 omisso
1021 1753 1085 1810 et
1128 1747 1194 1810 in
1239 1747 1669 1829 posteriorem
1723 1745 1876 1810 inde
1935 1746 2328 1830 pendentem
2383 1749 2647 1814 reiecto.

360 1854 537 1920 Nihil
580 1854 991 1938 relinquetur
1036 1852 1445 1931 offensioniS‚
1501 1855 1554 1918 si
1614 1855 1825 1919 oratio
1871 1855 1963 1919 sic
2010 1854 2324 1920 distincta
2368 1857 2522 1921 erit:
2567 1892 2653 1902 —-

361 1964 662 2046 quibus
707 1967 1104 2028 uteretur.
1194 1961 1462 2025 Donec
1529 1961 1622 2026 ad
1690 1962 2039 2027 classem
2110 1963 2321 2029 dono
2383 1964 2651 2030 datam

363 2073 437 2136 ei
483 2072 688 2155 (ipsas
735 2072 881 2137 illas
925 2071 1151 2154 viginti
1197 2069 1422 2150 naves)
1466 2091 1606 2135 rex
1653 2071 2194 2154 pervenisset,
2240 2073 2308 2136 L.
2358 2072 2648 2138 Corne—

359 2181 520 2246 lius
558 2180 836 2264 Scipio
871 2201 964 2243 ne
1009 2178 1103 2244 ab
1150 2199 1237 2243 eo
1273 2178 1760 2246 abscederet
1793 2187 1916 2245 cet.
1985 2179 2201 2264 Scipio
2238 2202 2354 2264 per
2387 2181 2650 2247 Italiam

361 2289 782 2354 Brundisium
849 2308 1071 2368 regem
1129 2288 1428 2352 comitari
1487 2286 1799 2367 debebat,
1866 2288 1977 2353 ubi
2036 2309 2150 2353 rex
2216 2311 2412 2355 naves
2478 2290 2648 2356 dono

362 2397 552 2462 datas
600 2417 1076 2462 conscensurus
1121 2402 1282 2460 erat.
1371 2393 1578 2460 Paulo
1626 2403 1780 2479 post
1823 2394 1857 2479 ξ
1907 2402 1982 2461 19
2030 2398 2471 2463 scribendum:
2536 2401 2649 2483 pi-

360 2507 683 2584 leatum,
731 2505 999 2589 capite
1034 2525 1237 2583 raso,
1285 2504 1594 2569 obviam
1634 2507 1753 2569 ire
1798 2504 2100 2589 legatis
2136 2506 2302 2589 (cod.
2343 2507 2648 2573 obviam

361 2613 700 2699 legatis)
780 2612 1108 2679 solitum
1185 2613 1738 2696 libertumque
1817 2607 1898 2679 se
1966 2615 2246 2698 populi
2286 2616 2648 2682 ‘Romani

355 2721 609 2804 ferre;
652 2722 833 2788 ideo
890 2723 1252 2806 insignia
1298 2721 1468 2803 (cod.
1516 2721 1774 2787 ferret
1829 2722 2043 2801 ide0‚
2103 2723 2247 2787 edd.
2292 2722 2511 2791 ferre
2570 2732 2647 2790 et

328 2830 564 2913 ideo)
601 2832 773 2897 eius
811 2831 1120 2896 ordinis
1152 2852 1460 2914 gerere.
1540 2830 1753 2913 Ipsius
1786 2830 2035 2896 Prusiae
2082 2831 2149 2894 in
2194 2831 2297 2897 his
2343 2834 2645 2899 extremis
2708 2878 2720 2890 ·

356 2940 761 3021 significatur
784 2942 998 3006 oratio
1023 2938 1313 3021 (ferre).
1361 2938 1670 3020 (Ferret
1704 2961 1824 3022 pro
1860 2937 2095 3018 ferre,
2142 2945 2216 3004 ut
2250 2938 2282 3022 ἓ
2322 2944 2392 3004 11
2432 2941 2644 3024 igno-

353 3056 623 3114 sceret
665 3085 750 3095 —
795 3048 1157 3127 deberet,
1204 3045 1237 3130 ἓ
1300 3052 1374 3110 13
1422 3048 1874 3130 acciperet,
1931 3046 1964 3129 ἓ
2015 3053 2091 3112 15
2137 3048 2641 3132 immolaret.)

524 3157 605 3240 [E
641 3158 1019 3241 praefatione
1041 3156 1205 3220 Livii
1240 3176 1278 3221 a
1303 3176 1405 3220 me
1440 3163 1508 3221 et
1530 3155 1839 3237 Ussingio
1874 3155 2033 3221 editi
2056 3156 2198 3222 Vol.
2223 3156 2309 3220 IV
2348 3166 2512 3240 part.
2548 3158 2639 3221 II:

519 3266 596 3330 In
639 3266 1002 3349 fragmento
1048 3264 1199 3329 libri
1245 3261 1391 3328 XCI
1426 3264 1627 3347 paulo
1661 3271 1813 3347 post
1845 3265 2122 3345 initium,
2168 3265 2282 3330 ubi
2316 3266 2383 3330 in
2416 3266 2639 3331 codice

273 3422 280 3425 ,
349 3382 478 3440 est:
549 3374 822 3439 eadem
883 3375 1179 3450 virtue,
1237 3393 1404 3454 quae
1460 3372 1937 3454 inritante¹)
1993 3381 2637 3458 oppugnaverat,

347 3484 738 3548 victorem
782 3480 1401 3566 placabiliorem
1436 3481 1655 3559 fecit,
1702 3502 1834 3545 una
1866 3481 2089 3547 littera
2125 3482 2422 3546 detracta
2459 3481 2639 3564 (qua

346 3614 464 3675 pro
511 3613 609 3676 qu
624 3603 703 3673 ee)
750 3591 1143 3656 sententiam
1196 3590 1630 3669 restituimus,
1685 3596 1761 3653 ut
1816 3590 2142 3655 Sertorius
2201 3590 2457 3654 dicatur
2510 3590 2634 3654 vir·

344 3706 485 3766 tute
532 3700 1095 3765 Contrebiensium
1140 3700 1441 3764 irritante
1485 3698 1715 3763 urbem
1760 3719 2186 3782 oppugnasse,
2234 3697 2461 3763 eadem
2506 3700 2633 3764 vic-

342 3815 448 3874 tor
491 3808 882 3899 placabilior
928 3807 1139 3871 sactus
1188 3828 1347 3872 esse.
1440 3805 1633 3883 Quod
1677 3806 1789 3871 alii
1834 3807 2128 3872 fecerant
2171 3807 2630 3886 irritanteS,

341 3916 826 4002 perversissime
893 3916 1098 3980 virtus
1166 3914 1439 3980 Sertorii
1506 3915 1747 3980 dicitur
1812 3937 2224 4000 oppugnasse
2288 3917 2628 4003 irritantes

341 4026 695 4109 eademque
733 4024 947 4108 ipsum
981 4022 1373 4106 placabilem
1416 4023 1667 4090 fecisse.
1735 4024 1939 4090 Paulo
1985 4024 2176 4102 infra,
2222 4025 2334 4089 ubi
2380 4023 2624 4088 editur:

339 4132 643 4220 referre
691 4139 966 4197 vetera
1010 4152 1226 4197 arma
1269 4131 1575 4197 milites
1620 4134 1868 4198 iussit
1902 4169 1987 4177 —
2021 4153 2385 4214 novaque
2432 4134 2624 4197 viris

393 4380 438 4446 1)
481 4378 790 4451 [Kruegero
836 4383 980 4432 teste
1031 4383 1222 4449 potest
1257 4383 1312 4431 et
1348 4378 1689 4432 inritante
1735 4377 1903 4431 fuisse
1949 4382 2004 4430 et
2049 4377 2485 4443 inritantem,
2523 4375 2622 4429 sed

473 4471 536 4518 ut
571 4465 678 4518 hoc
715 4465 1063 4534 probabilius
1102 4463 1212 4531 sit.]
2094 4534 2162 4585 48
