3230 5282
1466 612 1544 672 19

344 805 734 862 nostrorum
779 796 1077 861 codicum
1123 796 1472 861 ostendere
1518 796 1810 877 videtur,
1869 775 2114 863 iam'in
2160 800 2386 865 codice
2432 822 2659 866 eorum

345 905 707 990 archetypo
755 926 834 970 ex
880 904 1252 987 antiquiore
1298 904 1676 969 huiusmodi
1711 905 2136 972 adnotatione
2172 915 2389 973 ortum
2428 909 2657 976 fuisse:

345 1015 712 1098 quietam
770 1023 850 1079 et
897 1019 1421 1079 exoneratam
1468 1014 1841 1080 deducta.
1945 1013 2223 1097 (Contra
2271 1016 2339 1080 in
2385 1016 2526 1097 VII,
2583 1022 2658 1083 16

2329 1127 2661 1211 accepit

351 1236 379 1293 1
434 1232 503 1295 in
549 1231 906 1315 archetypo
958 1229 1123 1295 nihil
1167 1230 1373 1296 fuisse
1420 1231 1544 1295 nisi
1588 1232 1837 1297 scivit
1873 1234 2203 1317 accepit
2238 1241 2357 1299 aut
2389 1235 2658 1314 scivit,

347 1339 645 1405 ostendit
711 1339 853 1404 cod.
912 1338 1280 1418 Mediceus;
1349 1339 1415 1402 in
1474 1341 1708 1405 ceteris
1769 1346 1873 1405 est
1929 1342 2473 1425 accepitque.)
2584 1342 2662 1407 In

347 1448 684 1533 plerisque
762 1454 984 1512 autem
1050 1447 1427 1512 huiusmodi
1493 1446 1789 1513 locorum
1855 1450 1921 1513 in
1992 1450 2216 1515 codice
2283 1457 2661 1516 nostrorum

348 1554 708 1640 archetypo
786 1576 993 1640 supra
1069 1556 1419 1640 scriptum,
1496 1578 1626 1622 non
1692 1557 1761 1622 in
1825 1559 1971 1641 ipso
2040 1558 2268 1624 ordine
2335 1561 2661 1644 perscrip-

345 1674 492 1729 tum
564 1650 1228 1747 interpretamentum
1293 1663 1528 1744 fuisse,
1611 1665 1928 1746 ostendit,
2007 1667 2210 1749 quod,
2292 1668 2479 1732 cuius
2557 1669 2653 1732 rei
2690 1676 2796 1746 (18)

346 1776 481 1839 iam
537 1773 838 1857 exempla
894 1773 1084 1855 posui
1145 1770 1268 1852 (11,
1329 1777 1439 1851 56,
1499 1776 1568 1852 2,
1631 1773 1720 1853 X,
1782 1778 1893 1854 37,
1959 1774 2093 1855 15),
2152 1776 2220 1839 in
2278 1774 2428 1840 aliis
2486 1776 2662 1840 codi-

348 1882 540 1948 cibus
587 1888 742 1946 ante
788 1879 1059 1945 verbum
1105 1880 1447 1944 Livianum
1494 1881 1794 1964 ponitur,
1851 1883 1919 1946 in
1965 1883 2114 1947 aliis
2160 1889 2312 1966 post
2354 1882 2443 1962 id,
2504 1884 2662 1948 scri·

345 1990 615 2069 barum,
697 1990 812 2071 qui
893 1988 1323 2072 archetypum
1391 1996 1891 2072 expresserunt,
1974 1990 2270 2056 arbitrio.
2399 1990 2661 2075 (Itaque

344 2098 521 2163 male
590 2097 898 2162 Hertzius
967 2096 1052 2160 ad
1120 2095 1250 2175 ΙΙΙ,
1322 2101 1433 2175 35,
1506 2101 1542 2160 7
1611 2102 1839 2180 putat,
1911 2098 2087 2179 quod
2154 2099 2221 2162 in
2288 2099 2662 2163 huiusmodi

340 2207 512 2271 locis
592 2205 820 2270 ordine
902 2205 1088 2288 prius
1173 2204 1259 2268 sit
1336 2205 1638 2284 verbum,
1719 2205 1918 2270 etiam
1998 2206 2247 2287 origine
2330 2208 2663 2289 antiquius

344 2314 542 2395 esse.)
657 2311 859 2392 Quid,
941 2310 1120 2396 quod
1198 2311 1530 2376 interdum
1609 2335 1732 2378 vox
1801 2335 2003 2397 supra
2071 2316 2317 2397 scripta
2382 2315 2466 2381 ab
2534 2337 2673 2381 uno

344 2431 417 2487 et
461 2421 675 2487 altero
725 2419 1002 2485 librario
1049 2427 1309 2484 tantum
1357 2419 1763 2501 singularum
1807 2421 2184 2487 litterarum
2231 2424 2485 2488 curioso
2521 2424 2663 2487 voci

342 2531 639 2596 Livianae
701 2528 970 2593 divulsae
1024 2527 1241 2593 media
1293 2529 1548 2593 inserta
1606 2535 1739 2608 est,
1807 2536 1884 2593 ut
1939 2530 2065 2610 ΙΙΙ,
2134 2535 2249 2609 40,
2321 2534 2358 2594 7
2402 2532 2468 2594 in
2513 2530 2659 2596 Par.

2020 2640 2448 2705 convenire

346 2748 596 2832 (prima
652 2746 908 2826 manu):
990 2767 1076 2810 co
1139 2747 1538 2811 comivere
1599 2747 1747 2825 ire,
1814 2745 1940 2812 hoc
1986 2754 2087 2812 est
2142 2749 2391 2827 coire,
2462 2754 2528 2812 et
2584 2748 2661 2828 X,

344 2861 463 2934 43,
529 2860 604 2918 12
664 2856 729 2918 in
777 2854 1038 2919 eodem:
1108 2861 1185 2919 te
1232 2876 1480 2938 prope
1527 2875 1765 2934 mere,
1842 2863 1960 2919 aut
2006 2856 2067 2920 ei
2110 2856 2339 2920 mediae
2385 2856 2662 2920 circum-

345 2965 532 3043 data,
580 2972 654 3028 ut
700 2962 777 3043 Χ,
826 2966 925 3041 29,
977 2968 1012 3026 7
1061 2965 1128 3027 in
1174 2963 1365 3041 Med„
1412 2962 1590 3027 Leid.
1648 2968 1708 3025 l:
1751 2974 1865 3028 've
1910 2965 2293 3045 rarisque
2340 2962 2659 3045 rutis.¹)

346 3071 615 3155 [Semel,
675 3070 852 3153 quod
898 3071 1164 3153 quidem
1210 3071 1806 3152 animadverterim,
1853 3070 1968 3150 VI,
2032 3076 2138 3152 13,
2197 3076 2234 3134 3
2280 3073 2347 3135 in
2393 3071 2551 3136 solis
2594 3071 2662 3135 M

345 3189 422 3245 et
478 3181 537 3244 R
593 3181 688 3244 sic
746 3179 1135 3244 adnotatur:
1206 3179 1605 3244 credebat
1663 3178 1865 3244 alibi
1922 3177 2356 3261 cernebat]
2446 3181 2662 3261 Atque

344 3291 492 3354 haec
549 3287 795 3371 duplex
854 3288 1208 3370 scriptura,
1266 3287 1390 3350 hoc
1451 3294 1581 3364 est,
1645 3295 1720 3351 ut
1776 3288 1940 3367 dixi,
1999 3289 2067 3351 in
2125 3288 2455 3370 plerisque
2501 3287 2662 3352 locis

344 3397 925 3481 interpretamenti
1001 3416 1203 3479 supra
1268 3417 1526 3459 versum
1595 3395 1990 3480 adscriptiO,
2057 3394 2264 3460 multo
2336 3395 2537 3460 latius
2592 3395 2661 3458 in

348 3505 581 3571 codice
641 3504 999 3587 archetypo
1044 3503 1290 3586 patuit,
1349 3524 1546 3584 quam
1604 3503 1798 3585 vulgo
1859 3503 2152 3568 creditur
2210 3511 2327 3567 aut
2379 3502 2662 3567 fortasse
2747 3521 2753 3528 ·

347 3614 597 3696 aliquis
642 3633 815 3677 nunc
862 3632 1124 3695 quoque
1170 3617 1380 3694 putet.
1481 3611 1650 3675 Nam
1697 3611 1951 3692 aliquot
1994 3610 2155 3676 locis
2201 3611 2299 3675 ita
2342 3611 2410 3675 in
2457 3611 2663 3675 omni-

348 3724 476 3788 bus
558 3713 896 3785 codicibus
975 3719 1301 3802 primariis
1381 3727 1445 3784 et
1514 3719 1813 3784 codicum
1878 3718 2143 3783 familiis
2211 3718 2356 3802 ipsa
2424 3716 2662 3802 duplex

352 3832 691 3914 scriptura
736 3833 1040 3911 superest
1083 3833 1202 3891 aut
1241 3827 1382 3891 eius
1417 3827 1710 3911 vestigia,
1757 3835 1831 3891 ut
1863 3848 2054 3893 nemo
2093 3826 2398 3891 dubitare
2438 3827 2663 3910 possit,

349 3939 517 4021 quin
571 3939 638 4002 in
696 3936 921 4000 codice
968 3935 1325 4019 archetypo
1373 3935 1605 4015 fuerit,
1672 3936 1738 3999 in
1796 3935 2018 3999 multis
2076 3934 2224 3999 aliis
2281 3941 2538 3999 tantum
2594 3935 2662 3999 in

417 4161 464 4220 ')
500 4158 723 4211 Livium
773 4156 1091 4222 scripsisse:
1147 4154 1395 4223 quibus
1451 4154 1808 4223 plerisque
1867 4154 1935 4208 in
1980 4158 2178 4209 scuta
2223 4153 2550 4222 rarisque
2595 4153 2663 4207 in

498 4260 795 4313 corpora
839 4242 991 4309 ipsa
1036 4239 1200 4294 fixis
1247 4244 1463 4295 certum
1509 4245 1594 4294 est
1636 4240 1725 4292 vel
1773 4240 1845 4293 ob
1893 4239 2254 4308 plerisque
2291 4243 2350 4292 et
2383 4239 2467 4306 id,
2512 4238 2664 4306 quod

502 4330 776 4398 sequitur:
822 4342 1064 4395 magna
1108 4343 1269 4395 pars
1314 4325 1621 4394 integris
1657 4324 2103 4394 corporibus;
2147 4323 2291 4378 nihil
2327 4328 2502 4394 agunt
2535 4323 2588 4376 h.
2624 4323 2660 4374 l.

501 4421 741 4468 veruta
784 4412 917 4483 pilis
967 4410 1338 4480 superaddita.
1434 4409 1718 4465 Cor-rectio
1770 4427 1948 4479 prava
1990 4410 2111 4464 haec
2162 4414 2275 4477 est,
2333 4425 2448 4463 non
2495 4408 2665 4462 inter·

502 4506 927 4569 pretamentum.

2139 4597 2202 4650 2*
