3230 5282
663 631 788 686 Lib.
826 631 922 685 ΠΙ.
1769 617 1851 680 82

666 805 992 870 cationem
1033 792 1256 869 habet.
1348 801 1778 869 Scribendum
1823 803 2146 884 omissa,
2177 825 2254 868 ex
2298 824 2428 888 quo
2469 800 2748 890 'propter
2790 824 2927 891 prae-²

666 912 1003 978 cedentem
1047 912 1337 977 litteram
1383 931 1413 973 r
1455 915 1685 977 natum
1730 917 1832 977 est
1875 912 2241 977 remissa.
2338 911 2547 995 1861.)

833 1017 1025 1103 *Cap
1086 1023 1194 1101 65,
1262 1024 1299 1084 5
1369 1041 1569 1104 quum
1626 1021 1693 1084 in
1750 1017 2086 1084 codicibus
2140 1015 2270 1085 fide
2327 1016 2539 1104 dignis
2596 1018 2927 1089 scribatur?
2973 1106 2978 1111 ·

663 1127 966 1208 deinde,
1012 1133 1097 1192 ut
1144 1127 1618 1193 obtinentes
1663 1127 1922 1192 locum
1955 1129 2174 1193 vires
2206 1126 2601 1210 ferebant,
2650 1128 2931 1206 audent

662 1235 886 1300 ultro
945 1235 1251 1301 inferre
1309 1235 1670 1319 gradum,
1739 1229 1814 1300 et'
1851 1257 2048 1319 quum
2091 1235 2400 1317 Romani,
2469 1239 2580 1321 qui
2624 1238 2693 1301 in
2735 1237 2926 1304 locum

662 1345 960 1427 iniquum
1020 1344 1375 1409 subeuntes
1431 1343 1581 1409 telis
1638 1342 1927 1409 hostium
1987 1342 2266 1427 desuper
2310 1343 2498 1410 iactis
2541 1345 2796 1410 turbati
2832 1368 2932 1431 pe·

664 1452 808 1516 dem
842 1451 1088 1517 referre
1127 1456 1498 1535 coeperant,
1539 1450 1774 1516 deinde
1810 1457 2047 1532 autem,
2084 1451 2393 1541 hortante
2425 1453 2711 1533 consule,
2749 1454 2934 1520 obsti·

660 1561 835 1625 natis
872 1560 1104 1624 animis
1137 1560 1537 1640 restiterant,
1572 1560 1909 1643 aptissime
1936 1559 2237 1624 dicantur
2268 1559 2528 1625 locum
2564 1561 2934 1643 obtinere,

663 1674 942 1752 apparet
977 1667 1054 1732 de
1089 1668 1336 1733 viribus
1374 1667 1609 1750 stando
1649 1667 1730 1731 ad
1767 1688 2007 1732 novum
2043 1673 2350 1733 conatum
2386 1670 2595 1753 captis
2632 1670 2738 1753 agi
2772 1691 2938 1737 men-1

663 1776 1026 1865 dosumque
1094 1797 1236 1841 esse
1302 1775 1714 1853 ferebant,
1795 1776 2104 1858 quoniam
2171 1772 2386 1860 neque
2451 1777 2670 1842 vires
2736 1776 2941 1843 ferre

661 1882 924 1963 dicitur,
1004 1884 1106 1948 cui
1177 1888 1605 1963 renovantur,
1685 1880 1896 1964 neque
1960 1883 2130 1947 vires
2201 1904 2593 1968 quemquam
2666 1882 2936 1951 stantem

526 2004 629 2071 (67)
665 1991 954 2055 ferunt.
1079 1990 1503 2056 perlustratis
1582 1996 1797 2056 autem
1880 1986 2182 2055 omnibus
2258 1992 2366 2055 vix
2430 1991 2784 2075 quidquam
2843 2016 2938 2058 re*

660 2100 903 2182 periaS,
970 2077 1148 2180 quod
1206 2097 1335 2162 dici
1380 2092 1702 2181 potuerit,
1768 2098 1898 2162 nisi
1941 2097 2468 2179 reficiebant,
2535 2101 2721 2165 cuius
2766 2097 2939 2166 verbi

660 2207 873 2288 prima
942 2203 1196 2289 syllaba
1261 2211 1414 2288 post
1479 2206 1692 2271 vires
1758 2204 1952 2270 facile
2010 2205 2306 2270 excidere
2363 2212 2642 2290 poterat.
2754 2208 2940 2291 (Ante

659 2313 1128 2378 refecerant
1183 2314 1614 2392 conieceram,
1676 2313 1742 2378 in
1803 2312 1979 2397 quod
2021 2312 2211 2378 video
2260 2314 2458 2378 etiam
2502 2315 2944 2383 Weissenbor-

659 2421 837 2485 nium
883 2419 1206 2485 incidisse.
1276 2420 1735 2505 Imperfectum
1778 2442 1917 2485 rem
1964 2422 2203 2486 sensim
2246 2421 2490 2487 factam
2537 2424 2938 2508 sig-nificat.)

1612 2613 1794 2695 Lib.
1858 2612 1998 2695 III.

828 2743 982 2829 Cap.
1037 2753 1088 2827 1,
1151 2751 1206 2810 5.
1306 2746 1453 2812 Non
1509 2746 1725 2811 minus
1785 2768 1826 2811 a
1873 2746 2037 2811 Livii
2094 2768 2216 2812 usu
2274 2769 2468 2830 quam
2526 2768 2566 2811 a
2610 2744 2950 2814 Ciceronis

658 2852 765 2935 (de
824 2876 954 2938 quo
1015 2852 1150 2918 dixi
1210 2853 1446 2938 Opusc.
1494 2854 1694 2919 Acad.
1743 2855 1773 2918 I
1831 2847 1890 2939 p.
1943 2858 2275 2919 333—338
2335 2860 2402 2920 et
2459 2855 2543 2920 ad
2600 2855 2806 2922 libros
2865 2854 2954 2922 de.

653 2949 792 3027 Fin.
842 2985 903 3045 p.
954 2960 1104 3044 562)
1161 2961 1515 3028 abhorrere
1560 2962 1819 3027 videtur
1862 2961 2000 3026 haec
2043 2964 2240 3028 trium
2285 2962 2701 3047 (pluriumve)
2745 2985 2956 3029 mem-

653 3070 923 3136 brorum
967 3091 1100 3135 una
1145 3072 1311 3135 serie
1357 3076 1423 3135 et
1470 3091 1657 3153 aequo
1705 3070 1912 3153 gradu
1960 3071 2455 3136 coniunctorum
2501 3072 2950 3137 enumeratio:

651 3179 1004 3259 Antium,
1072 3180 1641 3263 propinquam,
1710 3172 2247 3260 opportunam
2315 3186 2390 3243 et
2454 3173 2957 3245 maritimam

652 3287 957 3366 urbem,
1026 3287 1420 3370 interposita
1486 3287 1657 3350 inter
1725 3285 1869 3351 sola
1934 3291 2228 3351 extrema
2283 3287 2610 3371 particula
2668 3292 2746 3352 et
2804 3285 2952 3367 (ac,

652 3395 941 3477 atque).
1053 3395 1218 3458 Nam
1287 3400 1353 3459 et
1418 3394 1731 3477 perpauci
1800 3392 1975 3476 apud
2032 3415 2178 3458 eum
2236 3401 2386 3459 sunt
2438 3394 2632 3459 huius
2688 3395 2960 3478 generis

648 3502 796 3581 loci,
843 3503 899 3566 si
944 3523 1091 3567 cum
1133 3501 1662 3583 frequentissima
1704 3501 1810 3565 ita·
1846 3500 2099 3566 dicendi
2148 3504 2640 3586 opportunitate
2686 3508 2752 3567 et
2795 3500 2961 3566 cum

642 3609 798 3674 *aliis
877 3611 1009 3674 tria
1085 3610 1354 3694 plurave
1431 3609 1727 3674 membra
1803 3609 2236 3692 coniungendi
2313 3609 2526 3675 modis
2594 3609 2970 3693 (asyndeto

651 3717 1052 3801 particulave
1123 3720 1359 3801 saepius
1427 3718 1677 3800 posita,
1756 3718 2037 3782 maxime
2117 3715 2378 3801 quidem
2446 3716 2624 3801 apud
2687 3717 2966 3782 Livium

652 3846 802 3908 que
846 3861 932 3869 —
977 3825 1082 3905 et)
1131 3832 1626 3909 comparantur,
1684 3831 1750 3889 et
1804 3825 1873 3889 hi
1919 3825 2043 3908 ipsi
2089 3846 2391 3908 magnam
2435 3830 2691 3909 partem
2732 3844 2973 3909 nuper

651 3954 684 3996 e
732 3932 1067 3998 codicibus
1116 3931 1471 4012 emendati,
1539 3934 1741 3997 ceteri
1797 3932 1933 3996 fere
1992 3932 2076 3997 ob
2133 3932 2300 3997 alias
2356 3953 2588 3998 causas
2613 3935 2749 3999 'aut
2790 3953 2976 4016 per·—

652 4042 876 4124 spicue
922 4039 1309 4106 emendandi
1356 4049 1472 4106 aut
1518 4039 1720 4105 dubii.
1824 4039 2135 4105 Indicabo
2186 4062 2436 4120 omnes,
2497 4061 2679 4124 quOS,
2737 4061 2976 4124 quum

648 4170 779 4214 non
825 4148 1241 4233 indiligenter
1286 4148 1720 4227 attenderem,
1788 4155 2027 4232 praeter
2073 4169 2239 4229 eum,
2306 4169 2497 4232 quem
2544 4149 2978 4233 praescripsi‚

650 4256 975 4322 adnotavi.
1043 4256 1158 4335 III,
1212 4261 1307 4335 17,
1357 4260 1422 4320 3:
1470 4256 1847 4346 Iuppiter
1894 4257 2243 4339 optimus
2288 4258 2691 4336 maximuS,
2738 4256 2980 4322 Iuno

649 4365 938 4446 regina
1015 4370 1092 4429 et
1156 4365 1545 4442 Minerva,
1628 4364 1777 4428 alii
1853 4363 1964 4427 dii
2031 4364 2356 4445 deaeque
2435 4363 2979 4430 obsidentur.

648 4471 794 4535 Etsi
849 4472 1047 4555 paulo
1105 4471 1274 4537 alius
1331 4473 1586 4555 generis
1643 4471 1749 4535 hic
1804 4472 1987 4537 locus
2033 4478 2162 4551 est,
2232 4472 2406 4555 quod
2453 4493 2583 4539 non
2631 4471 2996 4538 subsistit.

651 4580 1054 4645 enumeratio
1120 4579 1189 4644 in
1255 4579 1573 4660 Minerva,
1639 4586 1857 4644 tamen
1923 4580 2029 4644 vix
2099 4579 2386 4645 dubitari
2454 4584 2705 4664 potest,
2771 4579 2994 4663 quin
