3230 5282
1475 623 1595 684 345
2330 636 2453 691 Lib.
2492 636 2690 691 XXIV.

380 808 610 889 XXVI,
648 812 707 887 6,
751 806 1143 891 lelephanti
1187 805 1896 888 transgredientes
1944 808 2021 871 in
2066 808 2244 891 ipso
2293 808 2504 874 vallo
2541 828 2693 872 con-

379 915 532 982 fecti
560 916 887 994 dicuntur,
924 916 1103 998 quod
1140 922 1361 980 tamen
1396 915 1604 997 magis
1630 914 1710 979 de
1734 935 2157 998 perrumpere
2182 915 2544 981 nitentibus
2568 915 2696 980 dici

379 1025 615 1107 potuit.
717 1023 846 1088 Sed
892 1044 970 1088 ex
1018 1023 1320 1093 codicum
1367 1022 1657 1105 vestigiis
1703 1021 1873 1087 effici
1917 1022 2193 1103 videtur,
2253 1023 2429 1106 quod
2475 1025 2693 1107 aptius

382 1133 495 1196 sit:
524 1168 529 1171 v
563 1151 974 1214 superque
1019 1130 1324 1210 fossas,
1384 1130 1509 1195 hoc
1553 1135 1675 1209 est,
1734 1151 1932 1214 super
1976 1133 2304 1213 margines
2348 1130 2691 1196 fossarum.

381 1238 520 1320 (Ad
575 1238 877 1303 vallum
932 1259 1021 1303 ac
1065 1238 1338 1304 fossas
1406 1237 1607 1316 XXV,
1662 1241 1756 1316 14,
1808 1237 1889 1319 1.)
2013 1238 2264 1304 Eodem
2310 1240 2526 1322 capite
2573 1237 2605 1322 ξ
2655 1244 2691 1303 6

381 1348 641 1426 iniuria,
699 1347 948 1430 opinor,
998 1340 1565 1411 Weissenbornius
1611 1345 1695 1410 de
1740 1345 1988 1410 Dukeri
2035 1353 2101 1411 et
2147 1346 2433 1411 Creverii
2478 1367 2694 1412 emen-

381 1454 665 1519 dationis
722 1454 807 1518 ad
854 1454 1132 1534 vestigia
1177 1454 1421 1518 codicis
1465 1453 1515 1517 P
1563 1452 1935 1518 accedentis
1981 1461 2049 1519 et
2093 1455 2176 1519 ab
2224 1456 2367 1538 ipso
2413 1462 2694 1538 receptae

381 1564 658 1628 veritat-e
717 1562 1069 1641 dubitavit3
1139 1562 1585 1645 Hispanorum
1644 1568 1907 1643 gentem
1963 1562 2316 1644 significari
2371 1569 2551 1626 recte
2596 1561 2693 1625 iu-

378 1670 586 1751 dicat3
636 1691 717 1735 ea
760 1669 901 1734 sola
946 1671 1306 1735 exercitum
1352 1670 1710 1752 explevisse
1757 1670 2138 1752 animosque
2184 1669 2694 1753 imperatoribus

380 1778 1035 1859 Carthaginiensibus
1090 1778 1320 1843 fecisse
1368 1777 1452 1841 ad
1498 1782 1832 1842 certamen
1880 1777 1960 1842 de
2007 1778 2261 1859 integro
2308 1776 2694 1842 tentandum

382 1886 511 1951 dici
581 1892 820 1970 potest.
937 1885 1065 1950 Sed
1133 1906 1239 1964 ea,
1322 1905 1466 1967 quae
1546 1885 1985 1950 subiiciuntur
2065 1885 2144 1950 de
2211 1906 2394 1951 novae
2461 1904 2692 1968 pugnae

381 2002 619 2059 eventu
677 1992 738 2076 (ἓ
798 1994 896 2075 7),
963 1993 1255 2058 nondum
1323 1991 1631 2075 expedita
1699 2000 1872 2057 sunt.
1985 1992 2083 2056 Ea
2148 1993 2214 2057 in
2267 1982 2321 2056 P
2380 1994 2475 2057 sic
2532 1993 2692 2058 scri-

387 2101 666 2167 buntur:
753 2102 903 2166 alii
972 2102 1242 2184 pleriq
1310 2100 1619 2175 milites
1686 2100 1916 2181 sique
1978 2099 2102 2181 (sic
2160 2102 2358 2165 etiam
2416 2100 2690 2180 Mvoss„

381 2210 525 2288 alii3
584 2210 649 2273 in
706 2210 1188 2274 recentioribus
1246 2208 1642 2292 quibusdam
1685 2208 1932 2272 factum
1978 2208 2218 2289 sicut)
2264 2229 2404 2292 pro
2450 2217 2682 2293 parte
2721 2225 2866 2293 (282)

384 2318 695 2382 totiens
783 2317 1005 2382 intra
1091 2337 1388 2400 paucos
1481 2316 1654 2381 dies
1743 2316 1956 2380 victa
2044 2316 2295 2381 isdem
2384 2317 2693 2381 animas

382 2425 679 2506 quibus
740 2445 846 2508 pr.
894 2425 1523 2506 ortaeodemque
1571 2423 1830 2505 (iisdem
1875 2423 2116 2489 litteris
2159 2424 2246 2502 M,
2294 2423 2495 2503 Harl„
2541 2423 2691 2489 Lov.

383 2537 450 2612 2,
509 2537 577 2609 3,
639 2539 710 2613 43
768 2534 836 2597 in
891 2533 1045 2599 Lov.
1099 2540 1128 2596 1
1191 2531 1345 2596 hinc
1402 2532 1648 2596 factum
1706 2532 1930 2614 prior
1986 2538 2168 2597 orta
2222 2531 2692 2614 eodemque,

379 2643 445 2704 in
505 2641 649 2706 aliis
710 2643 940 2724 prius
998 2641 1291 2719 coorti,
1363 2639 1521 2721 alia)
1579 2645 1879 2714 eventu
1940 2661 2421 2723 pugnavere.
2533 2638 2726 2704 Uni-'

381 2771 571 2815 versa
615 2749 940 2814 sententia
986 2749 1146 2813 satis
1191 2755 1499 2832 apparet,
1568 2749 1691 2812 etsi
1747 2746 1863 2811 alii
1920 2768 2225 2829 magnam
2270 2753 2527 2829 partem
2572 2749 2690 2811 mi-

378 2858 529 2923 lites
596 2858 873 2936 fuerint‚
953 2863 1172 2922 tamen
1251 2856 1503 2921 animos
1571 2855 1838 2921 eosdem
1906 2862 1973 2920 et
2040 2862 2346 2920 eventum
2412 2854 2689 2920 eundem

379 2964 612 3044 fuisse;
681 2965 799 3030 sed
856 2966 924 3029 in
982 2965 1301 3029 orationis
1357 2964 1571 3028 forma
1628 2971 1695 3028 et
1749 2964 1966 3028 verbis
2022 2963 2381 3029 laboratur.
2497 2961 2687 3039 Quod

378 3079 577 3137 antea
655 3072 1007 3137 edebatur:
1102 3071 1265 3136 Alii
1355 3071 1737 3155 plerique
1815 3071 2156 3149 militem,
2249 3071 2468 3135 sicut
2546 3091 2686 3152 pro

378 3185 612 3262 parte
646 3215 731 3225 --
768 3180 1008 3259 victa,
1056 3179 1345 3244 iisdem
1390 3180 1704 3257 animis,
1753 3178 2046 3261 quibus
2091 3180 2336 3262 prius,
2383 3176 2687 3241 eodem-

380 3309 531 3369 que
588 3295 884 3352 eventu
941 3307 1429 3371 pugnavere,
1497 3295 1573 3351 ut
1629 3287 1929 3352 omittam
1985 3288 2244 3369 prius,
2313 3284 2491 3368 quod
2537 3291 2604 3349 et
2647 3304 2688 3348 a

379 3395 713 3459 codicibus
771 3395 961 3460 bonis
1005 3395 1265 3478 longius
1311 3395 1567 3461 recedit
1611 3402 1679 3460 et
1724 3395 2054 3459 sententia
2098 3415 2368 3477 prorsus
2414 3413 2688 3477 pravum

379 3510 479 3567 est
525 3503 764 3586 (neque
812 3504 985 3569 enim
1030 3504 1145 3567 alii
1189 3503 1285 3567 illi
1329 3504 1570 3568 milites
1617 3503 1798 3586 prius
1843 3502 2341 3585 pugnaverant),
2384 3502 2688 3566 vitiosam

378 3610 581 3675 habet
626 3618 693 3676 et
736 3632 1035 3676 mancam
1082 3612 1642 3694 comparationem
1688 3611 1944 3692 (sicut,
1991 3631 2124 3675 non
2171 3616 2492 3692 sequente
2540 3609 2684 3690 ita)

379 3739 495 3800 pro
553 3739 768 3783 causae
828 3718 1357 3805 significatione„
1432 3719 1622 3796 Quod
1668 3724 1890 3782 autem
1935 3717 2505 3783 Weissenbornius
2550 3714 2686 3780 haec

379 3827 625 3908 posuit:
717 3827 965 3891 sicuti
1042 3848 1183 3911 pro
1264 3832 1493 3909 parte
1572 3827 1884 3891 totiens
1961 3861 2048 3870 —
2124 3826 2341 3889 victa
2406 3824 2684 3901 isdem,

378 3934 669 3998 animis
727 3935 1027 4015 quibus
1085 3935 1431 4016 priores,
1490 3934 1606 4000 ita
1662 3932 2098 4015 eodemque
2158 3938 2445 3997 eventu
2490 3952 2685 4015 pug-

377 4060 687 4120 navere,
734 4048 808 4105 ut
853 4042 1175 4119 omittam,
1223 4063 1264 4106 a
1309 4042 1643 4107 codicibus
1688 4041 1792 4105 hic
1837 4061 2097 4123 quoque
2146 4041 2312 4105 satis
2357 4059 2686 4104 recessum

376 4168 549 4226 esse,
617 4150 897 4214 maxime
952 4150 1020 4213 in
1076 4148 1191 4214 il—lo
1249 4151 1392 4232 ipso
1448 4149 1600 4227 ita,
1668 4155 1736 4212 et
1793 4169 1994 4232 prave
2052 4147 2337 4212 iisdem
2394 4148 2684 4211 animis

376 4255 820 4339 eodemque
889 4262 1180 4321 eventu
1252 4256 1501 4321 divellit
1569 4261 1637 4320 et
1694 4256 1759 4319 in
1820 4255 2257 4339 eodemque
2315 4256 2681 4319 orationem

376 4361 578 4428 efficit
633 4363 814 4428 nullo
872 4364 1067 4429 modo
1116 4365 1585 4442 cohaerentem,
1659 4363 1785 4427 nisi
1842 4363 2015 4430 forte
2074 4364 2193 4428 ita
2250 4363 2682 4444 eodemque

373 4471 596 4536 nescio
655 4493 784 4554 quo
842 4493 1008 4537 novo
1066 4473 1411 4556 particulae
1466 4492 1590 4537 usu
1647 4472 1949 4555 accipere
2005 4471 2305 4538 iubemur
2350 4492 2499 4553 pro:
2568 4471 2685 4534 ita
