3230 5282
1457 631 1578 691 513
2287 643 2409 698 Lib.
2447 642 2669 700 XXXV.

356 837 563 900 quam
612 816 822 880 visum
870 835 1046 892 esse,
1118 813 1465 880 consilium
1510 835 1662 878 uno
1710 811 1834 876 die
1882 820 2149 897 captum
2196 835 2372 897 esse;
2440 836 2671 900 quam-

358 945 563 1007 quam
622 943 702 987 ne
759 921 883 986 hoc
939 922 1203 1006 quidem
1251 920 1448 985 verba
1493 941 1643 984 uno
1690 921 1814 985 die
1861 921 1973 986 illo
2021 921 2161 986 loco
2210 923 2426 1004 posita
2471 923 2670 1003 (inter

359 1030 792 1095 consilium
851 1037 917 1094 et
974 1029 1310 1111 genetivos
1371 1029 1430 1091 ei
1477 1028 1725 1091 nomini
1772 1028 2146 1110 adiunctos)
2194 1038 2371 1096 recte
2419 1033 2666 1115 signifi-

362 1159 513 1203 care
573 1146 877 1221 possunt,
946 1136 1061 1202 sed
1117 1142 1407 1213 tantum,
1476 1136 1672 1219 quale
1744 1135 1909 1199 illud
1977 1137 2317 1202 consilium
2372 1160 2502 1205 uno
2561 1140 2666 1204 die

357 1246 520 1328 (non
568 1245 831 1326 ceteris)
876 1245 1097 1309 fuerit.
1199 1244 1336 1308 Nec
1382 1264 1482 1307 me
1529 1242 1731 1321 fallit,
1788 1243 1979 1324 vulgo
2028 1244 2166 1309 haec
2213 1245 2411 1311 verba
2456 1249 2664 1331 accipi

358 1354 440 1418 de
510 1353 786 1419 consilio
855 1353 1017 1417 inito
1075 1358 1211 1416 tres
1269 1351 1468 1415 urbes
1527 1372 1658 1417 uno
1719 1350 1822 1414 die
1879 1351 2273 1434 occupandi3
2344 1354 2457 1419 sed
2520 1376 2665 1419 eam

352 1462 753 1526 sententiam
834 1481 914 1524 ex
991 1458 1209 1524 verbis
1291 1458 1474 1524 salva
1552 1459 1872 1530 sermonis
1953 1467 2195 1526 natura
2261 1481 2427 1544 ncgo
2497 1461 2666 1527 effici

357 1590 583 1652 posse3
642 1588 762 1632 nec
807 1588 1073 1632 moveor
1117 1565 1642 1632 Drakenborchii
1688 1566 1954 1645 iudiciO‚
2014 1566 2099 1632 ad
2146 1588 2199 1633 c.
2250 1571 2348 1647 31,
2403 1573 2478 1633 13
2525 1568 2665 1634 haec

348 1676 507 1741 aliis
592 1676 905 1756 exemplis
973 1674 1319 1740 verborum
1388 1675 1821 1738 traiectorum
1887 1674 2024 1738 sine
2091 1676 2223 1741 ullo
2293 1676 2664 1742 discrimine

357 1783 799 1847 admiscentis.
915 1779 1046 1846 Sed
1115 1787 1186 1844 ut
1253 1781 1627 1859 concedam,
1695 1782 1793 1846 ita
1843 1781 2134 1865 intellegi
2196 1782 2396 1849 verba
2450 1805 2664 1867 posse,

357 1892 639 1973 primum
708 1889 870 1954 nihil
943 1889 1204 1953 omnino
1264 1895 1438 1966 erat,
1510 1908 1625 1953 cur
1695 1911 1824 1954 uno
1893 1889 1997 1954 die
2066 1891 2263 1956 urbes
2333 1890 2662 1957 diiunctas

356 1998 671 2080 occupari
716 1996 988 2074 vellent,
1056 2017 1258 2078 quum
1317 2018 1444 2061 non
1506 1997 1587 2060 iis
1643 1995 1940 2061 artificiis
1997 2004 2374 2078 uterentur,
2444 2007 2520 2064 ut
2575 2000 2661 2064 ad

351 2104 613 2170 consilii
661 2103 1150 2168 exsecutionem
1197 2105 1594 2186 pertineret,
1666 2104 1897 2169 eodem
1957 2107 2271 2188 temporis
2328 2115 2658 2172 momento

349 2212 656 2278 omnibus
702 2211 863 2276 locis
907 2232 1045 2275 rem
1092 2212 1216 2294 agi.
1328 2211 1414 2275 Et
1474 2212 1960 2294 apertissimum
2019 2222 2119 2277 est
2177 2234 2256 2279 ex
2312 2220 2457 2278 tota
2512 2236 2660 2280 nar·

353 2321 630 2398 ratione,
679 2318 842 2382 nihil
886 2318 1260 2383 huiusmodi
1308 2318 1416 2399 (de
1465 2339 1594 2382 uno
1644 2317 1776 2396 die)
1822 2320 2182 2401 cogitatum
2230 2343 2391 2387 esse.
2458 2323 2660 2388 Lace-

351 2427 651 2492 daemone
712 2426 978 2510 quidem
1035 2427 1276 2491 sensim
1335 2447 1412 2490 ac
1471 2447 1587 2507 per
1634 2426 1900 2510 longum
1946 2434 2204 2511 tempus
2252 2451 2356 2494 res
2404 2452 2658 2514 praepa-

355 2534 565 2598 randa
611 2541 678 2598 et
724 2535 986 2598 occasio
1032 2533 1362 2616 captanda
1409 2540 1580 2612 erat,
1650 2539 1723 2598 ut
1782 2541 2003 2600 certus
2061 2537 2159 2601 rei
2204 2538 2471 2619 agendae
2518 2539 2658 2603 dies

356 2649 510 2706 ante
587 2641 900 2706 constitui
962 2641 1143 2705 nullo
1203 2641 1393 2706 modo
1449 2641 1745 2723 potuerit
1800 2640 1968 2725 (cap.
2020 2648 2098 2708 35
2160 2652 2226 2709 et
2283 2647 2409 2727 36).
2524 2646 2659 2711 Nec

355 2751 588 2814 eodem
633 2750 767 2826 die,
840 2748 956 2813 sed
1014 2749 1303 2813 iisdem
1365 2748 1650 2813 diebus
1698 2748 1778 2829 (c.
1830 2752 1934 2828 37,
1998 2752 2064 2831 4)
2111 2751 2371 2818 Chalcis
2417 2756 2661 2819 tentari

351 2864 589 2939 coepta
650 2864 753 2921 est
813 2863 879 2921 et
938 2857 1003 2920 in
1061 2862 1298 2920 conatu
1357 2854 1770 2937 aliquantum
1831 2860 2145 2940 temporis
2201 2869 2658 2943 consumptum

350 2964 437 3044 (c.
478 2968 556 3027 37
593 2971 660 3027 et
695 2964 823 3044 38).
905 2962 1033 3042 (Ad
1069 2963 1207 3026 haec
1245 2962 1517 3038 accedit,
1565 2962 1743 3044 quod
1778 2966 2107 3044 particula
2147 2988 2464 3049 quoque
2510 2978 2660 3050 post

353 3073 524 3153 spei
594 3093 722 3137 non
789 3071 1020 3149 habet,
1098 3091 1226 3151 quo
1296 3069 1671 3149 referatur.)
1785 3070 2204 3137 Manifestum
2273 3083 2373 3140 est
2438 3078 2658 3158 igitur,

353 3186 738 3262 corruptum
785 3199 923 3243 esse
971 3199 1123 3242 uno
1174 3177 1328 3254 die,
1394 3175 1690 3258 latetque
1753 3177 1874 3241 sub
1931 3177 2032 3242 his
2088 3179 2330 3247 litteris
2389 3183 2656 3265 aliquid,

353 3286 563 3367 quod,
622 3287 789 3350 sicut
835 3287 1134 3368 proxima
1181 3284 1381 3367 (spei
1429 3283 1614 3363 cet.)‚
1678 3283 1761 3348 ad
1806 3285 2197 3365 notandum,
2253 3290 2445 3373 quale
2493 3291 2656 3355 illud

348 3393 700 3457 consilium
765 3393 990 3471 fuerit,
1059 3393 1404 3475 pertineat.
1532 3390 1693 3455 Mihi
1763 3392 2017 3456 videtur
2082 3393 2301 3461 Livius
2368 3399 2655 3465 scribere

352 3502 677 3584 potuisse:
759 3500 1013 3565 AEtoli
1081 3498 1514 3564 consilium
1572 3498 1683 3560 rel
1743 3520 1879 3582 spe
1939 3521 2255 3583 quoque
2313 3526 2463 3568 non
2519 3527 2654 3570 au-

349 3608 582 3673 dacis
640 3608 895 3685 mod0,
966 3608 1103 3672 sed
1164 3608 1403 3672 etiam
1462 3605 1953 3689 impudentis
2012 3620 2436 3692 ceperunt,
2506 3613 2653 3678 De-

349 3716 856 3792 metriadem,
927 3713 1082 3794 Ch„
1148 3714 1325 3778 Lac.
1388 3713 1878 3795 occupandi,
1944 3716 2027 3780 ad
2095 3720 2464 3800 genetivum
2533 3723 2648 3786 rei
2686 3752 2827 3819 (413)

348 3824 765 3905 appositione
832 3822 1143 3886 adiuncto
1211 3821 1508 3904 gerundii
1578 3822 1902 3903 genetivo.
2017 3824 2123 3890 Sic
2195 3829 2365 3891 enim
2432 3829 2653 3896 Livius

349 3929 681 3993 interdum
729 3929 1031 4012 gerundii
1075 3951 1206 3994 non
1254 3929 1611 3994 ablativum
1658 3929 1871 3994 solum
1909 3931 1986 4011 (Ι,
2035 3937 2134 4011 56,
2183 3938 2240 4013 2,
2289 3935 2401 4001 ubi
2447 3937 2655 4003 Weis-

348 4037 744 4103 senbornius
801 4036 918 4114 VI,
993 4041 1099 4113 11,
1170 4041 1205 4098 9
1267 4035 1553 4115 citavit),
1624 4035 1742 4101 sed
1810 4038 2009 4104 etiam
2076 4044 2520 4110 accusativum
2590 4053 2657 4110 et

347 4145 724 4226 genetivum
791 4145 1003 4227 ponit,
1060 4145 1507 4208 accusativum
1565 4142 1749 4218 XXI,
1810 4151 1877 4222 4,
1949 4149 1985 4209 3
2046 4155 2111 4212 et
2168 4149 2386 4228 XXII,
2459 4157 2525 4230 8,
2596 4159 2651 4231 5,

347 4252 718 4331 genetivum
767 4249 850 4330 II,
898 4256 1000 4328 47,
1053 4254 1128 4315 12
1178 4250 1621 4330 (immemor
1667 4250 1870 4328 eiu8‚
1932 4255 2139 4335 quod
2186 4256 2429 4323 initio
2479 4280 2651 4324 con·

351 4358 677 4423 sulatus
724 4359 1177 4437 imbiberat,
1237 4356 1842 4422 reconciliandi
1890 4362 2197 4426 animos
2244 4365 2541 4448 plebis)
2589 4376 2655 4432 et

349 4464 620 4544 XXXII,
674 4469 771 4543 19,
824 4470 851 4526 1
906 4466 1049 4544 (rei
1095 4464 1423 4528 maioris
1469 4483 1675 4545 spes,
1721 4465 2186 4533 Achaeorum
2233 4482 2655 4551 gentem—-

2130 4590 2195 4640 33

411 4904 1420 5170 Γ
1938 5130 2197 5169 ,-
