3230 5282
556 600 680 655 Lib.
716 600 892 655 xxll.
1658 591 1779 652 302

556 772 769 838 undo
825 773 1173 855 speciem
1230 775 1642 858 praebeam.
1750 773 2120 857 Scripserat
2163 772 2417 837 Livius:
2485 772 2653 836 nisi
2701 792 2877 836 cum

558 879 758 962 fugae
805 881 1082 963 specie
1130 881 1582 969 abeundum
1629 882 1697 945 el
1742 881 2126 961 fuissem)

728 987 885 1072 Cap.
936 991 1037 1067 33,
1097 994 1154 1069 5,
1196 990 1311 1056 ubi
1354 997 1713 1056 narrantur
1757 990 1854 1054 ad
1898 989 2230 1054 Pineum
2271 1022 2359 1032 ——
2405 988 2482 1051 in
2528 985 2874 1070 Illyrios

384 1107 531 1175 (248)
568 1097 827 1178 legati
894 1098 1123 1162 missi
1186 1097 1284 1162 ad
1351 1098 1885 1183 stipendium,
1965 1098 2192 1161 cuius
2271 1095 2445 1161 dies
2528 1095 2872 1175 exierat,

553 1204 1049 1287 poscendum
1117 1211 1283 1286 aut,
1352 1207 1419 1272 si
1487 1207 1699 1272 diem
1755 1205 2129 1289 proferre
2183 1202 2473 1281 vellet,
2543 1202 2871 1268 obsides

556 1312 1117 1395 accipiendos,
1176 1315 1595 1380 manifestum
1642 1320 1777 1393 est,
1836 1312 2259 1379 scribendum
2304 1331 2447 1377 esse
2490 1308 2869 1394 proferri.

552 1420 724 1486 Nam
792 1423 935 1504 ipse
1003 1420 1266 1489 debitor
1321 1421 1492 1488 diem
1550 1420 1847 1506 proferre
1903 1443 2034 1486 non
2090 1426 2389 1504 poterat,
2459 1418 2577 1484 sed
2631 1437 2868 1501 rogare

552 1535 839 1608 tantum,
906 1535 982 1594 ut
1025 1550 1067 1594 a
1112 1531 1440 1596 creditore
1498 1530 1924 1614 proferretur.
2035 1527 2258 1593 Mendj
2316 1548 2523 1611 genus
2577 1526 2866 1591 breviter

551 1638 778 1703 notavi
821 1660 883 1719 p.
934 1640 1014 1700 38
1059 1643 1195 1703 not.
1244 1643 1301 1702 2.
1393 1638 1523 1705 Sed
1568 1638 1761 1703 simul
1806 1638 1875 1702 in
1919 1638 2018 1717 iis,
2065 1657 2211 1720 quae
2258 1642 2625 1719 sequuntur
2670 1632 2861 1713 (nul-

551 1745 712 1810 lius
769 1765 1107 1828 usquam
1159 1751 1565 1812 terrarum
1622 1747 1741 1811 rei
1799 1766 1992 1811 cura
2046 1745 2486 1821 Romanos,
2544 1763 2639 1806 ne
2694 1741 2875 1805 lon·

552 1854 857 1936 ginqua
933 1852 1281 1936 quidem,
1374 1854 1900 1938 effugiebat),
1994 1851 2367 1937 necessario
2449 1848 2868 1915 scribendum

548 1960 1016 2042 longinquae
1073 1966 1141 2025 et
1196 1969 1467 2045 propter
1524 1963 1918 2027 sententiam
1966 1959 2145 2041 (nam
2188 1980 2296 2025 res
2338 1958 2700 2040 longinqua
2743 1962 2865 2034 est,

549 2090 680 2134 non
720 2067 905 2150 cura)
944 2073 1012 2133 et
1045 2068 1224 2149 quod
1260 2068 1492 2134 hoc—
1515 2091 1606 2134 ne
1645 2069 1962 2152 quidem
1998 2067 2466 2151 superadditur
2499 2065 2657 2129 illis:
2707 2062 2875 2128 nul-

551 2175 710 2241 lius
765 2196 1101 2259 usquam
1156 2181 1563 2245 terrarum
1625 2179 1766 2243 rei.
1816 2175 1894 2259 [C
1940 2176 2423 2258 longinque3
2491 2178 2871 2238 correxerat

549 2284 680 2348 iam
730 2281 1209 2365 Rupertius.]²)

719 2389 914 2474 *Cap.
964 2397 1073 2469 34,
1147 2397 1216 2454 ll
1291 2391 1389 2472 (in
1457 2391 1530 2469 Q.
1590 2392 1797 2457 Baebii
1851 2391 2166 2457 Herennii
2221 2398 2309 2456 tr.
2358 2389 2444 2473 pl.
2493 2384 2856 2466 oratione):

550 2494 1061 2562 consulatum
1113 2532 1200 2544 ——
1246 2499 1636 2583 populum
1677 2535 1766 2545 —
1810 2500 2191 2564 daturum
2249 2500 2348 2578 ei,
2420 2497 2554 2581 qui
2610 2495 2862 2577 magis

549 2623 733 2667 vere
778 2605 1102 2672 vincere
1149 2628 1382 2691 quam
1428 2608 1564 2674 diu
1609 2609 2016 2693 imperare
2063 2606 2316 2672 malit.
2407 2605 2716 2671 Mendum
2763 2624 2870 2669 ar-

548 2712 690 2793 guit
754 2734 888 2778 non
955 2714 1165 2780 solum
1233 2719 1486 2799 magis
1555 2716 1799 2781 malle
1870 2717 2137 2797 (dicitur
2207 2715 2539 2780 interdum
2595 2713 2871 2795 potius

549 2819 824 2899 malle,
881 2843 1003 2887 nec
1058 2830 1280 2889 tamen
1337 2831 1584 2890 temere
1644 2827 1713 2889 in
1759 2830 1895 2890 tam
1939 2824 2122 2889 brevi
2166 2844 2243 2888 ac
2286 2822 2469 2888 facili
2513 2820 2866 2886 verborum

549 2928 955 3011 complexu),
1034 2931 1149 2996 sed
1215 2932 1421 2998 multo
1498 2934 1706 3016 magis
1776 2953 1961 2996 vere
2019 2932 2345 2995 vincere
2404 2930 2496 2994 sic
2545 2920 2866 3012 positum,

548 3037 738 3118 quasi
784 3058 863 3101 ex
909 3038 1185 3106 adverso
1233 3042 1562 3123 cogitetur
1607 3040 1897 3105 victoriae
1945 3039 2225 3122 specieS,
2297 3058 2422 3102 nec
2476 3036 2610 3101 ullo
2671 3035 2868 3100 modo

606 3255 658 3322 ¹)
697 3254 878 3323 [Quod
925 3258 1278 3313 Woelfflinus
1341 3260 1542 3313 edidit:
1599 3261 1666 3312 ni
1724 3259 1860 3313 sibi
1920 3275 2070 3311 cum
2125 3257 2300 3325 fugae
2347 3258 2583 3327 specie
2628 3256 2873 3310 abeun-

689 3341 840 3394 dum
888 3345 1275 3411 timuisset,
1325 3362 1530 3412 neque,
1577 3344 1728 3413 quod
1777 3344 1990 3406 timeo
2037 3342 2379 3397 facturum
2428 3342 2730 3411 aliquem
2775 3339 2867 3392 Li-

685 3426 809 3479 vius
864 3427 1036 3495 dixit,
1103 3429 1378 3497 sequitur,
1439 3429 1650 3483 dixisse
1706 3429 1875 3483 etiam
1931 3429 2142 3481 timeo
2198 3426 2622 3492 faciendum,
2683 3441 2864 3493 neque

685 3510 923 3566 timebat
957 3512 1270 3579 Hannibal,
1318 3530 1388 3566 nc
1438 3513 1543 3567 sibi
1582 3531 1708 3568 cum
1745 3513 1895 3582 fugae
1933 3514 2117 3581 specie
2155 3512 2507 3580 (aliquando)
2543 3510 2858 3565 abeundum

687 3602 850 3662 esset,
889 3596 989 3651 sed
1025 3614 1096 3651 ne
1133 3615 1283 3654 nunc
1321 3616 1449 3653 cum
1485 3616 1552 3652 ea
1587 3601 1776 3668 specie
1814 3597 2037 3666 abiret]

604 3679 659 3745 ⁸)
697 3679 800 3748 [De
838 3679 870 3749 ξ
907 3685 940 3735 2
974 3681 1140 3736 huius
1176 3681 1382 3752 capitis
1420 3700 1586 3752 quam
1624 3701 1921 3754 posueram
1959 3683 2349 3752 suspicionem,
2387 3681 2589 3736 sustuli
2625 3697 2672 3734 s.
2714 3680 2865 3744 1862,

687 3783 945 3820 assensus
997 3767 1261 3837 Ussingio
1319 3768 1624 3838 significari
1679 3786 1894 3834 servos,
1959 3770 2055 3837 qui
2122 3767 2533 3836 consequendae
2585 3764 2861 3818 libertatis

687 3866 855 3904 causa
908 3868 967 3905 se
1019 3852 1404 3907 fraudulenter
1455 3854 1731 3908 militibus
1789 3859 2197 3909 sacramentum
2252 3852 2571 3907 dicentibus
2624 3855 2682 3905 et
2732 3866 2862 3903 con·

688 3936 1001 3991 iurantibus
1039 3938 1500 4006 immiscuissent,
1556 3940 1706 4008 quod
1751 3956 1930 4008 genus
1976 3937 2190 3992 fraudis
2239 3939 2408 3991 etiam
2457 3937 2861 4005 imperatorum

688 4026 943 4091 tempore
991 4024 1235 4093 capitale
1283 4023 1391 4078 fuit
1434 4023 1596 4090 (Plin.
1636 4025 1817 4094 Epist.
1855 4024 1932 4090 X,
1978 4026 2045 4077 29
2080 4021 2235 4091 [38]).
2317 4023 2401 4076 De
2449 4019 2865 4077 coniurandi

688 4108 863 4160 verbo
908 4107 968 4160 in
1016 4107 1122 4161 hae
1157 4127 1217 4162 re
1256 4109 1353 4162 cfr.
1392 4127 1435 4162 c.
1477 4112 1561 4176 38,
1599 4113 1649 4176 3,
1688 4109 1824 4163 Caes.
1863 4110 1922 4161 B.
1961 4108 2022 4161 G.
2061 4107 2188 4174 vn,
2231 4112 2273 4161 1.
2356 4107 2637 4161 Dilectum
2674 4108 2732 4160 in
2769 4104 2866 4158 Ca-

690 4191 891 4258 pitolio
949 4193 1144 4245 haberi
1192 4194 1443 4261 solitum,
1500 4199 1729 4248 constat
1777 4212 1806 4248 e
1850 4193 1973 4247 Liv.
2011 4192 2224 4258 XXVI,
2280 4196 2344 4247 31
2390 4198 2528 4245 extr.
2567 4197 2625 4245 et
2671 4190 2862 4257 Polyb.

687 4274 785 4341 VI,
827 4278 916 4343 19;
966 4278 1279 4333 coniuratio
1327 4283 1513 4332 tamen
1551 4280 1861 4333 iuventutis
1897 4280 1956 4334 in
1993 4296 2192 4347 campo
2229 4278 2435 4332 Martio
2471 4276 2593 4330 fieri
2627 4281 2865 4344 poterat.

688 4359 880 4429 Ipsum
934 4360 1201 4415 dilectum
1245 4363 1509 4418 inferiore
1559 4369 1728 4418 aetats
1775 4365 1856 4418 ibi
1898 4362 2180 4430 habitum,
2226 4362 2410 4416 Varro
2457 4363 2522 4417 R.
2567 4362 2632 4416 R.
2680 4360 2787 4428 111,
2833 4362 2868 4413 2
2964 4426 2970 4431 .

690 4444 1009 4598 siglnificariz
1056 4447 1307 4514 videtur,
1351 4449 1461 4502 nisi
1508 4450 1587 4502 ibi
1636 4465 1745 4518 pro
1795 4448 1875 4502 ad
1921 4448 2257 4502 dilectum
2305 4447 2663 4501 scribendum
2708 4450 2799 4500 est
2832 4461 2866 4498 s

692 4531 761 4583 di
805 4535 971 4583 ectu.
