3230 5282
1446 625 1523 686 81
2395 637 2518 693 Lib.
2559 639 2631 693 11.

326 808 517 894 quod
581 809 918 893 genetivus
987 808 1073 874 ad
1140 830 1576 875 concursus
1646 809 1981 893 pertinens
2038 810 2295 893 longius
2349 811 2630 876 reiectus

333 924 537 983 esset.
638 915 1007 983 Concursus
1051 916 1488 982 multitudinis
1545 917 1900 1001 saepissime
1947 917 2212 998 dicitur,
2268 917 2630 985 homines

330 1026 771 1095 concitatae
814 1025 1369 1091 multitudinis
1414 1046 1753 1109 nusquam.
1828 1024 2035 1107 1861.)
2101 1025 2443 1092 Postremo
2491 1025 2523 1110 ἓ
2572 1031 2628 1105 6,

330 1134 456 1219 qui
497 1156 703 1201 novus
746 1134 1048 1200 tribunus
1093 1133 1301 1216 legem
1335 1132 1791 1217 perferendam
1826 1140 2206 1217 susceperat
2237 1134 2630 1200 vehementi-

335 1264 550 1327 usque
592 1263 737 1308 eam
770 1264 908 1308 rem
940 1241 1218 1324 urgebat
1252 1262 1445 1324 quam
1480 1242 1620 1326 ipse
1653 1243 1948 1307 inventor
1980 1242 2162 1326 legis,
2207 1243 2313 1306 vix
2348 1248 2628 1309 auctor

336 1351 670 1416 recentior
714 1357 780 1415 et
821 1351 1034 1416 acrior
1077 1371 1118 1414 a
1162 1349 1343 1415 Livio
1392 1349 1604 1415 dictus
1650 1355 1768 1430 est,
1811 1349 1926 1415 sed
1970 1356 2216 1415 actor.
2275 1349 2586 1433 (1873.)1)

516 1456 670 1543 Cap.
729 1463 838 1539 59,
901 1462 969 1523 3:
1049 1463 1133 1523 ut
1174 1493 1261 1502 —
1304 1458 1517 1524 satis
1583 1463 1848 1523 tamen
1911 1465 2376 1542 appareret,
2445 1460 2622 1543 capi
2658 1469 2764 1536 (66)

333 1571 656 1631 tantum
732 1572 1008 1632 castra
1081 1566 1419 1630 militem
1496 1566 1923 1631 Romanum
2008 1566 2405 1647 noluisse;
2486 1567 2629 1632 alii

332 1673 692 1758 gaudere
746 1696 889 1741 sua
945 1673 1192 1739 clade.
1295 1672 1432 1740 Nec
1489 1673 1635 1739 alii
1691 1674 1785 1738 illi
1832 1675 1943 1757 qui
1986 1674 2117 1739 sint
2160 1694 2280 1739 nec
2325 1673 2480 1758 quid
2523 1674 2630 1739 hic

328 1785 500 1865 agat
560 1782 915 1848 infinitivus
979 1781 1363 1861 historicus,
1427 1781 1721 1865 intellegi
1786 1787 2036 1865 potest;
2103 1780 2259 1865 quid
2306 1783 2631 1847 sententia

334 1889 732 1974 postularet,
798 1891 960 1955 vidit
1023 1891 1186 1971 iam,
1256 1890 1366 1972 qui
1420 1891 1487 1954 in
1544 1889 1769 1956 codice
1812 1890 2260 1954 recentissimo
2309 1887 2627 1973 (Portug.)

333 1996 710 2082 alioquin
779 2020 977 2082 supra
1031 1997 1322 2082 scripsit,
1386 1995 1687 2063 viderunt
1741 1997 1976 2062 deinde
2033 2001 2183 2080 post
2226 1996 2629 2063 Perizonium

332 2105 670 2190 Hauptius
736 2114 804 2172 et
870 2105 1469 2186 Weissenborm'us3
1548 2104 1663 2170 sed
1728 2126 1848 2170 nec
1925 2105 2199 2185 aliter,
2280 2103 2452 2189 quod
2519 2105 2629 2170 ille

332 2219 586 2295 tentat,
653 2236 695 2280 a
739 2215 921 2280 Livio
978 2215 1070 2280 sic
1130 2214 1367 2279 dicitur
1423 2204 1870 2297 praetex‘eaque
1913 2214 2170 2297 longius
2216 2234 2256 2278 a
2300 2212 2629 2279 codicibus

334 2320 652 2401 discedit,
720 2329 787 2387 et
839 2322 1037 2388 alibi
1092 2320 1443 2406 gaudere
1501 2341 1640 2385 sua
1698 2321 1930 2388 clade
1987 2342 2105 2405 pro
2166 2321 2478 2406 alioqui
2524 2321 2628 2404 (X,

336 2432 446 2507 35,
494 2427 560 2510 7)
604 2427 956 2495 barbarum
1002 2435 1119 2495 est.
1222 2427 1469 2513 (Longe
1516 2428 1843 2495 diversum
1888 2434 2010 2510 est,
2068 2427 2241 2513 quod
2285 2429 2400 2509 III,
2450 2435 2545 2508 14,
2590 2434 2627 2494 5

333 2536 640 2601 iuventus
686 2536 922 2601 dicitur
967 2535 1199 2615 alibi,
1265 2535 1389 2601 hoc
1446 2541 1572 2617 est,
1638 2537 1706 2602 in
1763 2537 1909 2602 aliis
1954 2537 2148 2602 rebus
2204 2537 2627 2621 popularis

336 2643 653 2724 fuisse.)
766 2644 912 2710 Una
975 2645 1198 2710 littera
1260 2645 1573 2710 mutanda
1640 2652 1743 2711 est
1808 2645 2380 2729 scribendumque:
2449 2646 2629 2729 capi

330 2759 654 2818 tantum
740 2759 1013 2818 castra
1085 2752 1424 2818 militem
1500 2754 1929 2819 Romanum
2005 2754 2397 2834 noluisse,
2476 2752 2629 2814 alla
2709 2795 2710 2800 η

326 2860 690 2944 gaudere
736 2882 877 2925 sua
921 2860 1176 2942 clade,
1243 2861 1368 2926 hoc
1413 2867 1542 2942 est,
1606 2862 1863 2945 reliqua
1908 2884 2026 2927 sua
2070 2860 2284 2942 clade,
2354 2867 2630 2944 excepta

330 2975 707 3034 castrorum
763 2969 1267 3053 expugnatione,
1334 2968 1861 3054 frequentissimo
1920 2967 2092 3053 apud
2147 2968 2396 3034 Livium
2452 2969 2627 3034 vocis

330 3076 550 3142 alius
605 3098 758 3156 usu,
825 3077 1005 3141 cuius
1060 3077 1162 3141 vel
1215 3076 1427 3142 lexica
1481 3078 1922 3162 exemplorum
1979 3079 2138 3144 satis
2187 3076 2625 3161 suppeditant.

337 3182 763 3267 [Creverius]
866 3182 1201 3265 (Eiusdem
1258 3185 1493 3268 capitis
1541 3184 1572 3268 ἓ
1623 3190 1689 3266 6,
1749 3185 1921 3270 quod
1967 3186 2048 3250 de
2092 3186 2304 3270 Appio
2353 3182 2625 3248 Claudio

330 3291 678 3357 scribitur:
742 3291 1028 3356 Victus
1073 3291 1417 3371 tandem,
1477 3293 1792 3376 quando
1839 3294 2152 3376 quidem
2194 3291 2399 3356 nihil
2442 3311 2626 3375 prse-

328 3406 463 3465 ter
516 3407 830 3484 tempus
885 3420 1103 3465 noxae
1158 3400 1679 3467 lucrarentur
1724 3400 2015 3483 (milites,
2073 3403 2139 3465 in
2186 3421 2352 3483 quos
2400 3401 2627 3465 saevire

332 3506 697 3588 decrerat),
789 3509 1127 3572 remissa
1217 3508 1596 3575 contione
1674 3510 1835 3574 iter
1912 3510 1989 3573 in
2067 3510 2626 3591 insequentem

332 3614 545 3679 diem
621 3616 1147 3699 pronuntiari
1215 3637 1447 3699 quum
1512 3618 1935 3697 iussisset,
2014 3616 2280 3682 verbum
2346 3618 2646 3684 remit-.

328 3721 591 3802 tendi,
659 3720 836 3806 quod
904 3721 983 3787 de
1037 3724 1293 3807 poeniS,
1362 3722 1629 3804 debitis,
1697 3726 2049 3807 postulatis
2106 3748 2237 3791 non
2293 3724 2625 3808 exigendis

332 3830 605 3910 dicitur,
674 3852 715 3894 a
769 3832 1075 3896 contione
1149 3831 1434 3896 alienum
1488 3853 1758 3914 prorsus
1815 3840 1942 3912 est,
2012 3835 2199 3916 quasi
2267 3854 2346 3897 ea
2401 3854 2627 3916 poenae

330 3938 483 4004 loco
558 3937 908 4004 toleranda
984 3938 1303 4003 militibus
1381 3937 1597 4004 fuerit.
1736 3938 1923 4016 Quod
1991 3938 2298 4005 Claudius
2374 3946 2627 4024 postea,

328 4067 555 4130 pugna
596 4047 973 4125 interiecta,
1034 4047 1101 4110 in
1147 4045 1295 4111 aliis
1342 4049 1577 4112 castris
1627 4049 1999 4114 contionem
2044 4045 2402 4127 advocavit,
2463 4047 2624 4112 nihil

322 4154 417 4218 ad
472 4154 642 4218 hunc
697 4153 916 4219 locum
972 4155 1285 4237 pertinet,
1352 4175 1470 4220 nec
1526 4156 1948 4220 remittere
1995 4154 2336 4220 differendi
2382 4154 2625 4240 signifi-

393 4409 439 4471 ¹)
480 4406 635 4475 [Quae
672 4408 744 4461 de
780 4409 1022 4464 rectiore
1060 4410 1330 4464 orationis
1368 4410 1735 4464 distinctione
1770 4410 1829 4462 in
1857 4427 1900 4463 c.
1933 4411 2016 4471 57,
2054 4413 2084 4462 3
2115 4411 2264 4479 (post
2292 4410 2625 4476 Strothium)

470 4498 527 4546 et
559 4496 645 4560 58,
681 4496 715 4547 4
751 4493 1167 4562 admonueram,
1204 4494 1341 4548 nihil
1375 4513 1524 4549 nunc
1561 4495 1742 4563 repeti
1778 4512 1918 4564 opus
1954 4492 2077 4562 est]

2133 4598 2168 4651 6
