3230 5282
642 635 767 690 Lib.
806 634 999 689 XLIV.
1733 621 1854 683 688

639 807 916 873 idibus
973 808 1558 881 Decembribus
1627 814 1748 872 cet.
1848 805 2075 891 Neque
2120 808 2291 872 enim
2336 827 2626 873 census
2671 806 2777 873 hic
2823 807 2935 874 ab·

638 914 852 980 solute
896 914 1025 981 dici
1069 922 1360 1000 poterat,
1421 936 1499 981 ac
1554 935 1636 980 ne
1683 915 1908 980 addito
1954 914 2220 998 quidem
2265 916 2632 998 equitum
2673 917 2933 982 nomine

637 1029 815 1088 recte
864 1044 1148 1090 census
1192 1024 1302 1089 hic
1337 1023 1815 1108 appellaretur3
1860 1044 2011 1089 nam
2047 1024 2301 1106 equites
2337 1044 2632 1090 seorsum
2665 1045 2933 1090 recen·

639 1137 921 1196 sentur
987 1131 1210 1213 (XLII,
1284 1137 1378 1212 16,
1452 1132 1533 1215 1).
1626 1132 2029 1210 Recensus
2094 1151 2331 1197 nomen
2398 1131 2717 1198 hactenus
2779 1141 2931 1198 ante

637 1239 1024 1305 Suetonium
1066 1262 1198 1308 non
1241 1239 1612 1324 legebatur,
1658 1247 1732 1305 ut
1785 1241 2292 1305 recensionis
2347 1245 2500 1306 ante
2548 1239 2930 1307 Suetonium

638 1369 767 1413 uno
814 1347 1149 1414 Ciceronis
1193 1347 1338 1414 loco
1383 1348 1642 1431 legitur.

810 1454 967 1540 Cap.
1020 1461 1114 1537 17,
1163 1461 1232 1521 7:
1279 1455 1573 1539 Itaque
1619 1455 2101 1540 designatos
2149 1454 2477 1537 (consules
2514 1463 2580 1521 et
2618 1464 2933 1540 praetores

636 1587 696 1632 a.
748 1570 866 1631 168
914 1587 972 1631 a.
1022 1563 1204 1646 Chr.)
1252 1564 1661 1649 extemplo
1717 1565 2003 1630 sortiri
2048 1564 2372 1648 placuit
2429 1566 2931 1649 provincias,

635 1682 742 1753 ut,
810 1675 979 1739 utri
1022 1672 1501 1738 Macedonia
1546 1671 1868 1738 consuli
1916 1673 2206 1757 cuique
2252 1675 2587 1756 praetori
2633 1673 2931 1739 classis

638 1783 1054 1847 evenisset
1110 1780 1232 1863 (sic
1279 1780 1649 1861 Creverius3
1714 1781 1908 1865 vulgo
1953 1781 2167 1862 ven),
2214 1781 2596 1860 sciretur,
2642 1788 2731 1846 ut
2774 1783 2930 1847 iam

636 1891 826 1956 inde
874 1891 1348 1974 cogitarent
1413 1896 1998 1974 pararentque,
2062 1910 2231 1974 quae
2298 1888 2513 1955 bello
2581 1891 2766 1955 usui
2810 1890 2930 1954 fo·

549 2037 552 2044 ›
634 2003 835 2077 rent,
883 2005 1005 2064 cet.
1075 1998 1396 2063 Vitiosum
1444 2006 1549 2064 est
1590 2000 1658 2062 in
1702 1997 1828 2063 hac
1873 1999 2189 2064 orationis
2226 1998 2660 2082 descriptione
2707 1998 2930 2080 (quum

636 2107 716 2173 de
759 2105 984 2172 futura
1042 2108 1318 2172 scientia
1384 2106 1649 2189 agatur)
1717 2106 2434 2190 plusquamperfectum
2500 2107 2927 2182 evenisset,

635 2215 847 2279 oratio
893 2222 1117 2280 autem
1161 2222 1306 2280 tota
1351 2216 1512 2281 satis
1559 2214 1911 2293 dissoluta,
1971 2205 2299 2280 sententia
2352 2212 2534 2279 finali
2591 2213 2807 2279 altera
2848 2213 2926 2277 ab

634 2322 851 2387 altera
892 2343 1058 2387 nexa
1102 2322 1218 2404 (ut
1261 2323 1650 2402 sciretur,
1698 2328 1783 2388 ut
1825 2324 1979 2388 iam
2022 2323 2254 2405 inde).
2326 2321 2575 2387 Codex:
2636 2322 2925 2387 sortiri

458 2435 605 2504 (5¹70)
644 2430 960 2513 placuit
1004 2431 1684 2513 provideanteum
1730 2431 1916 2495 utri.
1998 2430 2428 2496 Scribendum
2473 2436 2599 2494 est:
2647 2428 2925 2494 sortiri

633 2537 953 2622 placuit
996 2539 1488 2620 provincias,
1525 2545 1624 2615 ut,
1671 2558 1844 2619 cun,
1882 2540 2051 2604 utri
2088 2536 2573 2604 Macedonia
2609 2535 2925 2602 consuli

634 2648 936 2729 cuique
1001 2648 1333 2729 praetori
1400 2646 1695 2713 classis
1741 2650 2168 2729 evenisset,
2219 2648 2603 2726 sciretur}
2647 2653 2731 2711 ut
2778 2648 2925 2711 iam

633 2757 820 2822 inde
887 2756 1357 2837 cogitarent
1401 2762 1526 2821 cet.
1614 2742 1800 2821 Ferri
1858 2763 2191 2839 utcunque
2235 2761 2456 2839 potest
2498 2763 2586 2819 ut
2627 2754 2922 2838 pluribus

633 2866 997 2931 interiectis
1062 2865 1445 2946 repetitum3
1511 2870 1734 2947 potest
1787 2871 2008 2929 tamen
2079 2866 2278 2930 etiam
2333 2862 2613 2928 alterum
2695 2871 2785 2927 ιιι
2850 2883 2924 2927 ex

633 2974 882 3047 ultimis
957 2972 1199 3037 litteris
1277 2972 1460 3037 verbi
1538 2972 1894 3037 sciretur
1981 2980 2199 3039 ortum
2286 2992 2456 3051 ess03
2543 2991 2698 3035 nam
2775 2972 2925 3036 iam

630 3081 815 3146 inde
859 3081 1138 3164 primum
1205 3078 1420 3145 locum
1485 3087 1708 3145 tenere
1775 3079 2014 3146 debere
2077 3081 2354 3146 videtur.
2446 3078 2600 3162 [Pro
2646 3086 2732 3143 ut
2777 3080 2927 3144 iam

630 3189 914 3255 fortasse
952 3188 1368 3254 scribendum
1416 3188 1473 3251 ii
1515 3188 1693 3253 iam.
1760 3187 1973 3271 1864]
2056 3188 2507 3256 Subiiciuntur
2550 3184 2612 3269 (ἓ
2644 3186 2713 3268 8)
2760 3186 2927 3252 haec:

630 3298 962 3363 Latinas
1026 3331 1113 3342 —
1187 3296 1436 3379 primo
1516 3316 1832 3379 quoque
1910 3306 2268 3381 tempore
2333 3294 2526 3361 fieri
2595 3296 2923 3379 placere

629 3426 886 3488 neque
932 3402 1363 3483 consulem,
1412 3404 1539 3467 cui
1595 3403 1936 3470 eundum
1980 3407 2058 3470 in
2091 3404 2646 3470 Macedoniam
2693 3410 2921 3477 esset,

629 3514 911 3578 teneri.
979 3509 1204 3579 Codex
1248 3517 1584 3576 teneret.
1648 3511 2079 3578 Scribendum
2112 3514 2313 3596 igitur
2347 3519 2463 3591 est,
2502 3511 2680 3595 quod
2727 3512 2918 3577 etiam

631 3618 1144 3685 Forch'hammer
1186 3620 1377 3685 vidit:
1410 3638 1514 3695 ,ue
1555 3619 1739 3696 qnu
1785 3621 2198 3686 consulem
2239 3655 2327 3667 ——
2369 3625 2712 3685 teneret.

802 3726 956 3811 Cap.
1032 3731 1129 3806 18,
1203 3730 1266 3791 1:
1346 3727 1773 3810 Extemplo
1851 3730 2246 3812 apparuit
2312 3727 2710 3808 omnibus,
2777 3748 2922 3793 non

630 3835 998 3916 segniter
1042 3834 1124 3899 id
1167 3834 1470 3900 bellum
1512 3835 1582 3900 L.
1630 3835 2021 3901 AEmilium
2077 3842 2520 3919 gesturum,
2587 3843 2923 3919 praeter-

631 3962 864 4025 quam
911 3943 1121 4025 quod
1166 3942 1390 4009 alius
1432 3944 1554 4007 vir
1599 3948 1804 4025 erat,
1849 3945 2097 4009 etiam
2142 3944 2351 4027 quod
2394 3944 2568 4008 dies
2613 3951 2922 4010 noctes·

629 4071 778 4135 que
825 4051 1194 4116 intentus
1228 4071 1320 4116 ea
1364 4049 1558 4129 sola,
1605 4071 1770 4133 quae
1804 4051 1902 4117 ad
1945 4051 2024 4117 id
2060 4052 2360 4118 bellum
2392 4053 2922 4135 pertinerent,

629 4159 896 4224 animo
962 4158 1360 4240 agitabat.
1453 4150 1596 4223 Vox
1640 4159 1849 4224 alius
1914 4181 2048 4227 non
2091 4160 2326 4241 habet,
2395 4181 2522 4244 quo
2579 4159 2920 4237 referatur,

628 4266 940 4350 quoniam
986 4268 1281 4351 priorum
1325 4267 1392 4332 in
1437 4266 1828 4333 Macedonia
1869 4268 2338 4351 imperatorum
2394 4267 2579 4332 nulla
2634 4270 2919 4354 proxime

629 4375 965 4456 praecessit
1009 4376 1286 4456 mentio;
1335 4374 1568 4453 codex:
1636 4375 1849 4459 quod
1892 4374 2116 4457 aliis;
2160 4383 2336 4443 recte
2382 4376 2915 4443 Forchhammer:

629 4489 1174 4566 praeterquam
1222 4483 1435 4566 quod
1470 4482 1658 4545 tells
1691 4484 1813 4547 vir
1856 4491 2042 4549 erat
2073 4496 2217 4563 cet„
2264 4483 2333 4549 id
2377 4494 2499 4565 est,
2547 4506 2589 4550 a
2623 4505 2753 4568 quo
2795 4506 2918 4550 non
