3230 5282
1508 581 1635 645 459

412 770 672 834 minuta
725 787 860 832 11011
916 764 1015 829 ita
1070 786 1282 848 pauca
1334 766 1539 832 tacite
1598 766 1841 832 codicis
1895 767 2268 850 Moguntini
2325 771 2723 835 auctoritate

411 876 718 953 correxit,
766 894 914 958 quae
958 893 1116 938 sane
1159 893 1293 937 11011
1335 873 1580 956 ubique
1629 880 1807 940 certo
1853 896 1894 939 a
1939 876 2330 940 coniecturis
2366 876 2721 941 discernas.

412 982 544 1049 Sed
616 989 869 1063 tamen,
939 986 1016 1045 ut
1080 981 1205 1046 hoc
1262 987 1444 1062 utar,
1511 980 1819 1063 XXXIV,
1886 986 1965 1046 41
1990 1034 2003 1060 ,
2071 988 2112 1046 4
2170 1004 2359 1048 nemo
2419 984 2720 1049 dubitare

406 1091 647 1173 possit,
715 1090 872 1171 quin
926 1108 1058 1152 non
1114 1087 1327 1153 solum
1386 1095 1461 1153 et
1509 1124 1585 1134 —
1634 1095 2062 1173 tyrannuS,
2130 1090 2304 1174 quod
2364 1089 2491 1174 legi
2538 1091 2724 1156 iubet

411 1196 732 1282 („lege“)‚
809 1195 923 1262 sed
1006 1196 1206 1260 etiam
1284 1196 1760 1278 praebebant
1826 1219 1945 1281 pro
2013 1197 2464 1282 praebebat,
2545 1200 2720 1280 quod

408 1306 612 1370 tacite
658 1306 908 1388 posuit,
968 1326 1002 1368 0
1047 1303 1115 1368 M
1160 1306 1542 1388 sumpserit,
1599 1326 1799 1386 quum
1861 1312 2212 1388 utrumque
2258 1304 2311 1369 B
2359 1304 2716 1371 confirmet.

403 1411 548 1477 Hoc
613 1419 835 1477 autem
902 1413 1292 1489 constituto,
1369 1433 1499 1476 non
1569 1414 1778 1496 magis
1849 1411 2284 1477 dubitandum
2346 1420 2476 1490 est,
2559 1414 2719 1497 quin

410 1519 683 1599 XXXV,
742 1524 853 1599 28,
916 1524 952 1581 6
1011 1519 1043 1583 f
1051 1526 1228 1584 oret
1282 1540 1402 1602 pro
1450 1527 1669 1584 esset
1716 1519 2026 1584 Gelenius
2072 1540 2202 1583 non
2248 1521 2449 1584 animi
2496 1541 2716 1598 causa,

407 1628 525 1692 sed
595 1649 635 1691 a
699 1627 767 1692 M
834 1628 1121 1691 monitus
1186 1629 1514 1711 posuerit,
1593 1629 1718 1692 etsi
1787 1628 1848 1691 h.
1908 1627 1949 1691 1.
2008 1626 2061 1690 Β
2120 1648 2248 1691 11011
2315 1627 2712 1710 adiungitur.

405 1734 534 1799 Sed
581 1733 894 1814 XXXIII,
957 1741 1068 1814 47,
1127 1738 1163 1797 3
1211 1757 1411 1813 nunc,
1480 1757 1635 1800 vera
1692 1736 2017 1817 scriptura
2061 1742 2352 1819 reperta,
2422 1744 2713 1818 apparet,

399 1844 576 1928 quod
634 1843 703 1906 in
760 1842 915 1907 edit.
962 1842 1132 1924 Mog.
1192 1864 1571 1925 expressum
1621 1849 1794 1919 erat,
1862 1843 2213 1907 extortis
2260 1844 2322 1906 in
2373 1843 2473 1907 ed.
2520 1842 2711 1908 Frob.

401 1950 616 2015 altera
674 1951 1056 2015 coniectura
1111 1971 1314 2035 prava
1362 1951 1427 2014 in
1474 1957 1805 2015 extorto
1852 1957 2176 2014 mutatum
2224 1971 2386 2015 esse.
2498 1951 2711 2032 Atque

400 2057 608 2136 illam,
669 2077 867 2140 quam
914 2058 1067 2135 dixi,
1123 2058 1504 2123 brevissime
1551 2059 1912 2122 adnotandi
1958 2059 2346 2123 varietatem
2392 2065 2458 2122 et
2503 2058 2708 2122 ambi-

397 2167 721 2249 guitatem
788 2165 1046 2246 („vetus
1114 2187 1168 2229 V.
1230 2167 1504 2248 antiqua
1582 2166 1858 2242 lectio“‚
1935 2165 2188 2246 „lege“,
2261 2166 2707 2248 ,‚legendum“‚

403 2273 569 2354 „legi
638 2273 912 2352 debet“,
976 2273 1259 2355 „legitur
1315 2273 1633 2349 rectius“,
1711 2274 2234 2351 „restituimus“,
2300 2273 2699 2352 „redundat“

396 2379 522 2445 hoc
567 2390 635 2444 et
678 2380 821 2459 hoc,
873 2382 1126 2459 „nescio
1174 2382 1320 2464 quis
1367 2380 1490 2445 hoc
1535 2383 1600 2444 in
1649 2380 1775 2445 hoc
1824 2380 2267 2470 depravavit“,
2315 2381 2496 2461 cett.)
2543 2380 2705 2445 nihil

397 2487 576 2552 aliud
632 2486 1001 2571 significare
1058 2491 1185 2553 nisi
1244 2488 1487 2553 codicis
1545 2489 1973 2572 scripturam,
2045 2488 2314 2553 infinitis
2368 2489 2531 2553 locis
2590 2510 2704 2571 ap-

395 2601 616 2679 paret,
684 2596 752 2660 in
798 2597 1037 2680 quibus
1083 2596 1256 2662 idem
1303 2604 1417 2661 aut·
1462 2598 1529 2661 in
1575 2597 1723 2661 aliis
1771 2595 2070 2661 omnibus
2117 2597 2452 2661 codicibus
2499 2595 2703 2678 (quod

397 2724 581 2768 error
637 2704 997 2768 editionum
1057 2684 1537 2787 corrigebatur)
1585 2714 1699 2768 aut
1746 2707 1810 2768 in
1857 2705 1909 2767 B
1956 2711 2072 2768 aut
2120 2704 2401 2788 denique
2448 2706 2511 2768 in
2562 2706 2703 2787 ipsa

395 2808 746 2876 Carbachii
793 2812 1220 2876 adnotatione
1265 2815 1611 2896 reperitur,
1670 2813 1848 2876 velut
1893 2814 1955 2873 in
2004 2832 2132 2875 uno
2180 2814 2397 2896 capite
2443 2812 2702 2887 XXXV,

401 2922 475 2981 19
522 2926 654 2998 ter;
712 2941 864 2984 nam
911 2918 943 3001 ἓ
991 2926 1029 2983 4
1077 2926 1144 2983 01
1192 2925 1227 2984 5
1276 2920 1605 3000 („vetusta
1652 2921 1981 3002 scriptura
2024 2920 2428 2983 inveniam
2473 2920 2695 2981 toto“

394 3033 459 3091 01
521 3048 792 3109 „quam
850 3027 1245 3108 redundat“)
1294 3036 1361 3092 et
1405 3027 1459 3090 B
1505 3035 1570 3091 et
1618 3027 1914 3115 vulgares
1962 3027 2422 3091 adsentiuntur
2468 3032 2533 3089 et
2580 3024 2612 3107 ἓ
2661 3030 2698 3087 6

393 3133 592 3217 („legi
641 3134 838 3199 (101101
882 3134 1155 3209 alium,
1215 3158 1384 3200 cum
1443 3155 1591 3217 quo
1653 3133 2136 3215 deliberes“)
2186 3133 2462 3211 alium,
2523 3132 2698 3214 quod

390 3243 455 3305 in
539 3243 774 3306 ceteris
853 3242 1188 3307 codicibus
1269 3243 1481 3320 deest,
1565 3244 1765 3307 etiam
1836 3241 2241 3306 Carbachius
2324 3243 2495 3305 inter
2563 3241 2695 3305 alia

391 3351 683 3415 enotavit
751 3371 785 3414 0
851 3349 947 3425 M,
1029 3351 1144 3415 sed
1224 3351 1424 3415 editio
1493 3351 1880 3432 Moguntina
1948 3349 2340 3432 neglexerat.
2465 3349 2697 3429 Itaque

391 3459 590 3521 etiam
647 3455 681 3539 ξ
739 3461 776 3520 6
836 3457 1032 3538 („odi
1105 3459 1448 3540 odioque
1519 3482 1687 3523 sum
1743 3458 1867 3541 legi
1931 3458 2194 3534 debet“)
2254 3480 2384 3522 non
2445 3460 2699 3522 coniec-

389 3573 540 3630 tura
607 3564 995 3644 adnotatur,
1041 3568 1191 3630 ‘etsi
1262 3568 1643 3630 coniectura
1707 3588 1837 3629 non
1909 3564 2160 3629 difficili
2228 3567 2504 3630 inveniri
2571 3566 2696 3629 hoc

389 3680 680 3755 poterat,
751 3672 865 3736 sed
923 3673 1294 3755 Moguntini
1367 3676 1695 3757 scriptura
1755 3675 1991 3738 ceteris
2052 3673 2158 3737 1110
2216 3693 2474 3756 (1110(1110
2532 3674 2696 3737 inte-

388 3781 642 3863 grioris.
754 3779 934 3843 Nihil
995 3783 1289 3863 apertius
1348 3784 1413 3844 in
1474 3781 1597 3845 hoc
1656 3802 1891 3865 genere
1950 3802 2147 3864 quam
2194 3781 2335 3845 haec
2382 3802 2435 3845 0.
2489 3785 2600 3858 13,
2659 3785 2694 3843 5

387 3888 453 3951 111
501 3889 766 3977 nomine
811 3888 992 3952 urbis
1040 3887 1319 3953 obscura
1364 3889 1682 3953 brevitas:
1748 3888 1829 3967 „S
1848 3889 1916 3952 01
1933 3910 2141 3971 gam,
2199 3910 2329 3953 non
2375 3887 2695 3965 Sicam“,

384 3996 499 4060 ubi
542 4016 845 4079 perverse
891 3996 1266 4060 coniectura
1312 3998 1629 4080 quaeritur
1674 3995 1854 4061 aliud
1899 4017 2137 4060 nomen
2183 4019 2304 4080 pro
2350 3997 2693 4080 aptissimo

386 4103 470 4168 ab
539 4104 789 4187 optimo
860 4102 1084 4167 codice
1155 4104 1396 4168 oblato.
1519 4104 1835 4186 Adeoque
1906 4105 2025 4168 hoc
2095 4111 2198 4168 est
2268 4111 2551 4180 certum,
2619 4113 2694 4167 ut

387 4233 442 4275 c.
495 4215 600 4289 17,
663 4214 731 4288 3,
790 4210 902 4275 ubi
951 4209 1358 4276 Carbachius
1404 4236 1438 4275 e
1485 4212 1710 4277 codice
1757 4213 2047 4276 enotavit
2093 4232 2181 4276 eo
2232 4233 2368 4294 spe
2414 4212 2694 4293 gratiae

384 4320 643 4383 maior
699 4320 889 4395 erit,
956 4318 1265 4383 Gelenius
1321 4327 1544 4384 autem
1588 4320 1728 4384 haec
1774 4319 2153 4402 adscripsit:
2230 4320 2439 4401 „Lege
2488 4340 2691 4401 spes,

383 4449 511 4492 non
567 4426 774 4510 spe“,
842 4447 972 4491 non
1017 4425 1366 4491 Carbachii
1424 4427 1738 4492 iudicium
1796 4427 2088 4491 codicem
2137 4428 2507 4509 sequentis),
2577 4424 2692 4489 sed
