3230 5282
443 783 547 852 (76)

577 606 701 661 Lib.
736 606 835 662 111.
1123 635 1130 643 ·
1684 594 1764 656 92

758 777 916 863 Cap.
964 783 1062 859 37,
1108 783 1179 843 2:
1227 778 1628 844 Primores
1672 785 1991 863 patrum
2037 779 2311 846 odisse
2357 779 2875 859 decemvirOS,

580 887 862 954 odisse
918 887 1265 972 plebem3
1328 908 1473 952 neo
1515 887 1897 971 probare,
1966 909 2134 972 quae
2177 887 2513 968 fierent,
2581 893 2662 953 et
2704 907 2873 952 ore-

580 998 769 1062 dere
803 996 1015 1062 haud
1048 996 1407 1080 indignis
1441 996 1850 1077 accidere3
1896 996 2129 1062 avide
2162 995 2469 1062 ruendo
2505 997 2604 1063 ad
2636 995 2875 1061 liber·

577 1111 828 1170 tatem
885 1105 965 1169 in
1022 1105 1514 1170 servitutem
1572 1105 1906 1189 elapsos
1962 1105 2240 1171 iuvare
2283 1105 2536 1185 nolle,
2605 1125 2874 1170 cumu-

577 1214 751 1279 lare
809 1234 1129 1297 quoque
1186 1214 1569 1293 iniuria8‚
1639 1219 1726 1279 ut
1793 1213 2037 1278 taedio
2104 1215 2629 1298 praesentium
2687 1232 2873 1278 con-

580 1322 799 1388 sules
879 1321 1030 1387 duo
1109 1321 1436 1386 tandem
1504 1327 1583 1387 et
1653 1326 1921 1387 status
1998 1321 2403 1406 pristinus
2468 1342 2730 1387 rerum
2797 1323 2873 1386 in

581 1429 1081 1496 desiderium
1125 1431 1476 1494 veniant.
1564 1429 1841 1495 Prorsus
1885 1429 2358 1495 incredibiliter
2399 1432 2718 1515 primores
2761 1451 2877 1514 pa-

577 1546 771 1619 trum,
830 1539 946 1623 qui
991 1536 1268 1603 oderant
1315 1538 1711 1603 decemviros
1758 1543 1844 1616 et,
1901 1558 2045 1622 quae
2089 1537 2340 1618 fierent,
2395 1538 2880 1623 improbabant,

582 1647 951 1712 cumulasse
1019 1646 1144 1729 ipsi
1209 1646 1489 1711 iniurias
1558 1646 2070 1711 decemvirorum
2126 1652 2510 1728 narrantur,
2576 1647 2703 1712 hoc
2756 1653 2876 1723 est,

580 1758 840 1822 auxisse
886 1756 1049 1820 alias
1096 1752 1428 1835 addend03
1494 1775 1614 1820 nec
1670 1753 1967 1838 profecto
2012 1755 2079 1819 in
2126 1744 2523 1820 desiderium
2566 1761 2878 1821 venturus

579 1871 723 1930 erat
767 1864 1083 1949 pristinus
1130 1869 1343 1929 status
1391 1868 1458 1927 et
1503 1863 1917 1942 consulatuS,
1986 1864 2041 1928 si
2098 1862 2339 1947 plebeii
2393 1865 2717 1948 primores
2762 1886 2878 1948 pa-

579 1979 789 2052 trum,
859 1972 971 2056 qui
1029 1971 1326 2036 consules
1383 1969 1588 2036 futuri
1648 1976 1838 2036 erant
1885 1975 1953 2036 et
1995 1970 2385 2055 plurimum,
2456 1973 2511 2037 si
2557 1973 2879 2056 pristinus

444 2091 549 2160 (77)
590 2087 803 2147 status
869 2079 1176 2160 redisset,
1253 2081 1561 2164 potentiae
1624 2077 1944 2159 habituri,
2023 2079 2299 2144 iniurias
2369 2080 2879 2146 decemvirorum

579 2189 982 2255 cumulantes
1024 2187 1338 2253 viderent.
1423 2185 1520 2273 (Si
1566 2188 1714 2270 quis
1761 2188 2175 2253 cumulare
2224 2189 2649 2273 interpretari
2684 2209 2878 2253 cona-

577 2298 758 2364 bitur
803 2318 890 2360 or
914 2297 1187 2361 atione
1233 2314 1548 2377 augere,
1604 2316 1818 2379 neque
1861 2295 1930 2360 id
1973 2296 2171 2361 verbo
2220 2296 2625 2380 significatur
2669 2317 2881 2380 neque

577 2407 899 2490 primores
956 2408 1222 2487 patrum
1281 2423 1429 2467 cum
1492 2401 1770 2486 plebeiis
1817 2425 2153 2470 sermones
2201 2403 2628 2470 conferebant
2671 2424 2884 2488 neque

584 2514 712 2580 hoc
778 2513 915 2578 ullo
972 2509 1168 2578 modo
1226 2510 1555 2594 particula
1608 2533 1928 2595 quoque
1984 2519 2301 2597 tanquam
2358 2513 2619 2597 gravius
2676 2512 2881 2596 priori

583 2621 683 2687 illi
747 2622 1023 2686 iuvare
1089 2619 1307 2685 nolle
1375 2618 1640 2704 adiungi
1705 2619 2018 2704 poterat.)
2127 2619 2413 2687 Tantum
2479 2620 2739 2701 aberat,
2806 2626 2881 2686 ut

584 2736 805 2816 patres
886 2729 1144 2814 plebem
1212 2728 1397 2795 avide
1462 2727 1714 2794 ruendo
1782 2729 1868 2794 ad
1931 2729 2302 2795 libertatem
2368 2731 2437 2795 in
2502 2731 2878 2795 servitutem

584 2838 841 2924 lapsam
884 2839 1108 2903 iuvare
1153 2836 1410 2915 vellent,
1458 2843 1535 2901 ut
1577 2837 1842 2920 gravius
1878 2838 2076 2902 etiam
2110 2860 2241 2904 non
2278 2839 2430 2917 suiS,
2475 2837 2592 2902 sed
2626 2837 2880 2902 decem-

585 2949 869 3019 virorum
913 2946 1170 3011 iniuriis
1218 2945 1496 3029 opprimi
1540 2965 1688 3010 eam
1734 2952 2080 3029 cuperent,
2149 2947 2241 3011 sic
2287 2944 2684 3011 desiderium
2729 2965 2880 3010 con-

588 3056 844 3122 sulatus
891 3063 957 3120 et
1001 3054 1267 3139 pristini
1314 3059 1533 3119 status
1579 3052 1901 3117 oriturum
1945 3054 2094 3119 rati.
2204 3053 2304 3119 Ea
2361 3055 2690 3119 sententia
2745 3052 2880 3118 effi-

587 3165 797 3231 cietur
840 3184 970 3228 una
1013 3163 1238 3228 littera
1279 3166 1563 3227 mutata:
1627 3162 1706 3225 in
1753 3162 2233 3227 servitutem
2279 3162 2559 3246 lapsos
2605 3163 2882 3226 iuvare

721 3439 909 3503 patres
952 3449 1070 3487 rem
1115 3434 1293 3503 ipsam
1341 3433 1408 3486 de
1454 3432 1670 3502 legibus
1706 3450 1822 3486 non
1860 3434 2142 3504 aspernati
2179 3439 2503 3502 narrantur,
2557 3433 2655 3487 sed
2690 3431 2882 3486 datu·

722 3536 863 3572 rum
927 3519 1121 3587 leges
1173 3517 1507 3572 neminem
1560 3519 1702 3572 nisi
1756 3535 1834 3572 ex
1885 3520 2206 3588 patribus
2261 3519 2484 3574 dixisse.
2582 3519 2756 3587 Atqui
2811 3518 2881 3573 de

723 3603 1039 3658 ferendis
1093 3603 1310 3673 legibus
1365 3602 1639 3671 agebatur
1685 3602 1770 3671 (ac
1814 3623 1886 3659 ne
1923 3604 2169 3673 dubites,
2225 3605 2500 3674 sequitur:
2558 3622 2757 3672 quum
2801 3603 2882 3657 de

723 3690 994 3758 legibus
1031 3688 1467 3755 conveniret,
1514 3689 1592 3744 de
1628 3689 1855 3743 latore
1889 3694 2162 3745 tantum
2198 3687 2659 3758 discreparet),
2703 3705 2884 3757 neque

723 3775 854 3829 ullae
899 3791 1144 3844 unquam
1180 3775 1238 3828 in
1274 3791 1335 3828 re
1371 3773 1598 3843 publica
1631 3774 1886 3829 Romana
1931 3775 2102 3829 datae
2151 3776 2305 3844 leges
2341 3781 2475 3830 sunt
2509 3775 2638 3842 (nisi
2674 3776 2722 3829 si
2757 3776 2882 3843 quis

723 3863 906 3930 legem
934 3878 967 3914 a
996 3878 1053 3915 se
1083 3860 1452 3930 compositam
1481 3860 1663 3928 alteri,
1699 3865 1763 3914 ut
1791 3878 1895 3930 pro
1917 3879 2016 3915 sua
2034 3861 2220 3928 ferret,
2257 3860 2453 3928 dedit),
2489 3877 2672 3929 neque
2689 3861 2749 3915 id
2765 3877 2887 3914 ver-

724 3948 860 4000 bum
895 3946 965 4001 de
1001 3963 1068 4000 ea
1100 3964 1161 3999 re
1198 3947 1288 4013 (de
1321 3963 1454 4001 vera
1488 3945 1547 3998 in
1582 3963 1643 3998 re
1678 3945 1904 4015 publica
1938 3945 2082 4016 lege)
2133 3947 2203 4001 ab
2238 3946 2494 4003 Romano
2529 3945 2758 4001 homine
2784 3962 2885 4014 po·

727 4033 894 4086 situm
921 4036 1009 4084 est
1033 4032 1238 4101 ponive
1265 4031 1468 4100 potuit,
1498 4030 1648 4099 quod
1678 4030 1750 4085 ab
1774 4031 2050 4086 institutis
2078 4038 2134 4086 et
2161 4032 2487 4087 notionibus
2504 4031 2883 4086 Romanorum

723 4117 1049 4186 longissime
1086 4116 1435 4170 abhorrebat.
1483 4116 1683 4184 Itaque
1708 4115 1895 4182 Drak,
1931 4135 2004 4172 ne
2040 4123 2339 4185 cogeretur
2376 4115 2390 4168 1
2430 4135 2532 4187 pro
2572 4118 2600 4170 d
2638 4117 2885 4171 scribere

728 4203 1046 4270 (laturum
1088 4201 1314 4271 leges),
1362 4219 1395 4255 a
1419 4200 1669 4269 Vergilio
1697 4202 1854 4256 iura
1881 4201 2031 4257 data
2057 4202 2352 4258 advocavit
2382 4208 2438 4257 et
2465 4219 2532 4257 ea
2561 4201 2885 4256 defensione

726 4289 929 4343 ceteris
967 4287 1252 4343 satisfecit.
1337 4286 1579 4354 (Dantur
1613 4287 1766 4356 leges
1800 4287 1965 4342 victis
2003 4304 2037 4341 a
2071 4288 2394 4356 victoribus,
2432 4288 2598 4344 sociis
2634 4292 2692 4342 et
2725 4286 2882 4341 dedi·

727 4374 877 4427 ticiis
916 4391 946 4426 a
983 4378 1180 4427 senatu
1215 4378 1272 4426 et
1307 4371 1738 4442 imperatoribus
1778 4371 1912 4441 [Cic.
1948 4372 2109 4427 Verr.
2146 4373 2217 4443 11,
2260 4375 2384 4442 121;
2427 4373 2548 4428 Liv.
2588 4372 2682 4441 IX,
2721 4374 2802 4440 20,
2834 4374 2885 4438 5,

725 4459 894 4527 XLV,
931 4461 1014 4526 31,
1055 4456 1124 4527 1],
1161 4458 1257 4527 qui
1293 4457 1460 4511 etiam
1496 4457 1652 4525 pacis
1687 4458 1842 4527 leges
1877 4457 2051 4526 dant.)
