3230 5282
609 609 732 666 Lib.
769 608 933 664 XLV.
1692 597 1814 658 754

609 803 749 867 per
804 783 1331 848 centuriones
1388 781 1709 860 divisit,
1776 783 2012 866 scripsi
2079 798 2434 865 novaque
2491 782 2631 861 iis3
2696 782 2892 845 viris

609 892 1046 975 geminatione
1112 890 1484 955 litterarum
1540 911 1634 955 ue
1702 897 1919 957 ortum
1974 889 2226 975 puto.¹)
2312 890 2479 956 Nam
2524 890 2704 974 quod
2746 890 2894 955 Nie-

603 1001 878 1067 buhrius
924 1001 1098 1065 viros
1143 1020 1261 1082 pro
1309 999 1641 1083 peditibus
1677 1000 1889 1066 dictos
1925 1003 2132 1084 putat,
2178 999 2406 1065 subiici
2445 1001 2619 1065 enim
2666 1022 2701 1066 e
2745 1021 2896 1067 con-

605 1111 810 1175 trario
857 1110 1313 1193 equitatum
1358 1129 1702 1193 quoque,
1750 1109 2057 1174 dicuntur
2102 1110 2195 1175 sic
2239 1109 2635 1174 coniunctim
2684 1112 2898 1192 equi-

606 1225 730 1285 tes
797 1219 1117 1302 virique
1183 1217 1397 1301 (equi
1461 1217 1824 1299 virique),
1891 1218 2047 1282 viri
2104 1217 2368 1301 quidem
2423 1239 2541 1302 per
2596 1239 2694 1298 se,
2742 1218 2901 1284 sub-

610 1333 924 1410 sequente
968 1328 1036 1391 in
1080 1325 1293 1392 altero
1338 1325 1597 1391 demum
1645 1327 1964 1392 orationis
2020 1326 2311 1392 membro
2368 1327 2662 1408 equitnm
2717 1348 2899 1392 men-

605 1438 802 1517 tione,
848 1456 1200 1518 nusquam,
1248 1434 1585 1518 multoque
1631 1436 1861 1515 minus,
1905 1435 2311 1519 praecedente
2368 1435 2521 1500 hoc:
2590 1435 2898 1501 referre

605 1550 886 1610 vetera
930 1565 1149 1610 arma
1204 1545 1512 1610 milites
1566 1545 1846 1624 iussit,
1907 1550 2085 1609 recte
2128 1564 2492 1628 novaque
2535 1545 2737 1610 viris
2778 1544 2899 1609 illa

606 1652 1084 1735 significatione
1163 1652 1529 1719 subiicitur.
1633 1652 1868 1719 Statim
1949 1658 2125 1737 post,
2206 1651 2320 1718 ubi
2401 1658 2530 1718 est:
2609 1652 2897 1719 fabros

608 1782 799 1827 cura
864 1762 1414 1844 conquisitos,
1484 1784 1617 1828 non
1676 1761 1934 1841 dubito,
1993 1763 2154 1844 quin
2211 1760 2431 1826 Livius
2489 1781 2656 1826 cum
2703 1783 2899 1827 cura

604 1871 968 1954 scripserit,
1017 1875 1092 1934 ut
1136 1869 1339 1952 XXII,
1386 1875 1487 1950 42,
1537 1876 1593 1950 5,
1641 1870 1879 1950 XXIII,
1927 1874 2025 1949 31,
2076 1874 2151 1934 15
2191 1877 2256 1935 et
2302 1873 2400 1951 33,
2445 1874 2504 1949 8,
2549 1869 2749 1950 XXV,
2797 1874 2899 1946 22,

604 1977 968 2059 2‚xxv11‚
1037 1982 1138 2059 24,
1199 1983 1259 2060 s,
1326 1978 1585 2059 xxxv,
1647 1983 1706 2058 9,
1754 1983 1812 2059 4,
1882 1976 2234 2059 xxxvm,
2296 1983 2392 2058 18,
2440 1983 2478 2043 7
2535 1985 2603 2043 et
2647 1982 2747 2057 23,
2798 1982 2893 2056 10,

605 2086 902 2167 XXXIX,
952 2091 1010 2167 7,
1059 2092 1128 2168 ὃς
1173 2109 1363 2153 cura
1407 2087 1619 2153 solum
1664 2089 1775 2172 qui
1820 2087 1899 2152 de
1934 2087 2126 2152 modo
2159 2088 2256 2153 rei
2301 2087 2567 2171 agendae
2590 2088 2896 2172 posuerit,

603 2197 928 2262 adiectivo
966 2218 1095 2263 non
1134 2196 1380 2276 addito,
1420 2218 1551 2262 non
1587 2197 1875 2280 reperio,
1920 2196 2114 2262 aliter
2148 2194 2378 2275 XXVI,
2414 2201 2515 2276 45,
2553 2201 2591 2260 9
2630 2195 2896 2260 dicitur:

603 2327 799 2371 cura
852 2325 945 2370 ac
988 2306 1326 2370 ratione
1384 2311 1881 2389 compertum
1923 2306 2002 2369 in
2052 2303 2515 2389 prodigium
2558 2324 2646 2369 ac
2702 2304 2899 2369 deos

600 2413 1015 2494 vertens.²)

773 2521 850 2588 In
906 2522 1136 2605 fragm.
1199 2520 1312 2586 lib.
1363 2519 1537 2586 CXX
1595 2523 1771 2607 apud
1828 2523 2140 2588 Senecam
2208 2521 2537 2586 rhetorem
2582 2519 2767 2586 Suas.
2813 2518 2904 2584 vl

610 2637 867 2697 servato
914 2636 981 2697 et
1025 2651 1067 2695 a
1111 2631 1348 2696 ceteris
1395 2636 1462 2697 et
1523 2653 1564 2697 a
1609 2631 1929 2698 Bursiano
1989 2632 2126 2696 sine
2184 2630 2323 2697 ulla
2382 2631 2698 2697 varietate
2744 2629 2901 2694 scri-

605 2739 816 2805 bitur:
896 2741 1209 2824 magnis
1286 2741 1614 2806 interim
1700 2743 1915 2806 ictus
1991 2739 2504 2820 vulneribus,
2572 2738 2902 2817 exsilio,

535 2873 547 2885 ·
609 2850 844 2914 ruina
898 2850 1278 2933 partium,
1345 2871 1488 2933 pro
1547 2849 1841 2932 quibus
1899 2854 2279 2929 steterat,
2347 2847 2552 2913 siliae
2605 2855 2905 2926 morte,

611 2959 838 3022 exitu
895 2963 1054 3024 tam
1107 2959 1349 3023 tristi
1406 2964 1654 3040 atque
1711 2957 2024 3025 acerbo.
2114 2955 2203 3022 Et
2246 2963 2465 3022 tamen
2510 2955 2671 3040 quid
2715 2977 2910 3041 aper-

608 3067 774 3146 tina,
822 3088 1018 3149 quam
1062 3087 1193 3131 non
1239 3089 1430 3150 posse
1475 3074 1593 3133 aut
1636 3088 1917 3149 usquam
1961 3072 2079 3132 aut
2125 3067 2192 3132 in
2239 3064 2364 3130 hac
2415 3065 2911 3131 enumeratione

613 3176 885 3240 eandem
931 3196 1067 3239 rem
1111 3174 1214 3240 bis
1261 3174 1355 3240 sic
1402 3175 1782 3258 significari,
1847 3182 1922 3240 ut
1976 3176 2257 3260 primum
2300 3173 2504 3239 filiae
2548 3193 2762 3238 mors
2809 3172 2911 3237 di-

611 3292 828 3363 catur,
875 3283 1108 3349 deinde
1155 3283 1643 3367 superaddatur
1691 3284 2064 3350 distinctius
2111 3284 2379 3348 exitus
2424 3289 2581 3347 tam
2626 3281 2913 3346 tristis

613 3399 856 3477 atque
924 3392 1322 3457 acerbus?
1407 3391 1589 3457 Filiae
1658 3394 1828 3458 enim
1895 3393 2107 3459 exitus
2175 3397 2402 3475 aperte
2470 3390 2910 3474 significatur3

613 3500 948 3593 Ciceronis
990 3501 1199 3586 ipsius
1242 3523 1456 3585 neque
1513 3502 1793 3568 acerbus
1856 3500 2174 3584 (Romano
2233 3500 2412 3566 vocis
2472 3521 2628 3580 usu,
2672 3499 2741 3563 id
2786 3506 2911 3580 est,

615 3613 1074 3694 praematurus)
1118 3609 1244 3674 fuit
1286 3631 1498 3693 neque
1545 3610 1721 3675 inter
1766 3631 1845 3676 ea
1889 3610 2080 3689 mala,
2127 3630 2270 3692 quoe
2313 3610 2495 3674 vivus
2538 3628 2771 3691 parum
2814 3609 2912 3672 vi·

611 3719 823 3783 riliter
864 3718 1036 3799 tulit,
1081 3720 1411 3784 numerari
1456 3726 1738 3802 poterat.
1828 3718 2062 3803 Itaque
2107 3725 2395 3803 apparet,
2439 3738 2641 3800 quum
2687 3716 2913 3783 Livius

615 3827 986 3911 scripsisset
1051 3826 1250 3892 filiae
1308 3828 1534 3892 exitu
1588 3834 1753 3892 tam
1818 3828 2053 3893 tristi
2108 3833 2357 3912 atque
2403 3826 2735 3908 acerbo,
2791 3827 2911 3892 ad·

618 3936 932 4020 scriptum
992 3955 1136 3999 esse
1193 3943 1476 4015 morte,
1537 3937 1734 4021 idque
1778 3936 1947 4002 male
1991 3937 2059 4000 in
2105 3941 2481 4001 contextum
2524 3933 2909 4020 receptum]

786 4044 1065 4109 Tantum
1113 4052 1284 4124 erat,
1341 4044 1518 4126 quod
1572 4050 1725 4130 post
1783 4046 1947 4111 alios
1991 4044 2157 4110 Livii
2200 4043 2387 4110 libris
2433 4044 2910 4111 emendationis

627 4154 1055 4237 impertirem.

667 4338 719 4404 ¹)
755 4335 1098 4409 [Kruegerus
1133 4341 1346 4411 periis
1391 4342 1479 4396 vel
1523 4341 1727 4412 piriis
1763 4342 1824 4397 in
1860 4342 1983 4397 cod.
2021 4359 2141 4397 esse
2186 4339 2393 4410 tradit;
2451 4344 2643 4412 potest
2685 4357 2810 4411 por
2844 4359 2917 4398 ex

757 4427 1018 4495 sequenti
1053 4443 1172 4496 per
1207 4430 1396 4481 ortum
1433 4424 1589 4495 essa]

668 4510 723 4577 ¹)
761 4508 1128 4581 [Kruegerust
1181 4512 1348 4581 „Post
1382 4512 1623 4569 fabros
1658 4513 1863 4568 littero
1902 4512 1935 4565 ὓ
1970 4514 2269 4583 vestigium
2313 4513 2537 4568 videtur
2580 4513 2779 4569 adesse
2811 4532 2917 4584 po·

757 4602 981 4668 testque
1017 4597 1188 4652 fixisse
1225 4596 1414 4667 CV’.“]
