3230 5282
485 596 611 651 Lib.
648 596 819 650 XXV.
1583 582 1707 643 368

488 770 812 833 rationem
892 788 1095 833 onera
1173 766 1530 832 amoliendi
1611 766 1977 831 indicatam
2043 765 2269 832 fuisse.
2392 767 2612 848 Atque
2677 767 2804 832 hoc

489 876 831 941 sententiae
886 876 1118 939 vitium
1174 874 1383 939 haeret
1444 874 1644 938 etiam
1700 874 1767 937 in
1815 894 1920 955 ea,
1979 896 2178 960 quam
2221 875 2802 961 Weissenbornius

492 1004 532 1048 a
578 983 875 1048 codicum
931 983 1226 1065 vestigiis
1269 982 1464 1065 longe
1509 980 1822 1046 recedens
1868 982 2252 1048 dubitanter
2297 985 2606 1063 tentavit,
2660 1005 2804 1048 cor-

489 1092 784 1157 rectione
830 1089 1101 1173 (facile
1161 1098 1340 1155 erat
1391 1089 2035 1173 trepidantibus.
2151 1090 2402 1167 Quum
2468 1092 2803 1157 amoliti

492 1198 665 1280 cet).
777 1199 875 1263 Ex
931 1198 1092 1277 illis,
1163 1220 1310 1282 quae
1368 1197 1535 1277 dixi,
1600 1199 1895 1282 vestigiis
1953 1200 2095 1263 erui
2151 1220 2347 1282 posse
2406 1199 2665 1265 videtur
2720 1199 2805 1264 ad

489 1328 630 1371 rem
675 1313 980 1391 perapte:
1039 1305 1291 1370 facile
1338 1311 1535 1371 erat.
1626 1307 2051 1370 ‘rr-dentes
2096 1307 2417 1371 sudibus
2464 1305 2802 1388 (Trahen-

491 1421 607 1477 tes
662 1413 1045 1494 trudibus)
1104 1435 1338 1497 quum
1399 1414 1723 1479 amoliti
1771 1420 1894 1480 cet.
2008 1415 2293 1479 Sudibus
2340 1438 2386 1502 ‘e
2443 1415 2802 1501 longinquo
2903 1414 2908 1419 ’

491 1522 833 1588 trudentes
890 1542 1269 1605 compagem
1332 1528 1397 1585 et
1443 1542 1684 1605 saepem
1734 1522 2129 1587 clitellamm
2175 1544 2578 1605 onerumque
2622 1524 2806 1589 laxa-

491 1636 649 1695 runt
705 1638 771 1695 et
830 1629 1084 1695 amoliti
1146 1636 1321 1694 sunt.
1436 1629 1795 1695 Sudibus
1853 1631 2121 1715 quidem
2181 1631 2329 1712 (aut
2384 1630 2806 1713 trudibus)

492 1739 558 1802 iu
603 1737 846 1803 litteris
894 1737 1107 1803 sdibi
1155 1737 1366 1802 latere
1414 1754 1623 1821 prope
1669 1743 1921 1802 certum
1967 1739 2243 1803 videtur.

666 1843 824 1929 Cap.
874 1849 983 1925 37,
1048 1851 1119 1908 11
1184 1844 1294 1927 (de
1341 1846 1655 1910 Romanis
1713 1846 1933 1911 subito
1980 1870 2020 1911 a
2061 1868 2335 1912 maerore
2394 1854 2463 1913 et
2520 1848 2806 1930 querelis

494 1954 580 2019 ad
636 1961 1020 2038 oppugnata
1066 1974 1107 2017 a
1151 1954 1391 2018 Poenis
1437 1961 1662 2018 castra
1706 1953 2115 2019 defendenda
2160 1955 2554 2036 conversis):
2612 1955 2806 2021 Inde

495 2083 728 2127 verso
796 2068 1132 2145 repente
1199 2062 1278 2126 in
1347 2063 1552 2125 iram
1608 2061 1837 2127 luctu
1898 2062 2378 2127 discurrunt
2434 2063 2530 2154 ad
2589 2084 2809 2128 arma

496 2192 584 2235 ac
650 2170 905 2235 veluti
973 2170 1297 2234 accensi
1367 2168 1594 2233 rabie
1671 2169 2149 2235 discurrunt
2216 2171 2312 2236 ad
2378 2156 2661 2254 portas
2730 2178 2808 2236 et

494 2280 571 2343 in
629 2279 938 2345 hostem
993 2277 1526 2360 neglegenter
1584 2285 1833 2361 atque
1891 2280 2445 2362 incomposite
2491 2282 2806 2345 venien-

496 2392 652 2451 tem
698 2388 1145 2450 incurrunt.
1253 2385 1442 2462 Quod
1488 2386 1762 2469 quidam
1810 2386 2230 2465 adscribunt,
2293 2387 2807 2453 eiusdem-vocis

498 2495 959 2577 repetitionem
1028 2515 1069 2557 a
1137 2493 1318 2558 Livio
1395 2514 1527 2558 non
1595 2495 1889 2559 studiose
1955 2495 2184 2573 vitari,
2264 2516 2602 2579 nunquam
2668 2501 2807 2561 tam

496 2601 688 2668 foede
756 2600 1031 2667 eandem
1096 2600 1374 2667 formam
1444 2601 1742 2667 eiusdem
1812 2602 1994 2668 verbi
2055 2603 2447 2688 interposita
2503 2603 2808 2668 coniunc-

500 2713 682 2778 tione
740 2711 1097 2793 geminavit
1154 2709 1663 2790 (discurrunt
1705 2747 1791 2755 —
1837 2732 1927 2776 ac
1971 2747 2054 2756 --
2101 2710 2636 2793 discurrunt),
2694 2711 2811 2775 ad-

499 2821 672 2885 iecto
720 2819 918 2884 etiam
963 2839 1041 2882 ex
1089 2818 1320 2883 eadem
1366 2818 1588 2882 radice
1637 2818 1951 2883 simillimi
1995 2820 2136 2884 soni
2178 2819 2377 2884 verbo
2425 2820 2531 2899 (et
2575 2855 2662 2864 —
2705 2820 2814 2883 in-

502 2927 889 3009 currunt).
990 2926 1265 2991 Accedit
1310 2926 1489 2991 aliud
1536 2928 1759 2991 mendi
1804 2927 2135 3007 indicium,
2194 2926 2371 3011 quod
2418 2948 2625 3010 prava
2667 2949 2815 3011 gra-

502 3036 767 3100 datione
846 3036 1018 3099 inter
1098 3035 1468 3099 discursum
1535 3034 1619 3097 ad
1690 3056 1875 3099 arma
1942 3042 2008 3100 et
2076 3034 2162 3099 ad
2228 3042 2456 3119 portas
2524 3036 2816 3119 interpo-

501 3150 750 3208 nuntur
806 3142 947 3209 illa:
1016 3143 1242 3207 velut
1299 3143 1625 3206 accensi
1681 3143 1938 3222 rabie,
1997 3163 2144 3226 quae
2203 3143 2472 3226 propius
2528 3143 2814 3208 intuenti

503 3251 853 3335 apparebit
919 3250 1004 3314 ad
1071 3252 1387 3333 impetum
1455 3251 1520 3314 in
1587 3251 1847 3316 hostem
1915 3251 2266 3334 pertinere.
2392 3251 2544 3317 Sine
2613 3251 2814 3316 dubio

507 3360 725 3424 Livius
779 3357 943 3422 nihil
1002 3358 1127 3422 nisi
1183 3358 1324 3422 haec
1384 3359 1683 3442 scripsit:
1760 3359 2241 3424 discurrunt
2297 3359 2393 3423 ad
2449 3379 2667 3422 arma
2724 3377 2814 3421 ac

505 3490 559 3530 v.
609 3488 668 3530 a.
713 3465 944 3531 rabie
1002 3466 1082 3529 in
1127 3465 1444 3530 hostem
1487 3502 1573 3511 —
1617 3468 2084 3532 incurrunt.
2186 3465 2461 3530 Addidit
2503 3464 2619 3529 illa
2663 3463 2815 3528 dis-

505 3581 842 3639 currunt
887 3574 983 3638 ad
1029 3580 1310 3657 portas
1357 3581 1438 3638 et
1482 3574 1754 3659 aliquiS,
1815 3576 1928 3657 (1111
1976 3574 2334 3657 pleniorem
2378 3574 2474 3638 rei
2522 3573 2818 3637 ordinem

505 3688 572 3747 et
648 3684 862 3747 exitus
932 3704 967 3746 e
1034 3684 1270 3747 castris
1359 3683 1758 3748 mentionem
1839 3683 2274 3763 desideravit3
2363 3680 2507 3765 [aut
2576 3682 2820 3765 potius,

509 3809 709 3873 quum
753 3791 818 3856 in
866 3791 1166 3856 discursu
1212 3791 1340 3855 loci
1390 3790 1933 3873 significationem
1977 3793 2366 3874 requireret,
2416 3811 2619 3874 supra
2664 3790 2823 3854 dis-

510 3905 850 3963 currunt
908 3898 1004 3963 ad
1061 3919 1288 3962 arma
1344 3898 1610 3981 scripsit
1665 3897 2143 3962 discurrunt
2202 3897 2300 3962 ad
2357 3905 2644 3981 portas
2699 3918 2820 3981 pro

510 4008 938 4086 correctione,
986 4026 1193 4088 eaque
1240 4007 1560 4071 correctio
1607 4005 1740 4070 alio
1784 4005 1932 4071 loco
1968 4006 2220 4070 inserta
2254 4011 2356 4069 est
2392 4003 2823 4087 additumque

511 4113 636 4199 et].
725 4114 965 4193 LiviuS,
1025 4115 1079 4179 si
1125 4120 1355 4198 portas
1401 4114 2005 4180 commemorandas
2047 4117 2367 4197 putasset,
2418 4113 2822 4196 scripsisset:

342 4237 486 4306 (302)
525 4224 1001 4290 discurrunt
1055 4224 1150 4288 ad
1207 4245 1422 4290 arma
1480 4228 1556 4287 et
1612 4222 1708 4286 ad
1762 4228 2052 4305 portas
2099 4241 2191 4285 ac
2237 4218 2493 4285 veluti
2541 4225 2663 4284 cet.
2755 4217 2823 4283 Si

514 4333 659 4417 quis
706 4333 945 4399 omissa
992 4332 1117 4398 hoc
1162 4331 1309 4397 loco
1358 4352 1397 4395 a
1441 4329 1715 4395 librario
1760 4329 1962 4394 verba
2007 4335 2075 4395 et
2118 4335 2354 4413 postea
2400 4328 2531 4393 alio
2578 4326 2824 4403 ordine,
