3230 5282
1504 609 1580 675 91
1605 624 1610 629 “
2431 625 2554 681 Lib.
2592 625 2688 681 ΠΙ.

388 813 571 877 pum
615 792 999 858 Martium
1044 793 1308 877 proprio
1356 800 1668 879 certoque
1712 795 1972 860 nomine
2018 795 2323 880 appellat,
2371 799 2511 864 sine
2556 798 2693 864 ulla

389 901 663 966 minima
707 922 935 982 causa,
990 920 1139 986 quae
1192 908 1312 967 aut
1363 902 1434 967 in
1480 904 1805 969 sententia
1849 910 1966 969 aut
2007 904 2076 968 in
2122 905 2437 971 orationis
2481 906 2692 971 forma

387 1010 579 1091 insit,
643 1010 906 1075 inverso
967 1009 1196 1077 ordine
1253 1008 1501 1095 (priore
1554 1011 1702 1077 loco
1759 1012 2154 1095 interposita
2198 1014 2398 1079 etiam
2441 1035 2693 1099 praepo-

389 1119 669 1183 sitione:
737 1117 1041 1185 Martio
1098 1119 1180 1183 in
1239 1138 1550 1202 campe,
1619 1120 1808 1204 quasi
1865 1119 1949 1185 ab
2009 1121 2139 1186 alio
2186 1142 2417 1206 campo
2465 1122 2692 1188 distin-

388 1225 700 1311 guatur);
766 1247 919 1291 nam
974 1227 1155 1311 quod
1209 1225 1785 1293 Drakenborchius
1845 1228 2045 1294 etiam
2097 1228 2192 1309 H,
2261 1234 2330 1311 5,
2401 1234 2439 1294 2
2483 1231 2691 1297 Mar-

387 1336 599 1400 tium
666 1356 1026 1419 campum
1093 1335 1341 1400 dictum
1407 1356 1548 1400 esse
1619 1335 1959 1416 admonet,
2026 1337 2166 1403 eius
2235 1338 2499 1422 quidem
2563 1338 2693 1405 loci

391 1465 667 1528 prorsus
712 1444 844 1509 alia
889 1448 990 1509 est
1030 1443 1226 1523 ratio,
1272 1444 1339 1508 in
1386 1465 1516 1528 quo
1561 1443 1687 1509 hoc
1730 1465 1968 1510 nomen
2001 1446 2285 1529 primum
2319 1446 2692 1530 impositum

385 1552 681 1617 traditur
734 1558 802 1618 et
855 1552 922 1616 in
967 1552 1334 1618 coniunctis
1378 1552 1750 1618 nominibus
1793 1552 2035 1618 Marti
2081 1553 2424 1620 Martius
2480 1554 2694 1638 figura

388 1661 620 1745 aliqua
665 1660 979 1726 orationis
1024 1665 1146 1725 est.
1215 1657 1374 1741 (cfr.
1419 1659 1470 1741 Ι,
1517 1663 1573 1739 3,
1622 1663 1658 1723 3
1704 1659 1982 1744 Longa
2023 1660 2226 1727 Alba
2268 1661 2694 1746 appellata

387 1768 567 1851 est.)
633 1767 781 1834 Non
828 1767 1097 1833 dubium
1139 1768 1418 1848 videtur,
1465 1768 1625 1851 quin
1652 1768 1871 1833 Livius
1917 1775 1984 1834 et
2025 1769 2152 1835 hoe
2187 1770 2402 1853 capite
2436 1776 2693 1836 tantum

388 1878 469 1942 in
518 1898 797 1961 campo
843 1882 911 1941 et
956 1897 1008 1941 c.
1060 1880 1140 1940 63
1187 1878 1267 1941 in
1313 1896 1668 1960 campum
1717 1877 2085 1961 scripserit,
2147 1877 2692 1960 quemadmodum

394 2006 456 2050 c.
519 1989 635 2065 69,
702 1989 742 2049 8
800 1982 1087 2050 delata
1150 1986 1226 2049 in
1293 2005 1685 2068 campum,
1753 1990 1970 2050 mota
2034 2005 2123 2050 ex
2191 2006 2460 2071 campo
2530 1986 2694 2052 dixit

391 2093 575 2175 (add.
631 2092 691 2173 Ι,
752 2096 859 2172 16,
919 2096 983 2173 1,
1039 2091 1269 2172 XXIV,
1340 2097 1447 2173 10,
1505 2091 1592 2175 9),
1661 2092 2052 2158 adjectivum
2097 2113 2138 2158 a
2180 2093 2425 2159 lectore
2471 2094 2692 2178 aliquo

390 2222 598 2284 snpra
641 2201 959 2285 scriptum
1002 2201 1070 2265 in
1115 2202 1478 2266 orationem
1521 2202 1790 2266 venerit.
1881 2200 2101 2267 Alium
2146 2222 2446 2287 campum
2494 2204 2692 2286 signi-

384 2308 573 2375 ficari
616 2307 1018 2374 Niebuhrius
1061 2307 1312 2374 frustra
1353 2308 1556 2392 fingit.

562 2414 721 2502 Cap.
768 2421 869 2497 28,
919 2420 991 2481 9:
1059 2417 1170 2483 Ab
1217 2417 1544 2483 consule
1590 2416 1688 2482 ad
1735 2418 2225 2483 dictatorem
2267 2419 2386 2483 ire
2431 2420 2683 2485 iussis
2722 2432 2826 2510 (715)

387 2524 685 2609 (AEquis)
770 2525 1294 2609 ignominiam
1360 2524 1733 2591 infensus
1801 2525 2137 2591 addidit.
2247 2527 2473 2610 Neque
2533 2529 2693 2593 satis

385 2634 726 2702 narrando
795 2633 1287 2718 distinguuntur
1352 2633 1591 2717 gradus
1657 2634 1752 2700 rei
1809 2639 1971 2700 actae
1989 2686 2004 2715 ,
2071 2656 2237 2718 quos
2285 2634 2506 2702 Livius
2550 2637 2693 2721 ipse

386 2742 717 2828 significat
783 2742 1001 2824 (hinc
1067 2741 1597 2822 dictatorem,
1677 2743 1864 2808 hinc
1931 2743 2349 2809 consulem
2415 2744 2692 2827 orare),

387 2859 458 2918 et
512 2849 951 2917 intolerabilis
1010 2855 1110 2915 est
1165 2851 1479 2916 orationis
1535 2849 1775 2916 forma:
1857 2851 1952 2916 ad
2021 2851 2510 2917 dictatorem
2577 2854 2691 2919 ire

387 2961 648 3025 iussis
705 2958 1032 3024 addidit
1091 2957 1450 3041 (dictator).
1560 2958 1750 3024 Hanc
1806 2960 2175 3026 molestiam
2223 2961 2468 3026 creavit
2513 2982 2694 3026 error

384 3069 460 3133 in
504 3068 731 3133 codice
776 3067 1133 3151 archetypo
1177 3066 1507 3150 frequenS,
1552 3067 1779 3133 littera
1814 3066 1891 3149 (Ι)
1931 3067 2131 3133 semel
2177 3069 2444 3153 scripta,
2491 3091 2694 3152 quum

387 3176 499 3242 bis
568 3174 772 3240 scribi
838 3173 1140 3240 deberet:
1219 3174 1331 3239 Ab
1415 3176 1758 3241 consule
1836 3176 1935 3240 ad
2012 3175 2504 3242 dictatorem
2570 3178 2692 3242 ire

386 3285 632 3364 iussi3
698 3283 767 3345 is
832 3280 1195 3347 infensus
1260 3283 1784 3367 ignominiam
1842 3282 2254 3365 addidit.¹)
2367 3282 2503 3367 [Sic
2558 3285 2692 3350 Ru-

385 3388 693 3478 pertius.]
804 3389 971 3455 Nam
1036 3411 1155 3474 pro
1223 3390 1625 3472 infensus,
1693 3392 1868 3474 quod
1931 3393 1998 3456 in
2043 3392 2111 3456 M
2154 3392 2324 3457 male
2384 3393 2695 3459 scribitur

389 3502 798 3577 insensus,
845 3520 974 3564 non
1017 3503 1193 3563 recte
1238 3520 1447 3582 nuper
1481 3521 1516 3564 e
1555 3499 1606 3562 P
1645 3500 1750 3566 edi
1795 3506 2243 3585 coeptumest
2287 3501 2691 3581 incensuS,

389 3609 572 3693 quod
628 3609 726 3673 sic
783 3605 958 3672 nude
1015 3605 1095 3672 de
1153 3607 1450 3690 graviore
1495 3609 1598 3672 ira
1643 3614 1711 3673 et
1755 3608 1904 3674 odio
1952 3629 2151 3693 quam
2196 3631 2316 3692 pro
2364 3611 2695 3676 communi

387 3717 607 3782 hostis
651 3716 873 3781 animo
918 3735 1052 3779 non
1098 3713 1427 3796 dicitur.⁹)

336 3981 347 3993 '
453 3978 501 4044 ¹)
536 3977 607 4046 II,
642 3979 727 4044 58,
763 3979 798 4030 ‘7
841 3995 973 4048 pro:
1029 3994 1255 4032 omnes
1303 3994 1420 4032 sua
1467 3983 1716 4048 sponte
1760 3979 1821 4032 in
1866 3978 1990 4034 cod.
2042 3980 2192 4035 arch.
2230 3982 2500 4052 scriptum
2546 3989 2691 4037 erat:

535 4080 725 4118 omne
763 4080 885 4118 sua
920 4068 1180 4133 sponte,
1216 4063 1350 4117 inde
1384 4064 1445 4118 in
1478 4063 1648 4117 L1H1
1687 4063 1768 4131 (Μ
1803 4081 1836 4117 a
1868 4082 2038 4120 manu
2072 4066 2125 4135 3)
2162 4067 2398 4122 factum:
2438 4085 2694 4123 omnem

532 4166 656 4202 sna
689 4154 959 4218 sponte.

448 4234 500 4301 ²)
538 4232 671 4304 Cap.
707 4236 804 4301 31,
854 4236 891 4289 8
933 4234 994 4289 in
1036 4235 1290 4305 margine
1331 4252 1540 4305 ponam
1585 4235 1958 4290 necessariam
1994 4237 2471 4307 emendationem,
2525 4257 2693 4308 quam

535 4337 709 4388 quum
753 4320 875 4390 ipse
918 4318 1202 4390 fecissem,
1255 4337 1290 4374 a
1322 4318 1563 4375 Klockio
1609 4326 1957 4391 praeceptam
1990 4322 2121 4377 vidi.
2210 4322 2355 4377 Nam
2390 4341 2561 4393 quum
2597 4326 2694 4379 tri-

530 4404 672 4459 buni
717 4405 966 4474 egissent
1002 4424 1129 4460 cum
1164 4404 1444 4476 patribus,
1497 4410 1563 4459 ut
1598 4407 1970 4462 communiter
2005 4408 2193 4478 legum
2227 4409 2495 4465 latores
2533 4415 2589 4465 et
2625 4427 2695 4464 ex

532 4490 697 4560 plebe
754 4494 815 4546 et
857 4507 926 4545 ex
967 4491 1227 4561 patribus
1271 4491 1453 4546 creari
1496 4492 1769 4560 sinerent,
1824 4492 1919 4562 qui
1968 4494 2127 4549 utilia
2172 4495 2424 4564 utrisque
2466 4494 2693 4564 ferrent,
