3230 5282
1493 617 1614 678 397
2320 631 2444 684 Lib.
2482 631 2709 685 XXVII.

400 802 728 887 aliquid
802 801 1308 868 faciendum?
1376 800 1803 885 (quamquam
1859 805 1952 867 sic
2009 804 2222 887 accipi
2278 804 2472 886 plane
2531 810 2712 869 vetat
2770 828 2774 831 ⁴

398 911 745 976 verborum
794 909 990 988 ordo;
1059 929 1269 993 neque
1332 910 1502 974 enim
1562 918 1842 975 cetera
1900 911 2132 990 belli,
2181 917 2299 977 aut
2343 934 2488 994 quse
2534 913 2710 977 simi-

399 1019 551 1084 liter
597 1020 1100 1100 coniunguntur,
1123 1036 1135 1049 ·
1158 1016 1378 1080 divelli
1424 1016 1746 1100 possunt).
1849 1021 2146 1103 Apparet
2191 1020 2536 1085 consilium
2583 1021 2711 1103 sig-

399 1126 655 1191 nificari
724 1126 804 1190 de
873 1126 1046 1191 bello
1115 1126 1532 1207 exsequendo
1601 1149 1718 1209 per
1784 1128 2042 1210 reliqua
2101 1134 2168 1192 et
2226 1128 2294 1192 in
2351 1136 2710 1212 posterum.

402 1235 834 1301 Scribendum
875 1235 1110 1317 igitur:
1161 1235 1510 1299 consilio
1557 1236 1635 1298 in
1683 1243 1957 1299 cetera
2002 1236 2465 1313 enseque-«n
2508 1236 2712 1301 belli
2784 1285 2791 1291 .

399 1379 487 1387 —
553 1343 1020 1427 opportuni.
1147 1341 1507 1407 Gerundivi
1576 1362 1770 1408 casus
1838 1343 2009 1407 male
2077 1344 2163 1408 ad
2228 1343 2711 1428 praecedentem

404 1471 628 1516 vocem
696 1450 1229 1516 accommodatus
1287 1457 1386 1515 est
1442 1449 1595 1532 (vid.
1643 1474 1703 1534 p.
1757 1455 1834 1514 10
1881 1459 1949 1515 et
1993 1452 2165 1535 207).
2276 1451 2352 1516 In
2398 1451 2711 1534 proximis

400 1559 619 1624 verbis
682 1556 742 1641 (ἓ
805 1565 872 1622 4:
942 1558 1603 1637 conferentibus,
1675 1559 1865 1642 quid
1933 1560 2015 1624 in
2085 1560 2476 1641 cuiusque
2532 1579 2712 1642 pro-

400 1667 690 1731 vinciae
758 1668 1097 1749 regione
1170 1668 1617 1732 animorum
1671 1666 2065 1751 Hispanis
2135 1667 2379 1748 esset)
2442 1687 2712 1750 prorsus

400 1797 529 1840 non
602 1774 945 1858 intellegO,
1012 1795 1157 1856 quae
1228 1776 1314 1839 sit
1380 1776 1823 1858 provinciae
1895 1776 2152 1858 regi0,
2220 1797 2431 1860 neque
2502 1777 2713 1859 ipsum

401 1904 733 1966 quaeque
791 1883 1215 1965 provincia
1271 1883 1518 1966 placet3
1584 1904 1797 1966 neque
1856 1885 2027 1948 enim
2083 1883 2304 1967 plures
2361 1883 2712 1967 provinciae

404 2001 557 2056 ante
617 1991 997 2074 significatae
1055 1998 1226 2056 sunt.
1331 1992 1617 2055 Rectum
1675 1992 1831 2055 erit:
1901 1992 2094 2073 quid
2161 1993 2241 2057 in
2310 1992 2712 2074 cuiusque

401 2099 837 2182 provincia
920 2106 998 2164 et
1063 2101 1399 2182 regione
1468 2100 1923 2165 animorum
1991 2100 2394 2183 Hispanis
2463 2105 2711 2164 esset.

403 2207 678 2272 Addidit
722 2207 945 2272 Livius
1003 2214 1081 2272 et
1126 2209 1485 2289 regione,
1555 2208 1733 2289 quod
1780 2207 2167 2290 Hispaniam
2213 2206 2712 2290 Carthaginien-

403 2316 570 2381 sium
648 2317 713 2379 in
782 2322 998 2380 certas
1065 2316 1436 2399 provincias
1504 2315 1590 2380 ad
1656 2317 2021 2381 Romanam
2086 2315 2364 2381 formam
2432 2316 2707 2381 divisam
2743 2324 2883 2393 (324)

401 2422 603 2488 fuisse
649 2446 778 2488 non
828 2423 1198 2488 constabat.
1288 2424 1550 2489 Erroris
1595 2445 1800 2507 genus
1845 2424 2152 2508 frequens
2200 2423 2392 2504 est.¹)

455 2729 505 2794 ¹)
545 2727 674 2798 Cap.
715 2731 799 2795 22,
835 2732 890 2783 6:
968 2729 1239 2783 Additoe
1291 2734 1357 2784 et
1403 2730 1482 2783 ad
1519 2731 1917 2800 praesidium
1952 2730 2336 2799 provincise
2374 2731 2705 2799 quinqua·

533 2815 652 2882 gin
666 2821 735 2868 ta
763 2822 816 2868 ‘n
832 2833 989 2870 aves
1038 2821 1142 2870 cet.
1226 2814 1412 2869 Minus
1458 2820 1613 2869 recte
1651 2815 1722 2868 ad
1757 2816 2083 2884 praesidium
2118 2815 2402 2884 legionum
2438 2815 2524 2881 (id
2561 2816 2710 2870 enim

533 2900 788 2969 intellegi
816 2918 1041 2956 necesse
1074 2901 1178 2967 est)
1199 2918 1372 2955 naves
1392 2901 1603 2955 additae
1624 2901 1735 2955 dici
1756 2900 2034 2955 videntur.
2081 2901 2190 2955 Sed
2212 2900 2435 2956 codices
2458 2901 2543 2967 (P,
2563 2900 2708 2965 alii):

533 2986 856 3040 Additum
922 2991 991 3040 et
1051 2986 1133 3039 ad
1186 2986 1621 3056 praesidium3
1686 2984 1950 3039 efficitur:
2014 2985 2345 3039 Additum
2400 2990 2468 3037 et
2522 2983 2711 3037 aliud

535 3071 937 3138 praesidium
1000 3072 1411 3141 provinciae‚
1488 3071 2002 3140 quinquaginta
2064 3088 2299 3137 naves,
2373 3086 2538 3137 quas
2602 3073 2708 3123 cet.

538 3155 738 3229 (1863.)
818 3156 951 3224 Cap.
990 3160 1072 3224 25,
1128 3160 1189 3211 13
1225 3162 1378 3211 recte
1411 3155 1707 3223 Ussingius
1744 3156 2210 3221 consederunt
2244 3173 2348 3225 pro
2387 3153 2706 3208 consede-

543 3247 724 3306 rant3
769 3242 1382 3313 plusquamperfectum
1429 3258 1660 3310 prorsus
1705 3259 1940 3310 pravum
1978 3246 2077 3295 est.
2151 3240 2350 3307 (1863.)
2436 3237 2589 3308 [Cap.
2627 3240 2711 3304 28,

539 3329 596 3392 7,
654 3328 803 3395 quod
856 3330 988 3382 1863
1035 3328 1352 3397 suspicatus
1402 3344 1580 3394 eram,
1637 3326 1941 3381 delendum
1989 3343 2111 3380 esse
2154 3327 2455 3392 milites,
2509 3340 2713 3394 praece-

537 3419 696 3480 perat
745 3414 809 3465 A.
848 3412 1101 3467 Kochius
1151 3409 1321 3481 1860]
1414 3412 1543 3481 Cap.
1581 3415 1678 3479 30,
1733 3415 1767 3466 5
1821 3412 1977 3481 (non
2032 3415 2231 3466 tanta
2282 3428 2405 3481 pro
2459 3408 2713 3465 AEtolis

538 3513 698 3550 cura
772 3504 956 3566 erat,
1035 3498 1406 3553 ferocioris
1490 3516 1688 3567 quam
1760 3515 1883 3567 pro
1955 3498 2241 3566 ingenio
2316 3496 2713 3550 Graecorum

538 3583 791 3650 gentis,
840 3601 1036 3652 quam
1074 3583 1208 3650 cet.)
1247 3583 1539 3653 illepidum
1578 3590 1636 3638 et
1671 3583 1962 3652 inelegans
1999 3583 2200 3637 merito
2239 3581 2494 3647 Creverio
2530 3581 2715 3634 visum

539 3672 648 3734 est,
713 3669 866 3737 quod
919 3670 1055 3722 olim
1108 3670 1579 3722 substituebatur:
1641 3668 2114 3723 ferocioribus
2180 3685 2380 3737 quam
2432 3683 2561 3735 pro
2616 3666 2716 3720 in·

539 3754 745 3821 genio
783 3753 1175 3809 Graecorum
1220 3754 1476 3823 gentis,
1526 3759 1780 3809 extremo
1825 3754 2100 3807 vocabulo
2137 3753 2295 3822 quasi
2332 3752 2402 3806 de
2438 3751 2717 3806 industria

539 3838 761 3894 adiecto
817 3840 890 3893 ad
944 3838 1301 3893 efficiendum
1353 3855 1479 3892 cum
1531 3840 1687 3894 inani
1746 3838 2095 3893 abundantia
2148 3839 2539 3910 genetivorum
2576 3853 2710 3891 con·

540 3941 780 3978 cursum.
884 3923 996 3979 Sed
1060 3924 1212 3993 quod
1265 3923 1727 3979 Weissenbornio
1790 3925 1850 3979 in
1911 3928 2157 3979 mentem
2210 3923 2391 3989 venit,
2456 3920 2714 3976 codicum

542 4010 881 4079 scripturam
936 4011 1016 4065 sic
1069 4009 1308 4063 fortasse
1362 4009 1586 4065 defendi
1639 4027 1804 4079 posse
1851 4007 2027 4077 (quod
2072 4008 2210 4062 mihi
2255 4025 2476 4076 quoque
2522 4006 2711 4060 adule-

540 4096 720 4150 scenti
772 4096 1050 4165 placuisse
1102 4094 1383 4161 memini),
1445 4101 1510 4149 ut
1572 4097 1870 4163 genetivus
1923 4094 2153 4148 liberius
2208 4094 2564 4162 appositione
2614 4093 2711 4146 ad·

542 4180 768 4234 iunctus
808 4186 1040 4250 putetur
1075 4181 1157 4234 illi
1193 4198 1320 4250 pro
1357 4178 1643 4246 AEtolis,
1692 4179 1852 4247 quasi
1893 4179 2167 4248 scriptum
2206 4180 2282 4231 sit
2315 4178 2716 4243 AEtolorum,

543 4266 698 4319 nulla
754 4267 869 4320 eius
923 4265 1205 4321 libertatis
1263 4265 1323 4318 in
1376 4264 1532 4318 brevi
1579 4269 1637 4318 et
1681 4263 1834 4318 facili
1881 4264 2155 4318 orationis
2200 4263 2380 4317 forma
2429 4264 2715 4319 excusatio

544 4352 856 4419 excogitari
909 4355 1128 4421 potest,
1193 4366 1361 4418 quum
1423 4349 1650 4404 licuerit
1702 4350 1821 4402 sine
1877 4349 2184 4403 offensione
2237 4354 2391 4404 recte
2445 4350 2715 4403 scribere:

1383 4952 1655 5055 s-
2152 4874 2451 5015 *a
