3230 5282
619 630 739 683 Lib.
778 630 923 684 VIII.
1701 619 1827 680 200

619 802 795 885 quod
853 803 1133 868 alterum
1192 801 1402 869 simile
1461 804 1525 867 in
1581 803 1752 868 libro
1810 804 1903 868 IX
1962 827 2014 869 c.
2064 810 2172 885 39,
2230 810 2270 869 4
2326 805 2724 888 adiungitur)
2780 803 2913 868 hoc

618 912 851 976 saltem
918 918 1018 977 est
1089 913 1272 991 boni,
1340 913 1515 996 quod
1582 913 1690 977 hic
1758 936 2019 997 quoque
2079 916 2527 997 cognoscitur,
2596 917 2909 996 quantum

617 1022 849 1085 ceteris
895 1020 1231 1085 codicibus
1280 1021 1477 1086 etiam
1522 1022 1918 1087 auctoritate
1963 1023 2273 1105 proximis
2319 1022 2385 1087 M
2430 1022 2786 1107 praestet.¹)

787 1128 943 1213 Cap.
1005 1135 1113 1209 24,
1182 1135 1217 1194 7
1276 1130 1416 1211 (ubi
1459 1130 1811 1195 Alexandri
1855 1131 2144 1214 Epirotae
2189 1131 2493 1195 interitus
2538 1128 2907 1208 narratur):

616 1239 916 1304 Imbres
962 1238 1325 1304 continui
1374 1240 1675 1322 campis
1723 1239 2086 1303 omnibus
2134 1240 2628 1305 inundantes
2675 1259 2912 1321 quum

616 1348 1303 1413 interclusissent
1390 1348 1810 1412 trifariam
1892 1350 2340 1412 exercitum
2416 1355 2538 1413 cet.
2660 1348 2915 1410 Arnum

615 1456 879 1520 fluvium
935 1456 1319 1537 inundasse,
1386 1457 1512 1520 hoc
1568 1464 1697 1535 est,
1765 1457 1946 1539 ripas
2015 1463 2494 1539 transgressum
2564 1462 2911 1538 stagnasse

614 1564 1134 1645 (inundationem
1168 1565 1448 1645 fecisse),
1488 1565 1708 1629 Livius
1746 1565 2044 1630 absolute
2081 1564 2247 1628 dixit
2271 1564 2474 1644 XXII,
2512 1569 2569 1643 2,
2606 1568 2673 1643 23
2711 1584 2912 1627 cam-—

616 1674 735 1756 pis
780 1674 1171 1738 inundare
1217 1696 1335 1757 pro
1382 1696 1482 1753 eo,
1531 1672 1709 1755 quod
1755 1679 1857 1737 est
1901 1694 2218 1756 campos
2264 1673 2657 1738 inundare
2703 1671 2913 1755 (quod

445 1804 585 1873 (170)
623 1780 722 1845 bis
783 1787 897 1846 aut
943 1783 1178 1864 saepius
1225 1781 1401 1865 apud
1447 1783 1661 1865 ipsum
1706 1781 1994 1862 legitur),
2040 1803 2168 1845 uon
2215 1787 2358 1845 erat
2403 1781 2729 1857 dicturus,
2795 1801 2911 1842 ne—

615 1889 767 1954 dum
825 1890 1065 1955 imbres
1111 1911 1348 1971 eosque
1396 1892 1744 1955 continuos
1792 1890 2040 1973 campis
2085 1888 2402 1954 inundare
2449 1890 2720 1967 diceret,
2776 1886 2915 1951 alia

614 1997 842 2063 addita
877 2000 1221 2081 pravitate,
1270 2000 1458 2081 quasi
1496 1998 1748 2063 scribas
1787 1997 2202 2063 Germanice:
2252 1998 2354 2062 die
2389 1996 2913 2062 fortwfihrcnden

616 2107 1116 2189 Regenschauer
1160 2107 1388 2171 stehen
1436 2107 1553 2171 auf
1592 2107 1717 2171 den
1762 2106 2071 2185 Feldern3
2129 2128 2279 2171 nam
2337 2107 2577 2171 imbres
2637 2107 2702 2169 in
2748 2105 2911 2169 eaelo

613 2222 678 2278 et
723 2222 870 2279 aere
917 2222 1083 2294 sunt,
1129 2215 1195 2279 in
1230 2217 1477 2299 campis
1523 2238 1730 2299 aquae.
1793 2213 2173 2297 Corrigendi
2208 2215 2424 2279 mendi
2459 2215 2628 2278 viam
2661 2213 2802 2277 cod.
2840 2214 2911 2277 M

613 2322 931 2400 ostendit,
997 2324 1063 2388 in
1124 2344 1251 2403 quo
1310 2330 1410 2387 est
1465 2324 1923 2388 inundates
2038 2323 2249 2388 Scribi
2308 2323 2532 2387 debet:
2601 2322 2909 2405 campis

616 2430 984 2495 omnibus
1031 2430 1471 2495 inundatis
1561 2431 1778 2514 (Agri
1826 2432 2203 2497 inundati
2247 2431 2506 2510 XXXV,
2556 2436 2655 2508 21,
2704 2430 2859 2510 6.)²)

785 2537 939 2620 Cap.
990 2544 1098 2617 25,
1159 2545 1194 2603 5
1243 2540 1321 2604 de
1367 2540 1856 2623 Palaepolitanis
1904 2548 1971 2604 et
2014 2540 2482 2623 Neapolitanis,
2542 2540 2781 2624 quibus
2828 2539 2904 2616 Q.

619 2645 935 2712 Publilius
995 2648 1430 2714 diremerat
1487 2651 1969 2715 societatem
2027 2650 2282 2715 mutui
2331 2649 2626 2714 auxilii
2672 2649 2752 2731 (c.
2800 2653 2904 2727 23,

623 2754 755 2836 10),
822 2758 915 2821 sic
973 2758 1305 2823 scribitur:
1386 2760 1894 2843 Intersaeptis
1952 2760 2474 2825 munimentis
2551 2758 2905 2823 hostium

673 3026 717 3096 ¹)
755 3030 969 3084 Eodem
1027 3049 1146 3100 cap.
1202 3031 1233 3099 ξ
1293 3034 1354 3085 15
1406 3033 1813 3086 restituendum
1867 3033 2209 3098 necessariO,
2266 3031 2415 3100 quod
2468 3050 2642 3100 usque
2695 3030 2765 3084 ad
2802 3031 2898 3083 Al-

752 3116 1089 3171 schefskium
1136 3118 1346 3172 editum
1383 3123 1468 3172 cst
1503 3118 1981 3186 (confirmantibus
2018 3117 2166 3182 ΡΗῙ,
2203 3118 2573 3172 deterioribus
2608 3118 2904 3186 plerisque)

751 3203 1079 3271 scriptum
1138 3222 1314 3269 esse,
1367 3222 1469 3272 pro
1525 3223 1637 3273 quo
1691 3223 1839 3258 nunc
1884 3204 2069 3257 editur
2114 3203 2443 3271 scriptum
2492 3208 2676 3257 esset
2722 3202 2903 3269 (MLl,

752 3288 886 3340 Lov.
925 3291 982 3354 2,
1027 3292 1085 3356 4,
1133 3289 1327 3358 fragm.
1364 3289 1637 3355 Haverc.).
1729 3290 1861 3342 Tria
1911 3289 2122 3343 tribuni
2176 3288 2247 3341 ad
2301 3306 2573 3357 augurum
2618 3287 2903 3341 decretum

751 3374 808 3425 in
859 3374 1231 3441 suspicionem
1276 3379 1334 3427 et
1381 3375 1592 3428 crimen
1627 3374 1940 3428 vocandum
1979 3374 2311 3441 afferebant,
2369 3373 2517 3441 quod
2554 3391 2656 3442 per
2688 3391 2747 3426 se
2781 3391 2897 3426 om·

752 3458 883 3511 nino
920 3458 1147 3512 difficile
1181 3459 1377 3512 fuisset
1411 3460 1607 3512 vitium
1643 3460 1962 3513 huiusmodi
1997 3460 2180 3525 nosci,
2228 3460 2380 3527 quod
2425 3459 2619 3513 consul
2659 3458 2797 3512 nihil
2835 3460 2905 3514 dc

752 3559 818 3595 ea
852 3561 911 3595 re
949 3545 1288 3612 scripsisset,
1344 3545 1496 3612 quod
1533 3562 1695 3598 nemo
1734 3546 1872 3599 alius
1909 3546 2071 3600 testis
2109 3551 2271 3599 esset.
2365 3544 2571 3598 Nosci
2618 3546 2690 3599 ad
2725 3546 2901 3614 ipsam

752 3628 809 3680 in
857 3629 1203 3683 observando
1253 3630 1789 3684 animadversionem
1835 3632 2106 3700 pertinet,
2158 3650 2292 3700 non*
2318 3631 2389 3685 ad
2435 3649 2553 3684 rem
2602 3632 2904 3699 auguribus

755 3714 1080 3780 indicatam3
1144 3714 1390 3782 alioquin
1447 3716 1803 3770 scribendum
1857 3717 2055 3770 fuisset
2107 3718 2298 3770 etiam:
2364 3734 2485 3770 nec
2546 3718 2905 3786 quisquam

754 3800 1147 3853 mortalium
1183 3807 1490 3854 exstaret
1524 3809 1628 3858 cet.

669 3886 719 3950 2)
757 3885 969 3938 Eodem
1007 3886 1192 3954 capite
1228 3884 1260 3954 ξ
1296 3889 1345 3952 4,
1383 3887 1477 3939 ubi
1513 3887 1722 3941 editur:
1779 3905 1969 3956 quum
2010 3904 2183 3956 saepe
2218 3887 2530 3941 Bruttias
2565 3886 2900 3942 Lucanas·

754 3989 876 4039 que
921 3967 1240 4040 legiones
1286 3971 1605 4040 fudisset,
1660 3973 2083 4039 Heracleam,
2138 3973 2670 4026 Tarentinorum
2715 3975 2900 4027 colo·

753 4058 954 4124 niam,
1001 4056 1439 4111 Consentiam
1487 4058 1611 4126 (hoc
1662 4077 1768 4112 om.
1807 4059 1885 4126 M)
1937 4077 2014 4114 ex
2056 4059 2348 4113 Lucanis
2396 4058 2903 4129 Sipontumque,

753 4143 1183 4196 Bruttiorum
1230 4142 1544 4198 Terinam
1590 4144 1670 4211 (M
1713 4145 2180 4212 Acrentinam,
2243 4143 2452 4197 PLIHI
2501 4143 2695 4197 Klock.
2734 4146 2899 4199 Ace-

754 4228 963 4293 riam),
1019 4227 1360 4282 confusionis
1417 4230 1626 4298 aliquid
1683 4247 1801 4285 esse
1844 4231 1902 4284 in
1947 4230 2263 4284 nominibus
2309 4235 2568 4298 apparet3
2623 4231 2901 4285 correctio

754 4314 971 4367 incerta
1023 4319 1132 4378 est3
1196 4312 1432 4367 fortasse
1487 4315 1867 4369 scribendum:
1931 4316 2366 4381 Heracleam,
2421 4313 2563 4367 Tar.
2619 4315 2767 4381 coL,
2821 4334 2902 4371 ex

752 4397 1049 4453 Lucanis
1123 4397 1754 4469 Metapontumque,
1826 4401 2262 4457 Consentiam
2330 4400 2753 4458 Bruttiorum
2825 4421 2903 4457 ac

755 4484 1091 4543 Terinam.
1167 4482 1357 4553 (1861.)
