3230 5282
1432 585 1548 648 631
2297 599 2417 652 Lib.
2454 599 2631 653 XLII.

339 790 429 835 re
497 771 815 835 Romam
881 772 1257 837 venisset.
1350 769 1600 836 Codex:
1669 793 1913 856 super
1958 792 2113 855 qua
2158 793 2238 836 re
2284 793 2443 856 prae
2487 772 2635 838 Ro-

343 899 544 943 mam
608 879 995 944 venisset.
1083 878 1392 944 Potuitne
1460 881 1552 945 sic
1595 880 1838 945 mutari
1892 881 2064 963 ipse
2122 879 2351 960 (Rom.
2398 881 2633 960 ven.)‘?

346 985 676 1051 Praeterea
729 987 951 1071 potius
1009 986 1344 1052 librarium
1406 996 1914 1072 expromeret
1978 1010 2098 1072 pro
2169 1009 2634 1073 expromere

341 1095 686 1177 scripsisse
731 1100 956 1178 putem
993 1101 1263 1178 propter
1293 1096 1829 1180 responderet
1875 1105 1942 1162 et
1986 1096 2264 1161 mallet
2300 1117 2497 1180 quam
2529 1097 2635 1162 Li-

346 1204 522 1268 vium
565 1204 632 1266 in
678 1203 801 1267 hac
847 1204 1183 1268 sententiae
1231 1203 1743 1269 conformatione
1790 1204 1928 1269 haec
1972 1206 2297 1270 variasse:
2367 1204 2634 1270 Inter-

343 1312 622 1393 rogari
668 1311 741 1375 G.
789 1310 1103 1393 placuit
1145 1347 1231 1355 —
1275 1318 1416 1377 aut
1462 1319 2005 1396 expromeret,
2053 1313 2323 1377 moleste
2373 1312 2637 1378 oblitte-

345 1425 492 1484 rato
540 1421 879 1483 sententiae
926 1419 1251 1502 primariae
1288 1427 1353 1485 et
1377 1422 1915 1486 secundariarum
1940 1421 2325 1486 discrimine.
2372 1421 2637 1486 Minime

341 1547 500 1592 raro
547 1527 616 1590 in
662 1526 801 1591 cod.
852 1526 1336 1594 vindobonensi
1382 1536 1690 1614 et·prave
1758 1528 2073 1595 infinitivo
2135 1528 2410 1594 adhaesit
2463 1536 2517 1604 t,
2565 1534 2640 1593 ut

345 1636 414 1699 in
460 1635 586 1699 hoc
631 1633 797 1698 libro
846 1655 898 1699 c.
948 1639 1047 1714 25,
1102 1640 1172 1699 11
1236 1635 1655 1718 (deberet),
1705 1659 1757 1702 c.
1808 1642 1910 1718 29,
1961 1642 1996 1702 3
2046 1635 2637 1720 (exspectaret),

344 1763 401 1807 c.
452 1745 551 1819 31,
600 1746 635 1806 6
686 1743 1398 1825 (recognosceret),
1446 1768 1498 1811 c.
1549 1750 1649 1824 37,
1697 1749 1733 1808 2
1782 1746 2177 1826 (tentaret
2239 1780 2326 1791 -
2390 1745 2639 1829 perli-

343 1850 620 1932 ceret),
671 1873 722 1915 c.
770 1856 870 1930 45,
919 1857 953 1914 5
1014 1851 1370 1935 (posset),
1439 1854 1715 1938 aliisque
1783 1854 1942 1919 locis
1991 1855 2101 1935 (—-
2146 1875 2198 1918 c.
2248 1857 2346 1932 62,
2394 1858 2433 1916 4
2500 1854 2640 1917 im-

348 1967 686 2042 poneret
752 1966 820 2024 et
885 1967 1104 2025 esset
1163 1962 1498 2041 scribitur,
1565 1965 1889 2027 retinetur
1959 1961 2242 2027 medium
2308 1960 2641 2026 credere

345 2069 480 2147 —),
551 2075 617 2132 et
673 2068 1080 2133 coniunctivo
1129 2068 1494 2135 detractum
1539 2081 1671 2150 est,
1718 2077 1790 2135 ut
1840 2071 1902 2135 h.
1940 2070 2050 2136 lib.
2100 2092 2152 2134 c.
2201 2074 2298 2148 25,
2349 2074 2425 2134 10
2471 2090 2643 2152 pro-

348 2174 560 2254 bare,
610 2175 841 2254 XLIII,
882 2181 936 2255 1,
987 2181 1022 2240 9
1064 2176 1352 2257 dicere,
1389 2181 1729 2262 aperire,
1779 2183 1833 2257 7,
1881 2184 1919 2243 8
1955 2178 2231 2255 fuisse,
2278 2176 2499 2250 XLIV,
2545 2180 2644 2258 28,

346 2288 389 2348 8
436 2304 641 2363 esse;
687 2284 846 2349 alibi
891 2292 980 2349 nt
1024 2285 1343 2366 additum,
1390 2293 1464 2352 ut
1509 2307 1560 2352 c.
1600 2290 1698 2366 24,
1743 2291 1781 2350 8
1817 2293 2280 2358 statuerent
2325 2307 2440 2369 pro
2490 2292 2646 2350 sta-

347 2398 577 2458 tuere
658 2391 799 2473 (cfr.
887 2393 972 2457 ad
1037 2393 1259 2474 XLIV,
1328 2399 1385 2474 2,
1456 2396 1541 2476 5).
1631 2396 1727 2460 Ne
1796 2416 1848 2460 c.
1931 2399 2030 2473 39,
2101 2400 2137 2458 6
2197 2393 2458 2476 quidem
2530 2392 2646 2456 du-

348 2500 490 2566 bito
579 2502 736 2586 quin
812 2500 1177 2567 Gronovius
1264 2511 1440 2569 recte
1519 2504 1714 2569 scribi
1785 2504 2088 2569 voluerit:
2174 2502 2436 2585 legati
2524 2500 2648 2566 vel

346 2630 517 2676 cum
563 2608 840 2675 tribus
907 2598 1176 2678 venire
1247 2612 1642 2679 iubebant
1707 2612 1829 2679 vel
1889 2613 1953 2677 si
2010 2618 2321 2677 tantum
2369 2629 2644 2693 agmen

347 2719 852 2796 traduceret,
922 2719 1244 2787 obsides
1291 2723 1476 2787 dare
1524 2722 1692 2803 (cod.
1740 2730 1806 2787 et
1864 2721 2008 2786 edd.
2069 2720 2359 2801 daret),
2429 2718 2645 2783 nihil

348 2826 673 2892 fraudis
720 2825 889 2891 fore
957 2830 1034 2892 in
1103 2829 1536 2913 colloquio.
1631 2829 1816 2914 (Cap.
1868 2834 1966 2907 56,
2018 2835 2046 2893 1
2108 2850 2297 2894 nemo
2357 2827 2649 2893 defendit

351 2938 574 3001 iusso
623 2938 1002 3019 peteret.)
1062 2938 1268 3003 Nimis
1295 2959 1464 3021 saepe
1503 2939 1846 3021 elegantiae
1881 2937 2049 3002 falsa
2073 2937 2325 3020 species
2353 2936 2649 3000 obtefldi-

347 3050 463 3109 tur
504 3044 929 3110 librariorum
974 3048 1326 3121 erroribuS,
1394 3052 1468 3110 ut
1525 3048 1748 3111 statim
1794 3068 1845 3110 c.
1896 3050 1994 3123 24,
2044 3048 2099 3124 9,
2161 3051 2434 3127 excepto
2482 3042 2649 3107 Bek-

351 3151 531 3231 ker0,
553 3174 776 3218 omnes
799 3161 1070 3236 propter
1092 3153 1293 3218 talem
1312 3156 1594 3237 speciem
1621 3161 2008 3237 spreverunt
2029 3153 2469 3217 necessariam
2488 3151 2651 3217 Gro-

353 3263 528 3326 novii
575 3262 1127 3326 emendationem:
1177 3283 1315 3328 nec
1360 3284 1604 3327 novos
1653 3269 2023 3327 statuere
2069 3259 2278 3325 fines
2327 3260 2464 3324 sed
2520 3280 2649 3324 ve-

353 3378 569 3436 teres
615 3371 1064 3436 observare
1134 3373 1281 3455 (pro
1329 3371 1781 3451 observari)
1851 3373 1925 3434 in
1995 3370 2257 3434 animo
2325 3365 2648 3432 habere.

351 3479 441 3544 In
486 3479 750 3545 animo
797 3478 1054 3544 habeo
1101 3479 1306 3544 fines
1354 3479 1776 3544 observari
1813 3500 1930 3563 pro
1967 3499 2062 3555 ec,
2112 3475 2286 3559 quod
2315 3482 2413 3540 est
2449 3475 2650 3553 volo,

354 3588 627 3666 iube0,
679 3587 985 3652 Latinum
1029 3610 1160 3653 non
1207 3594 1325 3653 est.

530 3694 686 3779 Cap.
736 3699 836 3774 25,
882 3702 920 3759 4
969 3696 1064 3777 (in
1111 3698 1402 3762 oratione
1447 3697 1645 3760 trium
1700 3695 2099 3778 legatorum,
2147 3695 2258 3775 qui
2317 3694 2382 3756 in
2439 3692 2652 3757 Mace-

356 3804 624 3869 doniam
669 3803 752 3868 ad
797 3825 902 3868 res
949 3804 1337 3887 repetendas
1382 3805 1559 3869 missi
1593 3804 1870 3883 fuerant,
1915 3806 1980 3866 in
2018 3804 2278 3882 senatu)
2315 3804 2381 3865 in
2428 3799 2651 3865 codice

357 3913 698 3978 scribitur:
750 3911 917 3977 Suae
964 3914 1360 3978 orationis
1408 3934 1785 3978 summam
1834 3912 2107 3990 fuisse,
2152 3910 2437 3975 foedus
2486 3930 2654 3972 cum

357 4020 739 4105 Philippo
783 4021 1028 4085 ictum
1077 4042 1160 4087 se
1209 4042 1378 4086 cum
1422 4023 1597 4105 ipso
1647 4044 1734 4087 eo
1783 4030 1963 4105 post
2007 4027 2338 4085 mortem
2385 4018 2651 4100 patris

356 4139 848 4194 renovatum.
941 4129 1150 4194 Scribi
1220 4130 1441 4195 debet:
1515 4130 1802 4195 foedus
1862 4151 1913 4195 c.
1962 4128 2075 4193 Ph.
2146 4131 2391 4191 ictum
2459 4147 2652 4201 esse,

360 4259 530 4303 cum
575 4240 751 4321 ipso
800 4259 884 4302 eo
929 4274 1015 4283 —
1071 4247 1561 4303 renovatum.
1656 4238 1846 4319 (Edd.
1904 4237 2228 4311 foeduS,
2294 4256 2457 4298 cum
2528 4234 2653 4298 Ph.

359 4348 634 4427 ictum,
693 4368 863 4411 cum
921 4347 1094 4429 ipso
1151 4369 1238 4413 eo
1298 4352 1419 4411 cet.
1475 4346 1714 4428 XLIII,
1766 4351 1818 4425 1,
1869 4351 1904 4410 7
1952 4344 2089 4409 cod.
2149 4345 2224 4408 in
2281 4342 2655 4408 Macedo-

360 4457 575 4520 niam
621 4477 704 4520 se
752 4478 870 4539 pro
918 4457 999 4519 in
1034 4454 1580 4521 Macedoniam
1627 4456 1859 4536 esse.)
1929 4452 2056 4518 Sed
2091 4454 2388 4536 graviore
2423 4452 2657 4517 mendo
