3230 5282
547 575 674 633 Lib.
711 573 803 630 IV.
1375 586 1385 595 ·
1650 560 1770 624 128

549 745 885 812 interim
962 746 1306 830 patricii
1373 746 1642 812 ,soluti
1715 745 1987 829 legum
2061 747 2863 834 magistratuumque

550 855 1055 920 verecundia
1110 876 1251 939 per
1308 875 1388 919 se
1433 874 1755 937 quoque
1799 858 1872 941 ct
1915 854 2450 921 tribuniciam
2493 864 2864 941 potesta-

547 968 707 1028 tem
776 968 1148 1046 agerent,
1218 961 1345 1027 hoc
1405 968 1536 1042 est,
1595 962 1863 1027 interim
1917 962 2218 1047 patricii,
2276 984 2346 1028 se
2404 985 2665 1048 quoque
2721 966 2867 1049 (tri-

548 1072 745 1137 bunis
791 1072 880 1155 pl.
901 1122 916 1151 ,
973 1091 1253 1154 quorum
1310 1072 1522 1136 oratio
1581 1069 1712 1152 est)
1758 1076 1826 1136 et
1868 1070 2228 1137 tribunicia
2270 1078 2605 1156 potestate
2652 1075 2867 1141 sinen-

550 1180 729 1245 tibus
776 1199 897 1245 nec
942 1179 1299 1262 quicquam
1344 1178 1918 1262 interponentibus
1964 1179 2415 1263 impedimenti
2462 1180 2670 1263 (αὑτῶν
2715 1188 2867 1247 ἕνεκα

550 1294 640 1367 aaz
684 1294 774 1363 τῆς
819 1293 1151 1370 δημαρχικῆς
1197 1296 1478 1366 ἐξουσίας,
1536 1292 1612 1351 uf.
1670 1286 1914 1351 dicitur
1957 1308 2099 1371 per
2141 1309 2292 1368 me,
2350 1309 2494 1372 pel·
2539 1297 2869 1357 oetatem

549 1395 782 1475 licet,
850 1401 1122 1479 potes;
1188 1415 1329 1479 per
1386 1415 1500 1459 me
1556 1394 1725 1459 ista
1780 1394 2128 1478 pedibus
2188 1395 2633 1463 trahantur
2690 1400 2869 1483 apud

549 1501 955 1585 Ciceronem)
1015 1502 1306 1568 viverent
1362 1508 1766 1587 agerentque
1813 1502 2015 1568 soluti
2061 1502 2282 1587 legum
2327 1506 2868 1587 magistratuum-

549 1632 675 1693 que
742 1611 1157 1676 verecundia.
1285 1610 1542 1694 Agere
1622 1612 1717 1676 sic
1783 1611 2087 1677 absolute
2155 1610 2236 1677 de
2302 1613 2452 1678 vitae
2518 1635 2868 1698 rerumque

550 1724 750 1799 statu,
795 1718 974 1802 quod
1019 1718 1195 1803 apud
1232 1716 1620 1784 Sallustium
1680 1724 1747 1783 et
1779 1718 2079 1785 Tacitum
2112 1719 2718 1803 frequentissimum
2755 1731 2871 1804 est,

542 1826 772 1891 'Livius
832 1847 1094 1909 quoque
1150 1848 1281 1891 non
1326 1848 1479 1892 raro
1526 1827 1780 1910 posuit,
1849 1827 2030 1892 velut
2073 1827 2179 1893 his
2223 1828 2417 1908 lociS,
2488 1849 2654 1912 quos
2698 1830 2871 1896 forte

551 1934 892 2000 adnotavi:
931 1934 1041 2015 IX,
1078 1938 1177 2014 20,
1209 1938 1286 1998 10
1324 1933 1527 2016 (sine
1561 1934 1880 2018 legibus
1918 1936 2185 2014 certis,
2226 1937 2398 2002 sine
2433 1938 2870 2020 magistra-

381 2066 522 2134 (108)
559 2042 786 2108 tibus
823 2040 1108 2124 agere),
1144 2042 1277 2108 ibd.
1305 2046 1405 2122 22,
1447 2046 1483 2106 3
1523 2041 1923 2124 (securior
1955 2043 2052 2108 ab
2078 2042 2580 2110 Samnitibus
2616 2066 2873 2128 agere,

550 2150 776 2216 addito
811 2149 1156 2229 adiectivo,
1193 2156 1270 2215 ut
1301 2149 1409 2214 hic
1443 2150 1746 2232 soluti),
1780 2150 1913 2216 ibd.
1940 2154 2041 2231 25,
2078 2156 2116 2216 6
2141 2157 2209 2217 et
2231 2155 2333 2232 43,
2372 2157 2413 2216 4
2439 2151 2874 2234 (incerti—

552 2258 1110 2341 suspensique
1202 2257 1292 2323 de
1384 2264 1612 2323 statu
1704 2258 2068 2325 alterius
2147 2266 2498 2344 uterque
2577 2262 2872 2327 consul

552 2364 894 2448 ageret),
951 2365 1198 2445 XXIX,
1260 2370 1329 2445 3,
1388 2371 1446 2443 8,
1508 2365 1713 2445 XXX,
1772 2369 1832 2445 9,
1879 2364 2012 2448 6.¹)
2124 2365 2348 2451 [Quod
2392 2367 2601 2449 volui,
2670 2369 2873 2453 paulo

551 2473 746 2537 aliter
792 2471 1073 2538 efficitur
1118 2495 1153 2539 e
1186 2474 1263 2554 V,
1298 2474 1364 2539 in
1410 2493 1541 2556 quo
1590 2479 1723 2539 est:
1771 2475 2264 2542 verecundia
2286 2526 2469 2541 .....
2496 2483 2874 2562 potesta-

550 2588 888 2665 temquae
944 2580 1478 2647 tribuniciam
1524 2588 1878 2666 agerent,
1934 2581 1996 2648 h.
2048 2605 2123 2665 e.,
2182 2605 2450 2671 pei-‚se
2495 2591 2867 2669 potesta-

548 2697 869 2772 temque
916 2695 1012 2754 tr.
1061 2687 1202 2773 ag]

723 2795 881 2880 Cap.
932 2802 1031 2862 58.
1141 2797 1217 2862 In
1283 2797 1440 2863 hoc·
1476 2799 1695 2882 capite
1755 2821 1958 2884 quum
2018 2801 2100 2866 de
2155 2801 2371 2867 tribus
2428 2800 2591 2867 locis
2648 2803 2865 2867 dicere

550 2905 1067 2984 constituissem,
1136 2905 1333 2989 primi
1388 2906 1914 2973 emendationem
1993 2929 2033 2972 a
2074 2907 2609 2975 Weissenbornio
2671 2930 2864 2974 occu-

549 3020 777 3097 patam
819 3012 1040 3092 vide0,
1109 3013 1196 3078 ad
1254 3034 1454 3097 quam
1507 3020 1729 3079 tamen
1778 3014 2296 3081 confirmandam
2338 3036 2555 3100 pauca
2600 3017 2861 3082 addam.

548 3122 717 3187 Nam
785 3119 818 3203 ἓ
887 3127 927 3185 4
997 3122 1091 3186 sic
1159 3122 1496 3188 scribitur:
1564 3121 2042 3188 Tarditatis
2111 3144 2352 3189 causa
2420 3125 2500 3188 in
2568 3132 2865 3190 senatu

548 3230 801 3313 magis
869 3229 1030 3294 fuit
1088 3251 1320 3313 quam
1377 3229 1458 3293 in
1515 3229 1908 3309 tribunis,
1976 3232 2140 3313 qui,
2206 3232 2400 3315 quia
2445 3253 2748 3298 summa
2793 3232 2865 3297 vi

550 3344 876 3403 restare
934 3336 1545 3402 nuntiabantur
1603 3336 1748 3420 (qui
1793 3339 2159 3420 Verrugine
2217 3339 2691 3406 obsidebantur
2734 3340 2865 3405 Ro-

549 3447 727 3509 mani
804 3444 1467 3527 milites),-parum
1536 3447 2152 3528 cogitaverunt,
2234 3448 2466 3515 nulla
2542 3449 2863 3514 virtute

550 3553 924 3635 superari
968 3551 1495 3616 humanarum
1539 3553 1833 3618 virium
1877 3555 2210 3621 modum.
2311 3554 2463 3632 Qui
2507 3577 2864 3641 pronomen

548 3658 636 3723 ad
692 3666 1066 3725 senatum
1120 3655 1353 3724 referri
1408 3680 1607 3742 posse
1664 3660 2240 3728 Drakenborchius
2300 3663 2534 3729 docere
2591 3670 2866 3730 conatus

550 3773 682 3846 est,
762 3767 990 3851 pingui
1055 3766 1377 3845 Minerva,
1445 3772 1521 3832 ut
1585 3768 1757 3834 solet
1821 3770 1933 3835 ille
2001 3770 2083 3836 de
2148 3769 2348 3861 rebus
2414 3771 2863 3855 grammaticis

608 4009 657 4077 ¹)
693 4010 772 4066 Ut
816 4010 908 4066 hic
951 4016 1373 4081 potestatem
1417 4014 1872 4071 tribuniciam
1921 4031 2146 4085 agere,
2202 4016 2284 4070 sic
2327 4015 2408 4083 11,
2461 4019 2557 4086 48,
2612 4018 2633 4071 1
2670 4034 2868 4073 omnes

689 4101 880 4150 tenent
932 4097 1113 4151 bella
1167 4113 1372 4167 agere
1425 4097 1814 4166 (vitiosissimo
1869 4101 2041 4180 etiam
2085 4100 2291 4169 plurali
2336 4102 2617 4172 numero),
2676 4109 2869 4158 ortum

690 4199 757 4233 ex
802 4183 1087 4237 communi
1130 4182 1228 4235 illo
1277 4200 1440 4237 casus
1485 4184 1953 4239 accommodandi
1999 4202 2214 4253 errore;
2268 4204 2396 4241 nam
2436 4205 2608 4256 quum
2645 4188 2867 4245 dilec-

688 4270 796 4319 tus
850 4272 1084 4335 propter
1137 4285 1374 4336 sequens
1432 4286 1648 4338 neque
1694 4270 1908 4324 aliam
1953 4271 2160 4325 ullam
2198 4271 2278 4340 (id
2313 4275 2427 4339 est,
2481 4272 2697 4328 ullius
2737 4271 2867 4342 rei)

689 4366 919 4405 curam
973 4352 1326 4412 accusativus
1374 4357 1691 4423 putaretur,
1744 4354 2101 4411 factumest
2147 4374 2365 4426 neque
2411 4356 2598 4413 bella
2640 4373 2870 4428 neque

688 4434 1009 4491 dilectus.
1082 4437 1454 4492 Scribendum
1491 4455 1610 4493 esse
1646 4439 1837 4509 belli,
1873 4440 2132 4496 Dukerus
2167 4441 2327 4497 vidit.
