3230 5282
1450 603 1528 662 41

335 786 594 849 minime
661 792 894 862 acuto,
963 786 1223 868 ingenio
1293 784 1381 850 ad
1449 786 1711 851 occulta
1780 791 1847 852 et
1921 785 2204 852 obscura
2259 786 2655 851 invenienda

337 894 591 976 exiguo,
661 892 883 959 Latini
965 895 1286 960 sermonis
1362 914 1714 977 rerumque
1792 896 2374 977 grammaticarum
2454 916 2652 960 sensu

333 1001 697 1082 subtiliori,
780 1002 960 1086 quod
1035 1003 1105 1067 in
1171 1002 1678 1067 Burmannianae
1758 1001 2121 1086 disciplinae
2199 1003 2465 1068 alumno
2544 1025 2652 1069 ex-

335 1111 619 1195 spectari
665 1117 963 1194 poterat,
1020 1110 1403 1190 destitutuS,
1450 1110 1630 1193 quod
1679 1111 1845 1199 satis
1891 1112 2100 1194 ipsius
2148 1112 2364 1178 oratio
2410 1112 2655 1177 novicii

338 1240 598 1303 semper
677 1218 920 1285 coloris
1000 1224 1067 1283 et
1144 1240 1372 1284 crasso
1441 1225 1755 1284 contexta
1820 1218 1931 1285 fflo
2003 1219 2316 1285 ostendit.
2441 1219 2656 1284 Multa

338 1326 916 1393 Drakenborchius
982 1348 1024 1391 a
1077 1326 1410 1407 Rubenio,
1474 1327 1765 1393 Antonio
1835 1333 1904 1392 et
1959 1326 2202 1393 Iacobo
2272 1326 2655 1407 Perizoniis,

344 1443 533 1518 patre
579 1434 871 1519 filioque,
931 1434 1209 1515 Roellio,
1256 1434 1547 1516 Dukero,
1595 1436 1782 1500 cuius
1829 1436 1914 1500 ad
1963 1456 2187 1501 omnes
2235 1434 2402 1500 Livii
2446 1435 2657 1502 libros

339 1543 806 1609 adnotationes
863 1542 1152 1608 edendas
1211 1544 1497 1627 accepit,
1555 1544 1757 1608 etiam
1803 1544 1943 1609 sine
1989 1549 2309 1628 perpetuo
2357 1543 2659 1610 codicum

337 1673 461 1717 usu
520 1651 798 1735 plenave
857 1653 1230 1735 cognitione
1292 1650 1627 1717 subtiliter
1672 1658 1740 1717 et
1785 1652 2123 1736 eleganter
2168 1651 2547 1734 excogitata
2592 1653 2658 1716 in

337 1760 829 1826 commentariis
896 1761 1140 1843 posuit.
1265 1759 1516 1826 Eodem
1592 1759 1732 1825 fex-e
1796 1748 2094 1842 tempore
2162 1760 2414 1825 minore
2480 1760 2652 1826 mole
2690 1774 2797 1842 (35)

338 1875 804 1953 apparatuque
887 1867 1139 1933 Livium
1219 1866 1560 1933 Creverius
1643 1866 1877 1947 edidit,
1965 1867 2130 1931 recti
2209 1865 2660 1950 elegantisque

338 1976 569 2041 iudicii
614 1977 847 2055 hom0‚
905 1977 1018 2059 qui
1064 1997 1198 2041 non
1242 1977 1341 2041 ita
1384 1998 1598 2060 pauca
1642 1983 1835 2041 acute
1882 1974 2282 2053 emendavit,
2331 1973 2659 2040 subsidio-

336 2106 507 2164 rum,
556 2104 706 2165 quae
738 2083 1008 2149 Lutetia
1050 2085 1111 2149 ei
1163 2083 1666 2150 subministrare
1703 2090 1991 2168 poterat,
2037 2084 2232 2148 nimis
2267 2083 2658 2149 incuriosus.

337 2191 481 2257 Hos
551 2198 961 2276 exceperunt
1030 2213 1109 2256 ex
1178 2192 1287 2272 iis,
1357 2194 1470 2275 qui
1540 2194 1608 2257 in
1669 2213 2009 2257 numerum
2064 2192 2363 2271 veniunt,
2429 2198 2660 2259 nostro

340 2300 584 2366 saeculo
633 2300 1052 2385 Kreyssigius
1100 2306 1170 2364 et
1212 2298 1582 2379 Bekkerus,
1645 2322 1926 2383 quorum
1970 2306 2251 2383 uterque
2297 2299 2661 2366 alienorum

342 2411 761 2474 inventorum
849 2407 1107 2473 delectu
1187 2407 1550 2491 prudenter
1627 2408 1860 2474 habito
1938 2408 2178 2497 multa,
2260 2428 2406 2492 quae
2484 2407 2663 2492 apud

342 2514 966 2581 Drakenborchium
1033 2517 1099 2580 in
1166 2517 1344 2581 notis
1414 2514 1926 2599 delitescebant,
2009 2516 2149 2579 iure
2217 2517 2286 2581 in
2353 2522 2665 2582 contextu

341 2630 732 2710 posuerunt,
779 2626 907 2710 ipsi
955 2626 1020 2689 in
1064 2626 1278 2709 prima
1322 2630 1390 2690 et
1433 2625 1639 2690 tertia
1684 2624 1930 2690 decade
1978 2646 2012 2689 e
2059 2624 2396 2690 codicibus
2429 2646 2663 2709 pauca,

344 2735 417 2797 in
499 2741 743 2817 quarta
819 2741 887 2799 et
964 2735 1200 2817 quinta
1278 2732 1525 2816 decade
1602 2732 1892 2817 plurima
1959 2753 1994 2797 e
2063 2731 2401 2797 codicibus
2470 2732 2663 2797 Bam-

342 2843 653 2925 bergensi
744 2848 810 2906 et
887 2841 1384 2907 vindobonensi
1463 2841 1898 2906 emendarunt
1987 2840 2418 2925 (quamquam
2492 2840 2667 2905 hunc

344 2948 743 3033 Kopitarius
820 2971 1055 3034 parum
1122 2949 1469 3032 diligenter
1537 2949 1942 3028 contulerat,
2024 2955 2259 3014 neutro
2327 2947 2666 3014 Bekkerus

346 3059 519 3123 satis
586 3057 883 3123 studiose
951 3064 1222 3123 cauteve
1290 3080 1451 3122 usus
1519 3056 1680 3138 est),
1759 3056 1969 3121 multa
2046 3057 2114 3121 in
2182 3055 2415 3121 iisdem
2480 3055 2668 3121 libris

346 3167 557 3231 etiam
603 3167 985 3231 coniectura
1030 3167 1197 3230 scita
1243 3172 1309 3230 et
1355 3171 1567 3244 acuta,
1613 3166 1895 3229 maxime
1941 3163 2380 3247 Kreyssigius,
2426 3165 2668 3247 partim

350 3277 422 3338 in
478 3273 725 3338 libellis
781 3281 936 3358 post
982 3272 1148 3338 Livii
1207 3273 1561 3339 edit-ionem
1620 3272 1958 3355 evulgatis.
2074 3271 2236 3336 Post
2289 3270 2414 3335 hos
2459 3292 2671 3354 nuper

346 3381 811 3447 Alschefskius
890 3386 1286 3466 apparatum
1367 3383 1668 3446 criticum
1746 3379 2115 3444 utilissimis
2183 3378 2672 3445 accessionibus

349 3492 560 3569 auxit,
609 3488 873 3555 collatis
919 3491 986 3553 in
1032 3491 1248 3573 prima
1293 3489 1540 3555 decade
1587 3487 1814 3555 codice
1859 3487 2155 3552 Mediceo
2196 3493 2264 3552 et
2297 3487 2670 3566 parisiensi,

348 3603 421 3664 in
490 3599 696 3664 tertia
763 3596 977 3678 (cuius
1045 3604 1180 3662 tres
1249 3590 1509 3663 tantum
1564 3597 1774 3661 libros
1833 3594 2147 3676 absolvit)
2208 3602 2448 3678 praeter
2506 3595 2673 3659 alios

352 3708 671 3786 Puteani,
739 3705 938 3772 homo
998 3706 1366 3790 ceteroqui,
1435 3706 1750 3789 quoniam
1797 3708 2024 3787 aperte
2072 3702 2416 3767 dicendum
2462 3708 2564 3768 est
2608 3709 2674 3767 et

349 3817 678 3880 universae
733 3816 830 3879 rei
889 3815 1496 3897 admonitionisque
1554 3833 1757 3878 causa
1816 3817 1884 3876 et
1940 3817 2016 3875 ut
2061 3809 2441 3894 philologiae
2485 3811 2676 3874 famae

350 3922 779 4002 consulatur,
848 3922 1226 3987 huiusmodi
1295 3920 1603 3987 sordibus
1674 3920 1757 3985 ab
1819 3939 1898 3983 ea
1952 3920 2256 3998 remotiS‚
2326 3939 2543 4002 neque
2591 3919 2674 3982 ad

356 4033 620 4097 Livium
700 4051 913 4115 neque
992 4029 1077 4095 ad
1155 4030 1360 4096 ullum
1441 4031 1830 4113 scriptorem
1908 4026 2378 4092 recensendum
2446 4032 2677 4111 aptus;

352 4162 508 4206 nam
569 4146 649 4204 ut
705 4138 785 4203 de
845 4139 1148 4205 lectionis
1207 4137 1732 4220 eruditionisque
1778 4137 2223 4218 grammaticae
2269 4135 2462 4218 copia
2508 4136 2678 4199 anti-

352 4268 725 4332 quarumve
771 4268 995 4311 rerum
1042 4248 1319 4312 scientia
1362 4246 1527 4311 nihil
1575 4246 1809 4323 dicam,
1867 4244 1953 4309 ad
1997 4251 2306 4308 naturam
2355 4245 2678 4308 sermonis

352 4364 748 4439 motumque
805 4355 1335 4438 intellegendum,
1394 4354 1479 4419 ad
1525 4353 1826 4436 exempla
1871 4353 2383 4435 testimoniaque
2431 4351 2676 4415 discer-

352 4465 579 4530 nenda
635 4472 705 4528 et
760 4463 1223 4547 ponderanda,
1291 4462 1377 4528 ad
1446 4461 1918 4526 sententiarum
1984 4460 2456 4524 ‘cohaerentiam
2523 4479 2677 4523 con-
