3230 5282
621 610 746 666 Lib.
784 610 986 667 XLIII.
1230 680 1249 700 ⁶
1713 601 1837 663 670

620 789 794 864 runt,
864 783 1283 850 scribendum
1354 792 1486 851 est:
1567 820 1651 832 —
1718 786 2099 867 locutam3
2167 806 2334 851 eam
2398 784 2723 871 publice
2791 784 2922 851 ali.

626 891 762 976 [Sic
806 891 1330 975 Hullemannus.]

794 999 948 1085 Cap.
1000 1005 1097 1082 14,
1145 1006 1181 1067 6
1229 1000 1324 1084 (in
1381 1003 1521 1068 iure
1576 1002 1893 1083 iurando,
1961 1003 2142 1087 quod
2207 1023 2516 1070 censores
2573 1000 2927 1067 adiuvandi

623 1109 901 1175 dilectus
949 1130 1149 1176 causa
1216 1131 1285 1176 se
1341 1131 1381 1176 a
1439 1109 1691 1176 civibus
1749 1117 2098 1178 exacturos
2144 1110 2552 1192 edixerunt):
2619 1110 2726 1175 Tu
2781 1110 2926 1174 mi-

620 1240 766 1283 nor
810 1220 1041 1283 annis
1088 1239 1227 1284 sex
1272 1226 1350 1285 et
1398 1219 1955 1303 quadraginta
2015 1242 2126 1300 es,
2196 1225 2445 1304 tuque
2503 1239 2592 1284 ex
2648 1218 2927 1283 edicto

622 1324 693 1392 C.
742 1324 1101 1408 Claudii,
1170 1327 1277 1392 Ti.
1339 1326 1804 1413 Sempronii
1870 1349 2293 1395 censorum
2361 1326 2458 1393 ad
2525 1326 2928 1393 dilectum

627 1434 1041 1518 prodibis?
1124 1441 1230 1516 et,
1299 1438 1957 1520 quotiescunque
2015 1435 2371 1502 dilectus
2438 1436 2629 1514 erit,
2698 1456 2929 1518 quum

625 1542 748 1624 (sic
796 1563 943 1608 cum
978 1541 1215 1609 Ursino
1264 1544 1679 1610 scribendum
1712 1566 1832 1628 pro
1879 1566 2065 1630 quse,
2111 1544 2286 1627 quod
2319 1545 2387 1609 in
2423 1544 2567 1611 cod.
2604 1549 2734 1624 est3
2781 1542 2927 1608 edd.

625 1651 1034 1733 quamdiu)
1081 1650 1163 1716 hi
1199 1672 1578 1718 censores
1614 1654 2182 1735 magistratum
2214 1652 2655 1732 habebunt,
2692 1652 2762 1717 si
2796 1651 2926 1715 mi-

447 1758 591 1829 (555)
629 1744 750 1825 les
796 1759 1074 1825 factus
1111 1781 1266 1826 non
1303 1761 1481 1839 eris,
1528 1762 1607 1825 in
1644 1760 1962 1827 dilectu
1996 1760 2423 1846 prodibis?
2466 1760 2658 1826 Prius
2691 1758 2928 1845 prod-

625 1866 784 1934 ibis
863 1890 896 1934 e
975 1867 1221 1935 Dukeri
1299 1870 1681 1935 coniectura
1756 1876 2093 1953 receptum
2156 1889 2197 1933 a
2260 1867 2739 1937 recentioribus
2806 1874 2927 1947 est,

627 1997 826 2059 quum
873 1976 1184 2061 Grynaeus
1231 1977 1563 2062 prodito
1611 1976 1947 2043 edidisset.
2041 1976 2168 2042 Sed
2209 1966 2424 2042 'minus
2468 1984 2647 2043 recte
2693 1976 2796 2042 bis
2841 1975 2924 2040 de

624 2085 847 2150 futuro
893 2087 1355 2170 interrogatur.
1449 2083 1771 2152 Censores
1826 2086 1894 2149 in
1950 2086 2165 2151 medio
2225 2085 2471 2151 dilectu
2527 2085 2652 2151 hoc
2707 2084 2925 2150 edixe-

625 2201 814 2273 runt3
879 2196 981 2259 ius
1027 2194 1376 2260 iurandum
1424 2201 1658 2278 postea
1700 2195 1770 2258 in
1818 2214 2016 2260 censu
2061 2193 2311 2277 agendo
2359 2194 2656 2261 exacturi
2701 2198 2923 2272 erant3

625 2303 851 2385 itaque
895 2309 1038 2367 tum
1084 2324 1153 2368 se
1199 2307 1267 2368 et
1312 2302 1391 2367 de
1439 2302 1684 2368 dilectu
1729 2324 1826 2380 ec,
1877 2303 1989 2384 qui
2034 2324 2205 2367 nunc
2239 2303 2372 2367 iam
2406 2307 2729 2386 ageretur,
2774 2300 2927 2366 obe-

626 2408 1025 2475 divissentne
1096 2411 1270 2475 cives
1341 2410 1584 2488 edict0,
1657 2418 1723 2476 et
1770 2409 1849 2476 de
1894 2411 2006 2489 iis,
2053 2412 2164 2493 qui
2221 2417 2369 2495 post
2425 2410 2632 2476 futuri
2691 2415 2923 2486 essent,

624 2518 1146 2601 interrogaturos
1190 2505 1558 2584 edixerunt.
1653 2516 1874 2584 Codex
1918 2518 2244 2603 proditi.
2335 2517 2766 2584 Scribendum
2808 2518 2927 2601 igi-

623 2631 763 2690 tur:
832 2632 1077 2709 tuque
1121 2664 1208 2672 —
1252 2626 1349 2692 ad
1397 2625 1787 2693 dilectum
1830 2627 2171 2709 prodisti
2226 2635 2332 2709 et,
2390 2628 2922 2713 quotiescun-

625 2744 773 2818 que
831 2733 1185 2802 (lilectus
1243 2737 1430 2815 erit,
1497 2772 1584 2780 —
1649 2735 2063 2821 prodibis?
2150 2736 2368 2802 Edicti
2414 2743 2635 2802 autem
2678 2736 2809 2801 vim
2855 2741 2919 2799 et

621 2844 724 2908 ius
769 2843 1117 2909 iurandum
1161 2851 1338 2910 recte
1386 2852 1451 2909 et
1497 2842 1724 2909 ordine
1783 2864 2082 2911 censores
2131 2867 2249 2911 suo
2292 2844 2504 2911 lustro
2550 2844 2921 2923 terminant,

621 2972 704 3017 ne
750 2952 1030 3017 alienam
1073 2958 1478 3036 potestatem
1536 2952 1662 3017 sibi
1708 2960 2063 3019 assumant.
2154 2953 2354 3019 Recte
2409 2954 2614 3037 igitur
2670 2951 2920 3017 habent
2994 2956 2999 2961 “

621 3060 765 3125 illa:
825 3083 1058 3145 quum
1103 3059 1184 3125 hi
1229 3080 1609 3125 censores
1654 3062 2219 3144 magistratum
2261 3060 2699 3127 habebunt.
2769 3058 2914 3124 Iure

622 3173 860 3248 autem,
934 3171 1182 3252 opinor,
1253 3167 1556 3252 Sigonius
1622 3170 1705 3233 in
1774 3169 2159 3235 dilectum
2215 3168 2388 3251 (cod.
2454 3170 2534 3233 in
2603 3167 2919 3232 dilectu

620 3274 1220 3361 prouidebis).¹)
1313 3275 1373 3359 (ἓ
1413 3281 1457 3340 2
1516 3284 1593 3343 et
1651 3285 1804 3343 ante
1870 3278 2238 3343 iuniores
2304 3283 2482 3343 recte
2550 3276 2916 3341 Gronovius

620 3383 766 3450 tolli
809 3384 1102 3465 volebat3
1168 3386 1236 3450 in
1292 3405 1399 3463 ea,
1441 3388 1670 3468 ‘quam
1735 3384 2107 3450 Perizonius
2175 3383 2344 3450 effici
2410 3383 2699 3463 volebat,
2769 3404 2909 3449 sen·

619 3493 829 3558 tentia
874 3493 1217 3558 dicendum
1263 3502 1434 3559 erat:
1482 3516 1573 3559 ne
1633 3494 1994 3559 iuniores
2043 3493 2383 3577 quidem.
2473 3490 2602 3557 Sed
2647 3491 2907 3557 omnino

619 3621 751 3665 non
817 3600 1137 3683 agebatur
1202 3606 1371 3680 tum,
1438 3603 1505 3667 in
1559 3601 1925 3684 legionibus
1985 3602 2069 3666 ad
2123 3601 2366 3666 bellum
2425 3600 2916 3666 Macedonicum

615 3707 1006 3789 -scribendiS,
1053 3710 1178 3774 nisi
1224 3709 1306 3774 de
1350 3709 1750 3790 iunioribus,
1800 3711 1913 3794 qui
1958 3708 2223 3794 quidem
2266 3710 2558 3774 Romane
2606 3707 2911 3773 diceban-

622 3822 746 3896 tur,
812 3836 930 3881 nec
998 3817 1082 3882 ad
1148 3817 1310 3883 alios
1389 3825 1646 3902 spectat
1714 3839 2053 3884 censorum
2095 3818 2259 3884 iuris
2304 3816 2567 3883 iurandi
2612 3814 2914 3883 formula.

668 4123 718 4188 ¹)
756 4121 958 4192 [Miror
991 4122 1202 4177 Dukeri
1238 4139 1483 4178 errorem
1518 4141 1699 4194 nuper
1734 4129 1792 4178 et
1828 4129 2024 4180 contra
2060 4123 2396 4179 sententiam
2425 4127 2482 4179 et
2510 4125 2708 4178 contra
2734 4122 2906 4178 mani·

754 4208 959 4263 festum
1013 4208 1221 4264 codicis
1257 4208 1529 4264 indicium
1585 4209 1892 4279 (proditi)
1946 4214 2229 4264 retentum
2277 4226 2412 4263 esse.
2485 4208 2753 4263 Censores
2786 4211 2913 4278 post

758 4311 886 4349 eum
924 4294 1146 4349 demum
1185 4295 1481 4363 dilectum,
1537 4297 1635 4364 qui
1687 4300 1810 4351 tum
1865 4296 2047 4365 ipsum
2079 4295 2417 4365 habebatur,
2473 4311 2703 4350 censum
2739 4292 2909 4350 acturi

758 4382 830 4434 et'
852 4381 1252 4451 interrogaturi
1290 4397 1360 4435 ex
1396 4380 1583 4436 edicto
1623 4397 1722 4435 suo
1763 4386 1936 4437 erant.
2009 4379 2197 4436 Nihilo
2232 4381 2430 4436 melius
2477 4380 2546 4434 hi
2593 4394 2909 4435 censores

757 4466 817 4520 in
852 4466 961 4520 his
1000 4466 1420 4521 censoribus
1455 4469 1749 4521 mutatum.
1810 4464 1981 4535 1864]
