3230 5282
1473 592 1549 652 41
1566 593 1595 650 l
2276 602 2402 658 Lib.
2438 604 2692 658 XXVIII.

385 775 609 838 sisset:
668 780 1152 855 tantumque
1198 773 1482 856 gloriae
1527 772 1728 838 belli
1777 773 2146 855 domique
2192 782 2530 859 partum,
2578 776 2692 840 ubi

385 882 643 946 codices
689 881 953 960 habent,
1001 880 1178 962 quod
1220 902 1392 944 nunc
1438 881 1676 960 editur,
1721 887 1996 964 partae.
2094 881 2304 964 1863]

555 989 710 1072 Cap.
758 993 871 1067 41,
933 994 969 1051 7
1029 994 1095 1053 et
1150 992 1187 1051 8
1246 988 1343 1069 (111
1402 988 1632 1052 eadem
1692 988 1766 1066 Q.
1812 987 2001 1053 Fabii
2058 990 2414 1071 oratione):
2486 990 2691 1068 Quin

386 1098 636 1181 igitur
693 1096 789 1160 ad
845 1096 991 1160 hoc
1049 1096 1540 1176 accingeriS‚
1596 1116 1748 1159 nec
1802 1117 1942 1179 per
1997 1098 2204 1161 istos
2262 1098 2689 1177 circuituS‚

385 1212 485 1282 ut,
535 1225 765 1286 quum
810 1204 887 1267 in
932 1201 1291 1266 Africam
1336 1202 1800 1283 traieceris,
1849 1211 2323 1269 secuturum
2369 1211 2446 1270 te
2492 1205 2692 1270 illuc

382 1310 914 1376 Hannibalem
983 1330 1300 1393 spereS,
1364 1311 1644 1393 potius
1712 1331 1948 1392 quam
2012 1317 2243 1375 recto
2310 1312 2496 1377 hinc
2553 1315 2690 1377 iti-

384 1441 597 1498 nere,
655 1418 790 1483 ubi
835 1416 1242 1481 Hannibal
1291 1424 1447 1495 est,
1504 1438 1594 1481 eo
1643 1417 1948 1482 bellum
1994 1419 2401 1485 intendis?
2472 1441 2691 1501 egre-

383 1527 590 1608 giam
667 1513 934 1590 istam'
986 1525 1328 1608 palmam
1405 1524 1610 1588 belli
1678 1525 1960 1589 Punici
2040 1528 2363 1609 patrati
2429 1528 2689 1610 petis?

381 1633 723 1697 Postrema
788 1632 928 1696 haec
993 1633 1424 1713 interrogatio
1492 1632 1585 1696 sic
1655 1654 1946 1698 seorsum
2002 1635 2224 1716 posita
2282 1636 2509 1718 inepta
2569 1642 2691 1699 est.

383 1741 705 1819 Quoniam
763 1740 936 1803 enim
993 1739 1071 1802 de
1117 1738 1457 1803 voluntate
1504 1739 1830 1822 Scipionis
1877 1741 2168 1805 dubitari
2214 1743 2476 1824 nequit,
2540 1743 2689 1807 ideo

381 1855 637 1913 tantum
683 1848 1157 1928 interrogatur,
1215 1852 1289 1910 ut
1337 1846 1766 1927 adiungatur,
1830 1848 1989 1930 quid
2035 1848 2122 1912 ad
2168 1870 2311 1913 eam
2356 1870 2493 1912 rem
2540 1871 2691 1914 con-

385 1955 788 2037 sequendam
842 1953 1213 2018 faciendum
1272 1955 1374 2018 sit.
1487 1952 1731 2017 Verum
1786 1955 1954 2018 nihil
2015 1956 2337 2020 eiusmodi
2396 1958 2692 2038 sequitur

382 2066 735 2147 potiusque
793 2062 860 2125 id
918 2068 1072 2125 ante
1132 2061 1376 2125 dictum
1434 2067 1534 2125 est
1594 2061 1761 2141 (nec
1814 2097 1902 2107 —
1955 2071 2179 2127 recto
2247 2064 2548 2129 itinere
2604 2100 2692 2109 —

383 2194 471 2236 eo
527 2171 828 2236 bellum
883 2169 1342 2250 intendis?).
1445 2168 1575 2232 Sed
1633 2191 1714 2233 ne
1765 2170 2213 2252 superioribus
2261 2171 2528 2252 quidem
2575 2171 2690 2235 ad-

382 2280 563 2361 iungi
610 2278 995 2361 simpliciter
1028 2277 1167 2340 haec
1202 2277 1630 2358 interrogatio
1667 2283 1888 2359 potest
1924 2277 2031 2357 (et
2076 2279 2487 2361 egregiam
2509 2280 2689 2360 —‘?),

384 2387 696 2470 quoniam
752 2384 938 2449 nulla
984 2386 1051 2448 in
1099 2404 1178 2447 ea
1224 2383 1615 2463 significatio
1663 2392 1763 2449 est
1806 2386 1953 2463 viae,
2025 2406 2156 2467 qua
2213 2387 2527 2451 utendum
2587 2389 2690 2466 sit,

385 2514 528 2575 quae
597 2500 798 2571 esset,
881 2494 934 2556 si
1014 2493 1108 2555 sic
1183 2492 1735 2573 interrogaretur:
1819 2498 1894 2555 et
1971 2495 2371 2575 egregiam
2439 2496 2679 2558 istam
2716 2509 2862 2577 (337)

384 2601 722 2684 palmam
780 2636 868 2645 —
924 2599 1137 2678 inde,
1197 2598 1333 2662 ubi
1392 2605 1544 2678 est,
1602 2600 1865 2683 petis?
1941 2598 2186 2664 Verum
2232 2602 2378 2685 ipsa
2423 2601 2540 2666 illa
2584 2624 2691 2666 su-

381 2711 641 2793 periora
707 2711 760 2772 si
828 2709 1099 2791 propius
1164 2708 1561 2789 inspexeris,
1631 2709 1861 2772 vitium
1909 2707 2383 2791 deprehendas.
2486 2710 2689 2773 Recte

380 2816 947 2880 Weissenbornius
983 2836 1073 2877 ne
1094 2835 1128 2877 c
1162 2814 1643 2878 dissolvendum
1680 2836 1827 2879 esse
1853 2816 1950 2879 ait
1976 2812 2690 2897 (Quin—accinge-

381 2927 493 2988 ris
532 2931 608 2988 et
641 2945 793 2987 non
828 2924 1045 3005 p.ist.
1074 2923 1520 3005 c.—potius
1558 2921 2379 3003 quam—intendis‘P).
2451 2921 2579 2986 Sed
2604 2923 2688 2986 ad

380 3031 552 3095 hanc
586 3031 1200 3111 interrogationem:
1256 3027 1461 3105 Quin
1495 3063 1583 3071 —
1622 3049 1708 3091 eo
1747 3028 2056 3091 bellum
2112 3029 2536 3093 intendis?
2585 3050 2690 3093 ac-

382 3138 781 3203 commodari
804 3137 969 3200 illud
992 3158 1142 3200 non
1177 3157 1316 3219 per
1351 3136 1558 3200 istos
1597 3137 1998 3199 circuitus
2023 3135 2200 3199 nullo
2228 3135 2417 3199 modo
2443 3142 2686 3218 potest,

380 3248 691 3328 quoniam
747 3247 896 3329 ipsa
952 3244 1413 3326 interrogatio,
1481 3242 1800 3307 directam
1858 3244 2031 3306 viam
2081 3241 2491 3324 significanS,
2561 3244 2686 3306 cir-

379 3356 598 3418 cuitus
645 3352 951 3417 excludit.
1040 3352 1202 3415 Duae
1247 3350 1375 3414 illae
1420 3351 1767 3414 contrariae
1812 3371 1950 3414 rem
1996 3352 2406 3433 propositam
2451 3352 2688 3433 agendi

378 3463 515 3539 viae,
575 3482 720 3542 quae
767 3462 861 3524 ita
905 3465 1388 3541 comparantur,
1443 3464 1521 3522 ut
1564 3459 1779 3523 altera
1823 3458 1964 3522 sola
2008 3459 2325 3541 probetur
2371 3458 2440 3539 (n
2461 3481 2556 3523 on
2600 3496 2688 3504 —

380 3571 658 3651 potius
727 3565 1018 3652 quam),
1096 3567 1162 3630 in
1230 3566 1696 3647 interrogando
1766 3565 2034 3649 adiungi
2103 3567 2418 3631 eiusmodi
2488 3568 2687 3633 verbo

381 3676 648 3755 debent,
715 3676 783 3739 in
840 3697 968 3757 quo
1026 3675 1168 3756 ipso
1215 3694 1344 3738 non
1388 3674 1554 3737 recti
1600 3675 1875 3751 itineriS,
1925 3675 2041 3737 sed
2089 3680 2348 3738 tantum
2393 3675 2488 3738 rei
2535 3697 2688 3758 pro-

380 3785 614 3865 positae
680 3782 1069 3864 significatio
1137 3782 1314 3845 insit.
1426 3781 1524 3844 Ea
1590 3788 1812 3846 autem
1871 3783 2307 3863 interrogatio
2370 3781 2481 3846 illa
2541 3783 2689 3864 ipsa

379 3897 509 3970 est,
571 3911 715 3972 quae
772 3896 1066 3953 extremo
1111 3888 1255 3953 loco
1303 3890 1599 3970 ponitur:
1670 3887 1936 3970 (Quin)
1987 3891 2394 3971 egregiam
2441 3890 2687 3954 istam

377 3998 725 4081 palmam
780 4032 868 4042 —
923 3997 1180 4080 petis?
1261 3995 1417 4073 Quae
1484 3995 1893 4078 praecedunt,
1978 3997 2305 4080 duplicem
2372 3999 2541 4061 viam
2613 4019 2690 4061 ac

376 4107 700 4170 rationem
749 4107 1105 4169 continent.
1217 4104 1449 4184 Itaque
1506 4103 1598 4166 sic
1657 4103 2050 4168 scribendus
2101 4113 2280 4169 totus
2325 4104 2508 4169 locus
2557 4113 2686 4170 est:

378 4213 583 4291 Quin
645 4213 1108 4294 accingeris
1155 4231 1301 4275 nec
1348 4209 1444 4290 (id
1490 4217 1623 4274 est:
1696 4217 1806 4289 et,
1853 4211 2039 4292 non)
2086 4234 2230 4295 per
2275 4213 2482 4277 istos
2532 4214 2686 4277 cir-

378 4322 648 4384 cuitus
730 4355 815 4365 —-
880 4321 1159 4402 potius
1244 4339 1474 4399 quam
1553 4324 1779 4382 recto
1858 4318 2043 4382 hinc
2122 4320 2463 4399 itinere,
2511 4319 2685 4383 ·ubi

375 4427 791 4493 Hannibal
836 4434 975 4503 est,
1033 4448 1120 4490 eo
1164 4424 1470 4489 bellum
1515 4425 1942 4506 intendens,
2002 4429 2403 4510 egregiam
2449 4428 2685 4490 istam
