3230 5282
1421 586 1543 647 593

345 769 695 835 collatione
762 792 938 854 usus.
1032 769 1160 835 Sed
1203 771 1618 855 Kreyssigius
1684 772 1751 834 in
1808 778 2046 836 neutra
2112 771 2400 837 editione
2458 772 2640 854 ipsas

347 878 593 943 codicis
659 880 1022 962 scripturas
1088 879 1430 958 indicavit,
1475 878 1813 944 Bekkerus
1877 901 2030 944 raro
2092 886 2159 944 et
2213 878 2643 961 inaequaliter,

351 986 508 1070 quid
554 988 621 1050 in
670 986 891 1051 codice
937 994 1127 1068 esset,
1173 988 1514 1052 adnotavit
1556 1009 1679 1052 nec
1715 989 1852 1052 sine
1889 987 2242 1052 erroribus,
2310 987 2477 1052 Nam
2510 987 2642 1053 Ko-

345 1096 625 1178 pitarius
672 1095 1212 1179 perneglegenter
1253 1117 1391 1161 rem
1438 1101 1665 1179 egerat
1709 1103 1775 1160 et
1817 1097 2024 1160 multo
2071 1097 2311 1180 saepius
2356 1096 2644 1178 gravius-

347 1224 492 1287 que,
542 1224 736 1286 quam
772 1225 894 1287 par
939 1210 1103 1281 erat,
1148 1203 1574 1270 aberraverat
1603 1204 1905 1288 falsaque
1938 1204 2324 1268 tradiderat.
2392 1202 2643 1267 Deinde

351 1319 568 1376 autem
634 1311 1081 1395 Kreyssigius,
1163 1319 1513 1395 postquam
1592 1313 1910 1377 nonnulla
1973 1311 2337 1378 minoribus
2404 1311 2645 1376 libellis

357 1426 721 1503 sparserat,
778 1422 844 1483 in
890 1420 1447 1485 Annotationibus
1504 1421 1588 1485 ad
1648 1420 1719 1486 T.
1767 1407 1931 1485 Livii
1985 1420 2190 1485 libros
2234 1418 2648 1483 XLI—XLV

345 1528 612 1593 Misenae
659 1550 716 1593 a.
771 1534 931 1594 1849
980 1530 1174 1594 editis
1222 1531 1302 1594 de
1349 1530 1649 1595 omnibus
1694 1531 1874 1608 locis,
1920 1549 2079 1611 quos
2115 1534 2503 1606 mutaverat,
2550 1529 2648 1592 in-

352 1637 572 1702 dicata
617 1637 864 1703 codicis
912 1639 1243 1720 scriptura
1288 1637 1618 1718 disseruit,
1664 1640 2150 1721 multorumque
2207 1638 2435 1715 etiam,
2483 1659 2647 1721 quos

358 1746 645 1810 intactos
689 1745 1070 1828 reliquerat,
1113 1748 1510 1830 scripturam
1557 1747 1802 1829 posuit,
1845 1766 2058 1828 neque
2100 1750 2344 1824 tamen,
2392 1745 2649 1810 etiamsi

357 1876 539 1919 error
583 1856 794 1919 omnis
840 1855 922 1918 ab
969 1843 1069 1932 fis,
1117 1876 1261 1937 quae
1306 1856 1555 1938 posuit,
1614 1853 1955 1934 abfuisset,
2012 1852 2147 1918 ullo
2204 1853 2399 1919 modo
2457 1854 2649 1918 satis-

345 1962 507 2027 fecit
551 1964 650 2042 iis,
700 1964 811 2046 qui
856 1963 1075 2027 omnia
1118 1963 1344 2026 rimari
1389 1969 1456 2027 et
1489 1964 1830 2045 exquirere
1861 1962 2122 2027 vellent.
2189 1962 2392 2026 Miror
2426 1967 2650 2026 autem

353 2071 831 2155 Kreyssigium,
877 2092 1077 2154 quum
1124 2071 1204 2135 de
1250 2070 1429 2135 haud
1473 2071 1704 2154 paucis
1757 2071 1921 2135 locis
1979 2071 2217 2135 erroris
2277 2072 2651 2154 suspicione

354 2188 501 2244 orta
535 2180 970 2263 Kopitarium,
1015 2185 1090 2244 ut
1137 2179 1430 2244 codicem
1475 2181 1715 2244 iterum
1749 2180 2118 2263 inspiceret,
2152 2185 2456 2262 rogasset
2490 2180 2652 2244 alia-

351 2310 483 2373 que
529 2288 621 2351 ibi
667 2289 918 2372 scripta
963 2309 1133 2367 esse,
1203 2295 1400 2370 atque
1453 2287 1636 2371 prius
1680 2287 2066 2370 Kopitarius
2120 2287 2521 2368 tradiderat,
2567 2288 2651 2353 ab

350 2398 495 2481 ipso
544 2397 997 2480 comperisset,
1053 2418 1184 2460 non
1250 2395 1456 2461 multo
1502 2397 1763 2478 gravius
1819 2395 1899 2459 de
1944 2395 2395 2478 Kopitarianae
2453 2396 2652 2461 colla-

350 2507 551 2570 tionis
616 2504 744 2568 fide
813 2505 1113 2569 dubitare
1181 2503 1565 2587 coepisse.¹)
1652 2505 1709 2568 A
1764 2503 2063 2568 Bekkero
2132 2509 2199 2568 et
2262 2504 2642 2588 Kreyssigio
2680 2519 2824 2592 (487)

355 2613 601 2697 pendet
636 2612 1231 2691 Weissenbornius‚
1268 2613 1382 2696 qui
1417 2613 1746 2678 interdum
1794 2634 1873 2678 ex
1918 2613 2017 2693 iis,
2062 2633 2205 2695 quae
2239 2612 2654 2694 adnotarant,

407 2868 458 2935 ¹)
494 2868 618 2923 Uno
657 2873 782 2922 utar
819 2869 1206 2937 exemplorum
1245 2885 1465 2937 genere.
1539 2868 1661 2923 Etsi
1709 2870 1857 2923 ultra
1893 2886 2245 2924 communem
2280 2868 2654 2937 neglegentiae

491 2955 720 3007 modum
765 2955 1020 3008 librarius
1057 2973 1222 3009 voces
1271 2956 1583 3010 omittendo
1631 2957 1916 3025 peccavit,
1964 2962 2152 3010 tamen
2187 2971 2303 3008 non
2338 2955 2421 3007 ita
2457 2971 2654 3022 pauca,

493 3059 617 3110 quse
669 3041 1001 3110 Kopitarius
1056 3046 1153 3096 aut
1205 3044 1265 3095 in
1315 3041 1509 3096 codice
1564 3042 1748 3095 omitti
1804 3042 2010 3096 diserte
2065 3042 2370 3110 scripserat
2422 3046 2535 3105 aut,
2590 3044 2655 3093 ut

502 3129 707 3181 omissa
743 3132 1106 3196 putarentur,
1145 3128 1405 3195 ambigue
1460 3128 1759 3181 scribendo
1806 3127 2092 3194 effecerat,
2137 3131 2336 3196 postea
2383 3145 2415 3179 a
2448 3126 2653 3196 Kreys-
2679 3162 2690 3173 ·

499 3215 639 3281 sigio
677 3215 1058 3281 interrogatus
1094 3214 1153 3266 in
1191 3213 1387 3267 codice
1424 3217 1645 3267 exstare
1681 3214 1967 3268 indicavit.
2041 3213 2149 3267 Sed
2198 3212 2277 3265 sic
2322 3229 2542 3280 quoque
2586 3229 2656 3266 ex

489 3300 592 3363 iis,
642 3315 765 3368 quse
803 3298 1161 3366 Kreyssigius
1201 3318 1252 3374 p.
1297 3301 1360 3351 12
1395 3304 1512 3352 not.
1551 3302 1583 3352 5
1621 3316 1654 3351 a
1691 3299 1959 3370 Grynum,
2009 3316 2178 3368 quum
2223 3298 2281 3352 in
2320 3298 2516 3352 codice
2556 3298 2651 3350 de·

491 3392 692 3450 essent,
732 3383 988 3452 suppleta
1023 3383 1176 3449 dicit,
1211 3384 1336 3438 haec
1373 3385 1667 3439 eximenda
1713 3391 1812 3438 aut
1857 3385 2170 3438 accuratius
2215 3382 2461 3437 finienda
2498 3387 2653 3437 sunt:

489 3471 613 3524 Lib.
653 3468 833 3522 XLII.
873 3472 954 3533 23,
991 3471 1026 3521 7
1061 3487 1175 3523 non
1213 3470 1494 3524 omittitur
1528 3471 1760 3535 finem,
1799 3470 1897 3523 sed
1934 3475 2131 3523 contra
2164 3469 2336 3538 paulo
2374 3474 2506 3521 ante
2544 3468 2654 3522 de-

492 3557 762 3609 dissent
797 3556 972 3620 (inter
1007 3555 1169 3624 quid
1207 3560 1264 3610 et
1301 3555 1580 3624 ipsum);
1637 3573 1683 3609 c.
1719 3558 1804 3621 46,
1843 3559 1874 3609 3
1918 3571 2034 3607 non
2079 3555 2367 3608 scribitur:
2404 3554 2653 3607 missos

489 3641 762 3695 Romam
801 3641 873 3705 si,
911 3640 1032 3693 sed:
1070 3641 1320 3694 missos
1356 3641 1702 3695 Romanos
1741 3641 1821 3707 si3
1860 3658 1904 3693 c.
1944 3642 2027 3707 48,
2064 3641 2098 3691 ’7
2144 3657 2258 3693 non
2303 3639 2467 3691 abest
2509 3638 2651 3691 Ita-

489 3728 624 3795 lise,
661 3726 758 3780 sed
794 3726 903 3778 alio
943 3726 1141 3781 ordine
1179 3727 1465 3780 scribitur:
1502 3732 1756 3795 praeter
1793 3743 1977 3779 oram
2048 3729 2487 3794 ›uperuectus
2522 3724 2657 3777 Ita-

490 3812 629 3891 lioe3
667 3829 714 3867 c.
753 3812 837 3877 65,
875 3814 907 3866 3
943 3813 1001 3865 in
1039 3813 1235 3867 codice
1284 3812 1444 3865 adest
1491 3813 1897 3881 capiuntur3
1945 3828 2126 3880 neque
2162 3811 2256 3863 lib.
2298 3809 2497 3877 XLIII,
2533 3812 2585 3876 4,
2620 3810 2655 3863 6

490 3897 775 3951 omittitur
842 3897 1256 3952 lacerabant
1307 3914 1411 3952 nec
1487 3899 1538 3963 5,
1589 3902 1625 3951 4
1695 3898 1945 3951 bellum
2019 3897 2141 3963 (sed
2213 3897 2502 3950 scribitur:
2576 3894 2657 3947 ad

493 3983 681 4037 aliud
734 3983 801 4035 id
837 3982 1110 4048 bellum)
1156 4000 1258 4037 nec
1303 3982 1496 4050 XLIV,
1547 3987 1591 4051 1,
1636 3986 1699 4036 10
1742 4000 2025 4051 regnum
2078 3998 2181 4035 nec
2219 3983 2302 4047 22,
2342 3983 2375 4035 6
2412 3983 2656 4033 auctor

491 4086 594 4123 nec
631 4071 717 4137 27,
759 4070 823 4121 10
857 4070 1330 4123 subsisterent
1382 4084 1486 4121 nec
1533 4070 1615 4134 35,
1654 4071 1720 4122 23
1765 4075 1862 4124 aut
1904 4086 2084 4122 mare
2129 4072 2228 4121 aut
2277 4066 2656 4119 transitum

490 4153 953 4220 (Forchhammer
979 4153 1217 4207 adnotat
1244 4153 1304 4206 in
1339 4152 1524 4206 media
1559 4170 1697 4207 voce
1734 4170 1916 4207 mare
1950 4170 2171 4206 versum
2207 4150 2517 4216 terminari)
2549 4167 2655 4205 nec

492 4243 573 4305 39,
609 4241 643 4293 8
698 4255 896 4307 quam
951 4242 1022 4291 ut
1076 4238 1198 4305 (sed
1234 4238 1522 4293 scribitur:
1581 4257 1865 4308 quarum
1923 4238 2031 4303 ut).
2104 4236 2272 4303 XLV,
2315 4238 2395 4302 10,
2440 4239 2503 4290 10
2538 4252 2654 4290 non

494 4325 824 4394 simpliciter
861 4324 1142 4376 omittitur
1178 4324 1434 4390 oratic,
1473 4323 1601 4391 sed,
1656 4325 1870 4377 duabus
1917 4324 2148 4376 vocibus
2198 4322 2656 4388 (moderatior

491 4407 743 4476 oratio)
798 4407 1072 4476 conflatis,
1129 4408 1392 4463 scribitur
1440 4409 1851 4475 moderatim
1899 4425 1944 4461 c.
1990 4410 2067 4472 11,
2117 4411 2149 4461 5
2201 4423 2317 4459 non
2372 4407 2658 4459 omittitur

2125 4561 2194 4614 38

656 4852 1697 5160 ff
1862 4924 2075 5159 2..
