3230 5282
572 574 699 631 Lib.
735 574 799 627 V.
1669 559 1790 619 146

569 747 796 811 lantur
833 744 1003 827 (Λάοι
1047 750 1137 806 καὶ
1169 741 1459 823 Λεβέκιοι).
1554 741 1933 806 Libicorum
1978 748 2202 807 autem
2247 743 2424 825 apud
2463 742 2750 807 Plinium
2792 742 2885 807 H.

571 854 648 918 N.
674 854 790 931 ΠΙ,
837 857 954 916 124
991 859 1145 916 sunt
1167 849 1559 915 Vercellae
1596 849 1976 932 exSalyis
2020 856 2230 915 ortae.
2299 850 2535 932 Itaque
2572 851 2747 935 apud
2769 851 2887 915 Li·-

572 963 746 1025 vium
767 961 846 1023 ·h.
883 960 922 1024 l.
963 965 1140 1023 recte
1180 979 1327 1023 cum
1363 957 1571 1040 Salyis
1614 959 2117 1039 coniunguntur.
2207 957 2640 1022 Scribendum
2673 960 2888 1041 igitur

570 1075 686 1134 aut
717 1069 939 1151 potius
964 1068 1175 1132 oratio
1201 1068 1295 1131 sic
1320 1065 1812 1147 distinguenda:
1849 1064 2034 1129 Alia
2067 1063 2408 1129 subinde
2445 1087 2721 1131 manus
2748 1065 2884 1132 Ce-

569 1197 1093 1240 nomanorum
1148 1210 1261 1253 —,
1329 1173 1465 1238 ubi
1523 1194 1729 1237 nunc
1784 1173 2068 1237 Brixia
2124 1193 2213 1237 ac
2258 1173 2578 1238 Verona
2632 1174 2883 1240 urbes

569 1291 785 1363 sunt,
855 1284 1084 1348 locos
1152 1288 1491 1346 tenuere
1551 1279 1654 1362 (ut
1700 1278 1732 1362 ἓ
1781 1285 1816 1344 3
1867 1281 1947 1344 de
2006 1279 2406 1345 Senonibus:
2473 1281 2691 1346 sines
2746 1280 2879 1346 ha-

567 1391 861 1472 buere).
933 1391 1169 1456 Libui
1218 1388 1659 1453 considunt
1704 1393 1888 1471 post
1924 1387 2064 1451 hos
2101 1387 2598 1465 Salluviique
2632 1395 2885 1469 propter

566 1500 986 1582 antiquam
1054 1504 1364 1579 gentem
1436 1496 1708 1560 Laevos
1774 1496 2150 1577 LigureS,
2216 1496 2682 1561 incolentes
2742 1502 2869 1561 cet.

563 1607 908 1689 Propter
976 1605 1347 1686 significant
1403 1603 1622 1668 MRh.
1671 1603 1922 1667 Nomen
1988 1604 2055 1667 in
2112 1602 2179 1666 M
2234 1603 2532 1668 Salluii
2604 1610 2733 1684 est,
2802 1605 2875 1668 in

563 1714 678 1778 PH
728 1714 1110 1778 Salluuii.
1202 1711 1446 1793 (1861.)

736 1820 892 1904 Cap.
942 1826 1050 1900 36,
1117 1826 1223 1884 10;
1302 1841 1394 1883 ne
1451 1839 1695 1902 penes
1754 1819 1976 1901 ipsos
2035 1818 2271 1902 culpa
2329 1824 2549 1884 esset
2606 1819 2875 1884 cladis

561 1928 774 1993 forte
812 1929 1133 1993 Gallico
1179 1927 1401 1991 bello
1448 1932 1825 2008 acceptae,
1873 1927 2426 2009 cognitionem
2462 1926 2553 1989 de
2589 1932 2871 2009 postu-

560 2036 754 2101 latis
825 2036 1241 2101 Gallorum
1324 2035 1420 2098 ad
1487 2034 1879 2117 populum
1945 2034 2353 2097 reiiciunt.
2477 2033 2868 2115 Tanaquillo

559 2145 775 2208 Fabro
824 2144 1186 2221 dubitanti,
1243 2148 1508 2206 rectene
1567 2146 1908 2224 accepta
1953 2141 2174 2206 clades
2222 2141 2303 2205 de
2346 2140 2573 2205 futura
2620 2141 2871 2205 dicere-

558 2259 697 2329 tur,
755 2253 1054 2333 exempla
1108 2249 1440 2333 participii
1495 2249 1690 2313 simili
1736 2248 2059 2313 brevitate
2106 2248 2186 2312 de
2235 2248 2620 2313 condicione
2666 2249 2870 2332 positi

560 2360 873 2440 opposuit
916 2357 1529 2435 DrakenborchiuS,
1595 2362 1929 2440 praeeunte
1975 2356 2023 2419 I.
2072 2356 2141 2419 F.
2193 2356 2543 2435 GronoviO,
2615 2356 2700 2420 ad
2744 2356 2865 2436 IX,

564 2470 660 2544 18,
708 2471 766 2527 4.
860 2465 987 2529 Sed
1035 2465 1166 2529 alia
1215 2471 1316 2528 est
1362 2465 1681 2528 orationis
1727 2464 2075 2528 insolentia
2120 2485 2161 2526 a
2205 2463 2421 2528 Fabro
2468 2485 2599 2527 non
2646 2465 2856 2528 anim·

558 2574 868 2652 adversa,
969 2572 1182 2636 forto
1275 2593 1392 2655 pro
1471 2572 1840 2635 fortasse
1920 2573 2236 2656 positum3
2328 2593 2482 2636 nam
2578 2570 2869 2635 clades

555 2681 774 2746 sorte
823 2688 1156 2763 accepta
1202 2681 1360 2760 quid
1407 2680 1642 2744 Latino
1690 2687 1757 2745 et
1803 2682 2075 2762 antiquo
2126 2680 2384 2746 dicendi
2430 2701 2585 2759 usn,
2645 2700 2686 2742 a
2731 2700 2871 2762 quo

559 2789 779 2852 Livius
825 2810 1145 2870 nusquam
1196 2789 1514 2866 discessit,
1563 2788 1905 2870 significet,
1953 2789 2225 2852 dubium
2271 2810 2401 2852 non
2447 2794 2565 2852 est.
2627 2787 2864 2870 Itaque

558 2898 613 2959 si
685 2898 831 2977 quis
891 2918 1201 2960 excusare
1257 2897 1459 2974 volet,
1528 2896 1748 2960 forte
1817 2896 1925 2959 hic
1993 2896 2122 2959 dici
2182 2896 2475 2979 potuisse
2534 2893 2860 2973 defendet,

555 3006 726 3087 quod
778 3006 968 3086 plene
1016 3005 1358 3068 dicendum
1404 3003 1631 3067 fuerit:
1680 3004 1744 3067 si
1788 3003 2001 3067 forte
2049 3004 2587 3085 acciperetur.
2656 3000 2863 3083 Atqui

551 3113 705 3176 hinc
752 3115 908 3176 alibi,
956 3113 1204 3176 sitnon
1260 3113 1472 3175 forte
1531 3118 1905 3194 accepta,
1970 3111 2086 3175 sed
2133 3110 2449 3190 clades,
2510 3111 2578 3174 si
2621 3109 2858 3188 sorte,

551 3228 898 3304 accepta
957 3220 1050 3301 (id
1099 3226 1218 3288 est,
1268 3225 1648 3301 accepta,
1711 3220 1775 3282 si
1821 3217 2036 3282 forte
2083 3217 2652 3301 acciperetur),
2698 3223 2859 3281 noto

546 3327 858 3409 loquendi
925 3349 1192 3408 genere,
1265 3328 1344 3390 dc
1412 3347 1540 3407 quo
1598 3331 2049 3409 exposuerunt
2106 3325 2509 3389 Garatonius
2576 3324 2663 3388 ad
2721 3322 2857 3388 Cic.

548 3457 666 3517 pro
725 3436 858 3497 Mil.
923 3441 1030 3506 38,
1109 3441 1224 3496 104
1284 3434 1372 3516 (p.
1434 3439 1554 3497 329
1617 3434 1717 3497 ed.
1778 3433 1917 3514 Or.)
1978 3438 2045 3496 et
2098 3431 2401 3496 Handius
2456 3431 2732 3496 Tursell.
2790 3431 2857 3495 Π

548 3564 608 3623 p.
659 3546 800 3620 730,
847 3545 956 3621 qui
1005 3543 1243 3604 iniuria
1287 3544 1354 3605 in
1398 3542 1510 3605 lib.
1538 3541 1601 3604 II
1651 3542 1729 3604 de
1778 3540 1898 3604 Off.
1928 3544 2028 3616 20,
2078 3543 2158 3602 70
2206 3539 2495 3603 oblatam
2542 3561 2583 3603 a
2628 3539 2857 3603 codice

545 3670 576 3709 c
644 3671 862 3711 voram
934 3652 1326 3732 scripturam
1397 3650 1662 3732 sprevit.
1787 3648 2122 3731 Exemplis
2204 3646 2287 3711 ab
2354 3646 2485 3710 illis
2556 3646 2859 3711 collectis

546 3754 698 3819 addi
757 3762 978 3836 potest
1039 3757 1323 3819 Lucretii
1381 3757 1446 3818 in
1505 3756 1675 3820 libro
1735 3756 1820 3835 V,
1891 3760 2045 3831 720,
2114 3775 2306 3837 quem
2363 3753 2586 3819 locum
2640 3753 2852 3818 Lach-

545 3885 821 3926 mannus
868 3866 1002 3924 sine
1052 3864 1188 3926 ulla
1234 3885 1431 3927 causa
1478 3870 1544 3927 et
1584 3885 1733 3926 cum
1771 3864 2086 3928 orationis
2128 3863 2601 3943 sententiaeque
2643 3861 2847 3925 detri-

544 3977 762 4033 mento
825 3973 1116 4035 mutavit.
1231 3970 1440 4047 Quam
1501 3969 1693 4035 facile
1751 3972 1819 4035 si
1876 3976 2029 4054 post
2075 3969 2337 4034 cladis
2385 3969 2685 4034 excidere
2731 3990 2848 4052 po-

542 4080 763 4157 tuerit,
813 4086 1015 4159 patet.

713 4184 868 4268 Cap.
941 4191 1048 4263 39,
1123 4190 1216 4248 11.
1342 4185 1624 4249 Parvum
1692 4192 1819 4267 est,
1887 4186 2067 4270 quod
2135 4184 2499 4264 adnotabO,
2568 4205 2691 4249 nec
2759 4184 2849 4249 ab

543 4292 715 4357 omni
786 4301 974 4375 parte
1035 4299 1300 4356 certum.
1414 4292 1648 4369 Quaero
1708 4295 1912 4374 enim,
1984 4314 2099 4357 cur
2154 4292 2375 4357 Livius
2431 4292 2849 4358 flaminem
