3230 5282
1418 604 1542 666 279
2323 618 2446 675 Lib.
2483 620 2631 674 XXI.

321 791 555 857 stincte
599 790 912 876 Polybius
958 790 1253 856 nominat
1299 789 1453 872 (111,
1512 793 1624 870 72,
1685 789 1785 872 8);
1845 810 1924 853 ex
1967 790 2091 854 hac
2135 795 2287 856 tota
2329 792 2470 857 acie
2515 814 2634 877 per

321 919 466 964 eam
521 906 784 981 partem
838 899 1120 964 Romani
1175 904 1647 982 perruperunt,
1716 918 1913 980 quam
1958 896 2134 963 Galli
2190 899 2632 983 expleverant.

328 1006 632 1090 Polybius
690 1005 834 1088 (74,
893 1005 960 1088 4)
1009 1005 1237 1073 Gallos
1286 1011 1354 1071 et
1398 1012 1659 1089 partem
1703 1004 1997 1088 aliquam
2039 1005 2349 1071 Afrorum
2392 1009 2636 1074 victam

319 1136 365 1179 a
424 1113 1007 1199 perrumpentibus
1075 1113 1254 1179 dicit.
1365 1113 1604 1196 Itaque
1674 1112 2093 1178 scribendum
2159 1121 2288 1180 est:
2369 1117 2635 1182 media

321 1221 694 1288 Afrorum
759 1223 971 1301 acie,
1039 1241 1180 1299 qua
1248 1219 1416 1303 (ubi)
1462 1220 1814 1287 Gallicis
1882 1222 2226 1287 auxiliis
2294 1222 2637 1289 firmata

317 1337 529 1410 erat,
587 1365 677 1374 -—
731 1350 1198 1414 perrupere.
1315 1327 1449 1412 [Sic
1504 1327 1919 1411 Rupertius]
2021 1329 2247 1412 Neque
2306 1330 2634 1397 ablativus

321 1435 552 1503 localis
624 1437 767 1520 (me
784 1437 917 1502 dia
981 1436 1055 1501 A.
1125 1435 1327 1519 acie)
1399 1442 1555 1521 apte
1622 1443 2016 1521 poneretur,
2094 1437 2177 1517 si,
2246 1438 2393 1521 ipsa
2459 1441 2635 1506 acies

317 1566 602 1629 quorum
643 1545 984 1612 hominum
1029 1549 1218 1623 esset,
1265 1542 1781 1627 significaretur,
1840 1543 1956 1609 sed
1999 1544 2339 1610 mediam
2386 1548 2637 1612 aciem

317 1652 442 1734 (sie
488 1652 1000 1719 durchbrachen
1048 1651 1167 1716 das
1215 1651 1556 1731 Centrum,
1626 1651 1747 1717 das
1804 1673 1924 1717 aus
1969 1651 2262 1718 Galliern
2321 1653 2636 1735 bestand;

319 1760 604 1826 alterum
650 1767 780 1826 est:
851 1761 947 1826 sie
991 1759 1284 1825 brachen
1329 1760 1420 1824 im
1465 1757 1782 1825 Centrum
1828 1759 2067 1838 durch,
2125 1759 2210 1824 da
2252 1782 2349 1826 wo
2397 1782 2469 1827 es
2515 1783 2638 1829 aus

321 1867 397 1935 G.
440 1864 778 1950 bestand).
879 1868 1022 1933 Lib.
1069 1866 1276 1946 XXII,
1333 1871 1435 1947 4¹7,
1495 1871 1533 1930 7
1590 1873 1772 1933 recte
1818 1866 2063 1932 editur:
2133 1867 2426 1949 media,
2486 1892 2636 1954 qua

317 1975 539 2041 Galli
623 1976 1135 2061 Hispanique
1216 1979 1662 2055 steterant,
1728 2010 1817 2021 --
1872 1975 2076 2056 acie3
2156 1975 2273 2040 sed
2330 1976 2382 2040 P
2437 1976 2640 2044 habet

320 2105 487 2167 quse
533 2083 753 2163 falli,
823 2084 1027 2149 ceteri
1080 2083 1511 2168 mediaque
1560 2082 1800 2149 Galli.
1904 2081 2130 2163 (Initio
2188 2084 2454 2167 capitis,
2520 2086 2635 2151 ubi

323 2191 386 2256 in
429 2191 481 2255 P
516 2198 654 2258 est:
702 2190 971 2257 fecere
1016 2191 1283 2273 fugam
1327 2211 1646 2274 quoque
1692 2211 1943 2255 novus
1990 2189 2319 2256 additus
2366 2199 2639 2258 terror

321 2298 708 2365 Romanis
767 2305 924 2378 cet.,
981 2298 1239 2378 eadem,
1298 2319 1442 2382 quae
1487 2320 1622 2364 non
1666 2319 1819 2363 raro
1866 2297 2028 2363 alibi
2071 2303 2365 2379 tenetur,
2420 2306 2636 2366 trans-

320 2408 597 2490 positio,
669 2406 750 2472 de
811 2427 943 2489 qua
1000 2406 1086 2471 ad
1142 2404 1361 2485 XXII,
1431 2410 1504 2483 2,
1572 2410 1611 2470 8
1671 2411 1737 2471 et
1784 2410 1821 2469 9
1870 2405 2113 2486 dicam,
2179 2426 2348 2471 novo
2398 2408 2635 2474 mendo

322 2523 518 2580 aucta
568 2522 690 2580 est.
784 2515 1029 2580 Fuerat
1074 2515 1250 2579 enim
1297 2514 1658 2597 scriptum:
1706 2512 1990 2596 fugam,
2034 2534 2451 2598 novusque
2497 2516 2638 2581 ad·

319 2622 540 2689 ditus
588 2630 869 2690 terror
914 2630 1036 2689 cet.
1136 2620 1350 2704 1862.)

489 2730 656 2816 Cap.
706 2736 786 2796 5¹7
810 2782 825 2811 ,
886 2735 924 2795 2
972 2737 1040 2795 et
1086 2734 1155 2811 3,
1216 2729 1332 2795 ubi
1377 2729 1728 2813 exponitur
1774 2730 1855 2795 de
1899 2736 2151 2795 terrore
2199 2731 2349 2796 urbi
2393 2732 2635 2797 iniecto

322 2844 469 2921 post
513 2859 812 2923 pugnam
842 2840 1265 2906 Trebiensem
1310 2838 1848 2921 sermonibusque
1894 2838 2230 2903 hominum
2278 2840 2637 2918 anxiorum,

321 2945 560 3012 insidet
628 2946 938 3012 mendum
1006 2947 1326 3013 orationis
1388 2952 1456 3011 et
1513 2947 1855 3011 sententiae
1910 2945 2126 3011 forma
2180 2966 2327 3011 meo
2382 2946 2631 3012 iudicio

323 3054 929 3119 manifestissimum
974 3060 1042 3120 et
1087 3055 1172 3119 ad
1217 3054 1683 3137 corrigendum
1734 3054 2197 3134 certissimum,
2255 3052 2373 3118 sed
2415 3060 2637 3118 tamen

322 3161 669 3240 eiusmodi,
715 3162 896 3244 quod
939 3161 1168 3227 fallere
1215 3161 1327 3226 diu
1371 3162 1580 3245 possit
1627 3167 1694 3226 et
1737 3162 1805 3226 in
1851 3181 1978 3242 quo
2026 3161 2442 3243 coarguendo
2477 3183 2635 3226 non·

321 3269 480 3334 nulli
537 3290 713 3352 aegre
771 3270 902 3335 sibi
955 3269 1343 3353 persuaderi
1396 3270 1743 3354 patiantur
1788 3288 1988 3351 quum
2030 3273 2303 3351 propter
2347 3269 2637 3351 antiqui-

323 3383 524 3442 tatem
571 3382 643 3441 et
686 3377 869 3458 quod
910 3378 1076 3442 nihil
1122 3376 1383 3443 omnino
1429 3377 1692 3459 vestigii
1736 3376 1806 3440 in
1850 3375 1991 3440 ulla
2035 3374 2485 3459 discrepantia
2528 3398 2635 3442 co-

324 3483 541 3549 dicum
599 3484 904 3549 relictum
963 3490 1093 3565 est,
1161 3492 1302 3549 tum
1371 3484 1545 3566 quod
1604 3505 1739 3549 non
1798 3503 1877 3547 ex
1936 3482 2311 3562 oculorum,
2382 3484 2497 3550 sed
2557 3506 2637 3550 ex

323 3593 523 3657 animi
583 3613 808 3657 errore
866 3598 1085 3658 ortum
1141 3599 1210 3658 et
1264 3593 1354 3689 111ἱ
1389 3591 1902 3675 interpolatione
1962 3590 2251 3675 positum
2298 3597 2414 3656 est.
2529 3591 2636 3657 Sic

324 3701 494 3764 enim
540 3700 844 3765 homines
891 3698 1240 3782 conquesti
1283 3706 1672 3764 narrantur:
1741 3698 1915 3763 Uno
1974 3698 2309 3763 consule
2369 3699 2465 3765 ad
2510 3701 2636 3765 Ti-

320 3809 583 3873 cinum
651 3808 900 3887 victo,
981 3806 1244 3872 altero
1314 3827 1406 3872 ex
1452 3806 1759 3872 Sicilia
1823 3810 2242 3884 revocato,
2323 3807 2635 3873 duobus

324 3914 836 3992 consulibus,
895 3914 1210 3980 duobus
1268 3912 1861 3980 consularibus
1919 3912 2424 3980 exercitibus
2482 3917 2637 3979 vic-

325 4022 458 4103 tis,
527 4043 731 4105 quos
799 4021 1014 4088 alios
1084 4023 1358 4102 duces,
1436 4042 1639 4105 quas
1707 4020 1919 4085 alias
1986 4020 2358 4103 legiones
2426 4039 2635 4098 esse,

323 4150 491 4213 quse
551 4131 1136 4196 arcessantur'?
1217 4130 1544 4214 Apparet,
1626 4129 1879 4208 omnia,
1947 4149 2092 4212 quae
2150 4126 2237 4191 ad
2291 4148 2431 4191 rem
2487 4147 2635 4209 per-

323 4238 611 4317 tineant,
670 4239 997 4304 contineri
1052 4238 1156 4303 his
1200 4238 1579 4322 postremis:
1641 4236 1962 4301 duobus
2020 4234 2505 4300 consulibus
2549 4268 2638 4277 —

327 4348 591 4426 victis,
638 4347 985 4430 superiora
1027 4345 1173 4410 illa:
1221 4366 1372 4410 uno
1419 4379 1507 4389 —-
1548 4345 1784 4424 victo,
1832 4342 2096 4408 altero
2130 4377 2218 4388 ——
2248 4346 2633 4406 revocato

327 4473 456 4516 non
527 4452 742 4520 solum
809 4474 1217 4538 supervacua
1274 4473 1439 4532 esse,
1495 4451 1612 4516 sed
1674 4453 1874 4516 etiam
1916 4451 2190 4531 vitiosa3
2256 4448 2418 4513 illud
2464 4446 2636 4511 enim
