3230 5282
1431 628 1512 691 53
2421 640 2545 696 Lib.
2583 636 2629 694 1.

324 812 663 879 consilium
707 836 826 881 nec
870 815 953 880 de
998 814 1133 881 alia
1175 837 1248 882 re
1293 816 1469 881 inter
1513 835 1582 880 se
1628 814 2027 898 rogitabant.
2096 814 2390 899 Apparet
2423 814 2628 897 igitur

323 919 457 986 haec
498 922 593 987 sic
638 922 994 989 cohaerere:
1054 924 1504 990 deficiente
1549 921 1921 1003 consilio,
1976 921 2170 1005 quid
2212 922 2628 1007 relinque-

323 1037 525 1112 rent,
593 1030 785 1115 quid
840 1052 1111 1097 secum
1167 1033 1512 1113 ferrent,
1579 1032 1694 1097 sed
1753 1052 1956 1117 quum
2010 1030 2139 1096 hoc
2193 1052 2327 1097 non
2371 1029 2629 1095 intelle·

321 1145 599 1221 geretur,
646 1146 800 1205 ante
844 1141 1435 1223 interrogationem
1478 1140 1874 1225 pendentem
1910 1139 2207 1204 additum
2241 1159 2384 1204 esse
2419 1140 2628 1223 parti-

321 1245 563 1330 cipium
634 1248 932 1332 ineptum
999 1249 1262 1316 obliti.
1334 1248 1580 1330 (1861.)
1688 1248 1895 1314 Paulo
1962 1255 2113 1332 post
2156 1246 2218 1330 (ἓ
2276 1246 2344 1328 6)
2412 1247 2631 1313 editur

320 1374 668 1420 consensu:
739 1356 1126 1440 Egressis
1181 1356 1456 1423 urbem
1500 1356 1844 1422 Albanis
1890 1361 1986 1437 et,
2044 1356 2100 1421 si
2146 1356 2252 1421 cui
2297 1355 2626 1421 dubitatio

319 1461 548 1529 oborta
592 1465 824 1545 fuerit,
894 1465 1240 1532 docebitur
1285 1465 1355 1548 (a
1400 1464 1942 1531 Drakenborchio
1989 1463 2075 1529 ad
2120 1462 2368 1543 XXIX,
2426 1467 2462 1527 6
2482 1515 2496 1543 ,
2554 1469 2628 1543 43

318 1590 464 1635 nam
520 1563 1118 1640 Weissenbornius‘
1162 1596 1246 1639 ne
1313 1573 1759 1640 admonitione
1826 1573 2091 1658 quidem
2158 1572 2423 1655 dignam
2490 1593 2629 1637 rem

317 1679 629 1762 putavit),
698 1680 953 1747 Livium
1016 1682 1385 1766 promiscue
1452 1681 1875 1762 excedere,
1956 1681 2232 1765 egredi
2295 1679 2494 1745 urbe
2561 1685 2630 1745 et

316 1787 584 1853 urbem
653 1790 893 1855 dicere.
1015 1789 1184 1855 Nam
1263 1791 1386 1855 etsi
1462 1791 1588 1874 ipsi
1666 1790 1968 1857 omnibus
2028 1788 2326 1873 partibus
2391 1789 2630 1872 saepius

317 1894 517 1961 edunt
584 1897 911 1982 analogiae
980 1901 1441 1964 convenienter
1506 1898 1739 1979 urbe,
1815 1903 2059 1983 porta
2125 1898 2373 1976 exire,
2451 1897 2626 1961 acie

318 2005 745 2086 excedere,
812 2006 1071 2087 similia,
1144 2026 1357 2091 neque
1415 2008 1729 2091 ignorant
1773 2005 2166 2072 excedere
2225 2012 2294 2070 et
2348 2004 2625 2088 egredi

315 2132 455 2176 cum
500 2114 881 2180 accusativo
928 2114 1061 2180 alio
1107 2115 1476 2199 significatu
1522 2114 1670 2195 dici,
1715 2120 1790 2180 ut
1837 2116 1925 2180 sit
1968 2112 2104 2180 fere
2154 2112 2625 2195 transgredi

317 2220 415 2299 (ut
468 2220 501 2285 f
507 2222 587 2286 in
606 2243 723 2303 es,
790 2222 1127 2303 modum,
1194 2223 1389 2306 alia),
1458 2230 1682 2289 tamen
1752 2224 1980 2308 paucis
2037 2223 2294 2305 aliquot
2349 2221 2510 2287 locis
2568 2241 2625 2283 ι

314 2326 600 2395 litteram
640 2351 682 2395 a
715 2330 1006 2396 librariis
1042 2331 1339 2397 additam
1373 2333 1681 2412 retinent,
1721 2353 1886 2416 quos
1919 2330 2162 2396 refellit
2187 2330 2626 2395 certissimum

317 2446 793 2521 argumentum,
831 2439 1031 2524 quod,
1066 2440 1178 2505 ubi
1214 2460 1405 2506 casus
1440 2463 1574 2507 non
1608 2440 1753 2506 sola
1782 2439 1900 2505 illa
1919 2439 2147 2505 littera
2168 2439 2438 2519 distant,
2475 2458 2626 2503 con-

314 2546 722 2612 stantissime
759 2547 1086 2613 ablativus
1121 2555 1417 2629 tenetur3
1462 2553 1735 2614 castra
1771 2548 1966 2629 enim,
2017 2557 2299 2632 portas
2348 2547 2625 2630 egredi

316 2675 641 2739 nusquam
673 2656 934 2740 legitur,
981 2657 1097 2723 sed
1133 2658 1452 2738 castris,
1486 2659 1752 2741 portis
1789 2656 1893 2739 (ut
1924 2658 1993 2722 in
2028 2657 2252 2722 decem
2285 2657 2512 2740 primis
2546 2656 2626 2721 li-

316 2761 447 2828 bris
482 2763 604 2844 111,
648 2768 750 2844 60,
785 2769 825 2828 8
862 2773 929 2831 et
965 2769 1024 2845 9,
1063 2766 1167 2847 VI,
1203 2771 1260 2846 7,
1299 2769 1357 2846 2,
1394 2766 1533 2846 VII,
1571 2770 1671 2846 36,
1714 2771 1809 2845 11,
1835 2765 2008 2845 VIII,
2037 2770 2133 2844 11,
2159 2770 2200 2828 4
2233 2772 2300 2830 et
2336 2768 2434 2844 38,
2462 2769 2519 2844 5,
2545 2786 2627 2829 ne

316 2869 449 2952 VII,
481 2876 578 2954 12,
608 2876 650 2935 3
687 2880 805 2939 aut
839 2873 953 2955 IX,
981 2878 1080 2955 36,
1113 2880 1189 2940 10
1223 2871 1575 2954 numerem,
1608 2874 1725 2939 ubi
1750 2874 2029 2939 exeundi
2054 2874 2161 2937 via
2185 2873 2626 2956 significatur,

317 2979 509 3044 etiam
559 2981 863 3046 dextra
915 2982 1365 3067 principali
1413 2982 1522 3063 IV,
1577 2987 1675 3063 19,
1723 2982 1811 3064 8).
1894 2982 2129 3066 Itaque
2185 2988 2251 3047 et
2286 2981 2394 3046 hic
2428 2981 2625 3047 urbe

318 3087 740 3154 scribendum
774 3097 876 3155 est
910 3089 1116 3175 (quod
1139 3112 1176 3156 e
1198 3091 1459 3157 duobus
1493 3090 1731 3156 infimae
1767 3090 2106 3172 dignitatis
2140 3090 2477 3156 codicibus
2511 3091 2626 3154 ad-

317 3198 610 3278 notatur)
639 3204 706 3262 et
729 3197 812 3276 11,
842 3202 941 3278 37,
965 3205 1024 3278 8,
1049 3206 1118 3265 et
1131 3199 1248 3278 III,
1275 3204 1373 3278 57,
1404 3204 1480 3264 10
1501 3198 1676 3281 (cum
1690 3198 1770 3280 P)
1787 3206 1856 3264 et
1869 3197 2076 3276 XXII,
2104 3203 2204 3277 55,
2231 3204 2269 3261 8
2296 3204 2364 3263 et
2385 3197 2624 3277 XXIII,

324 3308 374 3382 l,
411 3309 448 3368 3
499 3312 565 3371 et
600 3305 841 3387 XXIX,
878 3311 937 3384 6,
974 3314 1013 3372 4
1050 3314 1118 3373 et
1150 3306 1445 3386 XXXIV,
1482 3310 1583 3386 28,
1628 3312 1724 3371 12.
1803 3307 1880 3372 In
1913 3306 2145 3385 XXIV,
2183 3310 2238 3386 3,
2279 3311 2355 3370 15
2391 3306 2626 3370 Putea-

318 3432 469 3478 ueus
539 3434 745 3499 prave
805 3415 1123 3499 scriptum
1177 3415 1383 3481 habet
1441 3413 1876 3481 Crotonem
1947 3435 2360 3480 excessum
2417 3413 2624 3497 (quod

319 3519 576 3587 aliunde
603 3520 963 3588 Crotonem
996 3524 1349 3607 migratum
1372 3523 1833 3608 significaret);
1868 3523 2060 3602 XLV,
2102 3526 2198 3602 13,
2242 3528 2316 3587 12
2352 3545 2621 3588 navem

320 3648 654 3710 egresso
701 3636 933 3697 contra
974 3631 1263 3697 codicem
1308 3631 1555 3697 editum
1602 3639 1766 3697 erat.
1837 3630 2052 3712 (1861,
2103 3632 2315 3713 1862.)

483 3736 650 3823 Cap.
700 3742 798 3819 30,
844 3744 902 3804 5.
1005 3738 1173 3805 Sunt
1228 3740 1526 3825 quaedam
1582 3739 1903 3806 eiusmodi
1958 3740 2039 3805 de
2083 3745 2376 3805 veterum
2421 3742 2623 3825 scrip-

321 3851 531 3910 torum
585 3847 754 3912 locis
811 3848 1231 3928 coniecturae,
1297 3869 1460 3933 quas
1515 3869 1702 3932 paene
1760 3849 2000 3913 invitus
2055 3870 2377 3933 promam,
2445 3849 2622 3934 quod

320 3973 433 4018 nec
497 3957 567 4019 in
639 3955 975 4021 codicibus
1038 3956 1245 4021 ullum
1309 3957 1578 4022 latentis
1646 3957 1933 4021 vulneris
2000 3957 2314 4021 indicium
2380 3959 2624 4023 eminet

321 4082 436 4127 nec
477 4063 825 4129 sententiae
870 4064 1316 4148 orationisque
1362 4066 1685 4148 pravitaS,
1752 4085 2150 4149 quamquam
2206 4065 2364 4130 mihi
2418 4067 2622 4131 mani-

321 4170 486 4236 festa
541 4171 807 4237 videtur
861 4194 982 4238 nec
1039 4175 1475 4258 suspicionem
1531 4175 1752 4239 animo
1810 4173 2056 4257 pellere
2113 4174 2298 4253 sinit,
2368 4195 2448 4239 ea
2503 4183 2623 4255 est,

321 4299 459 4360 quae
516 4279 973 4346 demonstrata
1024 4279 1218 4347 facile
1279 4303 1504 4348 omnes
1564 4281 1898 4347 offensura
1950 4283 2273 4347 videatur.
2383 4282 2483 4346 Ex
2541 4305 2619 4348 eo

323 4407 556 4468 genere
623 4387 732 4453 hic
788 4396 892 4454 est
944 4389 1160 4469 lo'cuS,
1227 4390 1297 4455 in
1353 4413 1484 4475 quo
1544 4391 1626 4456 de
1681 4391 1900 4456 causis
1959 4391 2089 4456 orti
2143 4392 2316 4455 inter
2358 4390 2620 4456 Tullum

322 4493 675 4562 Hostilium
732 4504 800 4562 et
854 4497 1138 4565 Sabinos
1194 4497 1351 4564 belli
1408 4499 1657 4581 agitur:
1739 4498 2027 4565 Tullus
2095 4500 2190 4564 ad
2254 4498 2620 4564 Feroniae
