3230 5282
672 616 797 670 Lib.
835 614 977 669 XLI.
1757 602 1881 663 604

672 795 1079 872 pugnaturos
1125 794 1243 852 aut
1287 807 1593 852 evasuros
1637 786 1840 852 fuisse
1887 785 2301 870 significat.¹)
2369 785 2573 851 Paulo
2607 793 2761 871 post
2805 785 2864 869 (ἓ
2901 786 2972 867 6)

673 897 972 979 suspicor
1014 895 1264 960 Livium
1312 897 1681 980 scripsisse:
1728 896 2066 961 Tribuni
2112 895 2422 959 milites
2470 896 2735 959 tertiae
2780 894 2970 977 legi-

675 1005 851 1069 onis
896 1003 1278 1087 pabulum
1323 1004 1710 1089 lignaque
1765 1005 2180 1087 proiicere
2239 1003 2554 1084 iubent3
2601 1003 2969 1067 centuri·

676 1112 970 1177 onibus
1006 1113 1408 1196 imperant
1442 1120 1564 1178 cet.
1623 1112 1833 1193 Vulgo
1860 1111 2196 1177 scribitur:
2243 1111 2583 1176 Tribuni
2620 1111 2975 1175 militum

673 1222 946 1285 tertiae
988 1221 1373 1304 legioni8‚
1433 1222 1833 1300 accusativo,
1893 1221 2003 1302 qui
2058 1220 2422 1305 praesertim
2468 1220 2840 1284 contrarius
2883 1221 2973 1283 sit

674 1330 1243 1394 centurionum
1288 1331 1549 1408 nomini,
1597 1330 1759 1395 dure
1808 1330 2067 1394 omisso,

848 1435 1188 1522 Cap.4‚4:
1234 1439 1332 1502 At
1366 1437 1828 1530 Histrorum
1873 1439 2138 1521 pauci,
2188 1438 2320 1519 qui
2367 1436 2677 1501 modice
2713 1437 2975 1499 vinosi

674 1552 937 1624 erant,
983 1567 1369 1612 memores
1414 1546 1739 1611 fuerant
1778 1545 1989 1627 ,(recte
2034 1545 2294 1611 Modius
2335 1542 2700 1624 fuerunt)
2747 1543 2965 1625 fugae.

673 1653 820 1718 Non
887 1653 1341 1735 significantur
1397 1655 1692 1721 homines
1759 1655 2018 1737 ingenio
2091 1661 2159 1720 et
2225 1653 2697 1719 consuetudine
2756 1652 2971 1715 minus

672 1763 880 1827 vinosi
916 1769 982 1826 et
1027 1762 1285 1840 ebriosi,
1334 1762 1452 1827 sed
1499 1764 1611 1847 qui
1657 1764 1871 1828 minus
1919 1771 2058 1828 tum
2107 1763 2272 1828 ebrii
2306 1770 2495 1828 erant
2539 1768 2605 1826 et
2648 1760 2860 1825 minus
2905 1781 2977 1824 se

673 1873 822 1937 vino
859 1871 1438 1955 ingurgitaverant‚
1485 1871 1609 1937 hoc
1656 1878 1783 1936 est:
1831 1873 1964 1955 qui
2008 1871 2321 1936 modice
2366 1871 2533 1933 vino
2571 1869 2689 1932 usi
2727 1875 2976 1933 erant.

674 1978 844 2044 Nam
900 1981 1265 2045 vinosum
1320 2003 1436 2063 pro
1498 1981 1681 2045 ebrio
1729 1980 1938 2063 accipi
1984 2000 2195 2061 neque
2256 1978 2466 2043 forma
2511 1976 2817 2043 vocabuli
2861 1998 2974 2041 ne·

675 2108 802 2170 que
848 2110 1005 2153 usus
1052 2090 1227 2153 sinit.
1319 2087 1565 2169 (1864.)

499 2205 644 2273 (496)
853 2195 1008 2279 Cap.
1043 2197 1115 2276 16,
1161 2203 1230 2260 4:
1274 2194 1423 2260 Per
1467 2217 1599 2260 eos
1649 2195 1821 2260 dies
1856 2194 1963 2259 Ti.
2006 2195 2523 2279 Sempronius
2561 2192 2983 2260 Gracchus

677 2313 756 2368 et
803 2304 874 2369 L.
920 2304 1385 2369 Postumius
1428 2303 1772 2368 Albinus
1820 2325 1908 2368 ex
1943 2303 2342 2388 Hispania
2374 2304 2693 2368 Romam
2742 2322 2985 2384 quum

676 2414 1254 2490 revertissent,
1322 2419 1657 2477 senatus
1714 2413 1815 2476 iis
1873 2433 1913 2475 a
1956 2412 2040 2475 M.
2087 2412 2393 2476 Titinio
2451 2419 2797 2495 praetore
2855 2409 2982 2474 da-

677 2527 803 2584 tus
851 2519 1139 2602 (opinor:
1211 2519 1454 2584 datus
1512 2517 1738 2602 est)²)
1785 2522 1865 2584 111
1936 2520 2095 2586 aede
2154 2520 2510 2585 Bellonae
2568 2519 2665 2582 ad
2714 2518 2986 2583 disse·

675 2628 970 2693 rendas
1017 2651 1172 2709 res,
1243 2650 1445 2712 quas
1503 2630 1995 2711 gessissent,
2064 2628 2774 2714 postulandosque
2841 2626 2988 2691 ho·

679 2759 914 2802 nores
961 2739 1325 2813 meritos,
1374 2745 1463 2801 ut
1507 2737 1629 2803 dis
1683 2738 2293 2803 immortalibus
2349 2737 2794 2801 haberetur
2837 2735 2978 2800 ho·

678 2868 842 2911 nos,
934 2847 1207 2911 Etiamsi
1254 2846 1555 2924 addatur,
1603 2847 1781 2929 quod
1840 2845 2211 2911 Gronovius
2268 2846 2503 2922 voluit,
2572 2854 2650 2909 et
2716 2846 2828 2925 (et
2892 2852 2983 2908 ut

680 2953 846 3037 dis),
914 2955 1260 3020 manifesto
1331 2961 1551 3018 tamen
1620 2956 1856 3019 vitiosa
1924 2963 2024 3019 est
2079 2955 2218 3019 haec
2284 2954 2699 3033 honorum,
2760 2954 2982 3017 nescio

679 3064 806 3141 cui,
855 3071 921 3127 et
985 3064 1315 3129 honoris
1376 3063 1475 3128 dis
1535 3062 1821 3127 habendi
1884 3065 2254 3128 coniunctio
2301 3071 2707 3146 augeturque
2753 3062 2980 3125 vitium

678 3171 904 3237 addito
961 3173 1331 3251 meritos,
1400 3172 1585 3253 quasi
1648 3171 1749 3236 dis
1806 3172 2129 3237 immerito
2186 3171 2529 3236 habendus
2596 3168 2803 3235 1101103
2871 3170 2978 3234 sit.

677 3279 930 3358 Dicent,
975 3280 1030 3343 si
1076 3281 1187 3362 qui
1234 3278 1582 3344 defendere
1627 3278 1867 3355 volent,
1914 3282 2183 3344 meritos
2218 3279 2376 3343 'illos
2422 3278 2709 3345 honores
2754 3280 2978 3343 trium-

677 3388 881 3471 phum
947 3388 1271 3470 intellegi,
1342 3409 1532 3469 quem
1590 3388 1718 3452 sibi
1775 3388 2036 3453 decerni
2084 3390 2514 3472 imperatores
2559 3387 2973 3470 postularint.

676 3495 921 3560 Verum
986 3517 1340 3578 numquam
1406 3497 1474 3559 in
1539 3494 1657 3562 illa
1719 3518 1790 3560 re
1848 3496 2209 3575 honoris,
2253 3495 2493 3560 nedum
2561 3494 2979 3573 honorum,

726 3792 776 3855 ¹)
814 3790 1028 3843 Eadem
1062 3792 1334 3843 correctio
1371 3790 1690 3845 adhibenda
1725 3791 1873 3859 apud
1912 3790 2179 3845 Senecam
2214 3809 2301 3860 ep.
2349 3793 2461 3855 120,
2500 3794 2584 3859 21,
2626 3792 2721 3845 ubi
2759 3791 2967 3845 editur:

814 3875 1017 3928 modo
1073 3876 1386 3929 subsidit
1439 3883 1503 3930 et
1558 3876 2015 3931 contrahitur
2068 3875 2252 3930 infra
2303 3876 2771 3931 humilitatem
2810 3892 2959 3931 vere

817 3962 1213 4015 iacentium.

724 4046 776 4114 ⁹)
817 4044 1082 4115 [Auribus
1121 4047 1193 4102 ad
1227 4048 1348 4102 haec
1387 4047 1889 4103 animadvertenda
1934 4048 2258 4103 exercitatis
2298 4055 2523 4102 curtum
2570 4048 2749 4101 visum
2790 4048 2858 4102 iri
2894 4063 2977 4099 ar·

815 4132 1071 4186 biti-abar
1106 4133 1304 4187 datus
1341 4134 1403 4188 in
1437 4134 1675 4202 apodosi
1710 4134 1896 4203 longae
1932 4134 2239 4187 multorum
2261 4135 2559 4188 verborum
2590 4133 2812 4201 protasi
2843 4132 2970 4187 sub·

815 4218 978 4279 iacta,
1015 4218 1358 4287 eandemque
1396 4221 1801 4273 correctionem
1840 4218 2215 4273 adhibendam
2262 4219 2529 4288 putabam
2566 4217 2821 4284 XXXVI,
2855 4219 2906 4282 6,
2940 4221 2976 4270 4

816 4310 875 4356 et
909 4303 1085 4372 XLII,
1126 4307 1205 4372 15,
1243 4308 1290 4359 8.
1348 4305 1765 4358 Consideranda
1800 4311 1990 4358 tamen
2029 4304 2356 4373 diligentius
2394 4323 2481 4360 res
2519 4304 2853 4359 examinatis
2889 4303 2966 4356 lo·

817 4390 913 4454 cis,
967 4406 1106 4457 quos
1161 4408 1276 4444 11011
1330 4407 1537 4458 paucos
1590 4407 1696 4445 nec
1751 4398 1942 4444 tamen
1979 4407 2172 4444 omnes
2227 4408 2455 4459 prorsus
2491 4391 2700 4445 similes
2737 4388 2974 4459 opponit

815 4473 1246 4543 Wesenbergius
1285 4475 1355 4528 ad
1391 4474 1594 4542 XXIX,
1631 4478 1682 4545 4,
1719 4472 1790 4541 8.]
