3230 5282
692 627 817 681 Lib.
858 626 898 680 1.
1809 612 1892 673 52

695 798 965 881 qualis
1022 798 1369 864 victoris
1425 817 1603 862 esse
1664 797 1903 873 solet,
1958 802 2034 861 ut
2077 818 2132 862 c.
2177 801 2292 875 29,
2338 802 2410 863 2ε
2477 820 2632 865 non
2688 801 2999 884 quidem

695 908 855 973 suit
918 907 1326 972 tumultus
1396 905 1572 983 ille,
1640 905 1910 987 qualis
1967 913 2401 990 captarum
2457 929 2634 974 esse
2688 910 3000 976 urbium

692 1016 940 1094 solet,
988 1022 1055 1080 et
1098 1014 1304 1093 XXV,
1356 1018 1465 1091 10,
1519 1019 1572 1078 1.
1664 1012 1912 1096 (Longe
1957 1013 2154 1079 aliter
2197 1014 2281 1093 V,
2341 1019 2453 1095 28,
2517 1016 2644 1098 13.)
2752 1017 3001 1084 Eodem

694 1125 885 1191 modo
944 1122 1189 1189 excidit
1245 1145 1418 1189 esse
1479 1124 1545 1188 in
1604 1121 1775 1186 libro
1819 1121 2001 1200 XLI,
2073 1125 2182 1199 10,
2250 1126 2289 1185 2
2333 1124 2509 1189 inter
2562 1128 3000 1206 exercituS,

692 1233 1025 1298 excivit.
1134 1232 1319 1297 Idem
1373 1230 1684 1297 mendum
1736 1231 1804 1294 in
1860 1230 2090 1295 eadem
2149 1232 2469 1297 orationis
2525 1232 2739 1299 forma
2795 1238 2998 1302 corri-

691 1340 973 1424 gendum
1028 1346 1129 1405 est
1183 1340 1278 1420 11,
1348 1344 1463 1419 34,
1530 1343 1571 1402 2
1617 1335 1920 1421 (qualis
1980 1337 2298 1425 clausis
2358 1340 2630 1422 solet),
2696 1342 2811 1408 ubi
2869 1346 2995 1409 nisi

693 1471 866 1514 esse
911 1448 1215 1528 addatur,
1261 1446 1679 1513 scribendum
1724 1445 1811 1510 sit
1855 1444 2183 1510 clausos
2229 1446 2690 1532 (invadere).

864 1556 1023 1642 Cap.
1071 1560 1176 1636 27,
1234 1562 1262 1619 1
1314 1555 1492 1641 quod
1537 1553 1798 1620 codices
1842 1553 2294 1640 editionesque
2338 1555 2623 1622 habent:
2685 1559 3000 1626 invidia

691 1666 938 1750 vulgi,
997 1666 1206 1750 quod
1251 1663 1525 1730 tribus
1570 1661 1978 1728 militibus
2024 1661 2360 1729 fortuna
2404 1665 2745 1749 publica
2790 1688 3000 1735 com-

690 1776 936 1840 missa
978 1772 1261 1852 fuerit,
1318 1793 1602 1837 vanum
1658 1771 2071 1854 ingenium
2117 1770 2564 1838 dictatoris
2610 1777 2997 1860 corrupit,

688 1883 908 1948 Livius
954 1882 1244 1948 scribere
1289 1901 1419 1946 non
1465 1880 1718 1964 potuit3
1784 1899 1906 1944 nec
1961 1879 2171 1943 ullum
2216 1881 2585 1962 reperietur
2628 1883 2998 1967 exemplum

687 1989 962 2075 perfecti
996 1988 1390 2055 coniunctivi
1423 1989 1624 2073 positi
1660 1988 1728 2050 in
1760 1985 2135 2053 huiusmodi
2158 1989 2488 2052 sententia
2508 1988 2595 2053 ad
2618 1991 2996 2073 primariam

686 2099 1006 2183 praeteriti
1061 2097 1378 2181 temporis
1436 2095 1830 2161 sententiam
1875 2094 2188 2160 adiuncta
2232 2094 2313 2160 de
2358 2117 2430 2160 re
2475 2102 2632 2162 ante
2677 2104 2830 2163 acta
2875 2122 2996 2185 pro

548 2217 661 2288 (44)
696 2204 1343 2292 plusquamperfecto
1423 2203 1645 2288 (quasi
1722 2203 1931 2268 dicas:
2009 2201 2608 2284 indignabatur
2685 2206 2995 2291 vulgus,

688 2314 898 2400 quod
963 2313 1237 2379 tribus
1304 2312 1712 2377 militibus
1778 2310 2111 2376 fortuna
2176 2309 2510 2394 publica
2566 2316 2996 2382 commissa

685 2422 999 2505 fuerit);
1066 2421 1259 2504 longe
1304 2420 1476 2485 alius
1523 2424 1677 2483 sunt
1720 2421 1976 2502 generis
2019 2420 2067 2483 ii
2110 2419 2271 2499 loci,
2329 2420 2395 2483 in
2441 2420 2678 2502 quibus
2723 2443 2802 2487 ex
2847 2445 2995 2508 per-

684 2531 861 2598 fecto
917 2529 1258 2596 indicativi
1311 2533 1512 2592 rectae
1568 2526 1886 2617 orationis
1941 2528 2007 2592 in
2067 2527 2338 2612 obliqua
2393 2529 2789 2596 coniunctivi
2845 2554 2994 2616 per-

684 2639 932 2707 fectum
974 2639 1298 2705 retinetur
1343 2634 1547 2719 (velut
1582 2634 1674 2714 ·11‚
1725 2638 1822 2716 12,
1869 2639 1927 2715 2,
1973 2635 2050 2716 X,
2109 2641 2167 2717 2,
2215 2643 2251 2702 5
2298 2636 2513 2720 sint).
2616 2636 2829 2706 Scribi
2874 2664 2992 2726 po·

684 2756 859 2815 terat
916 2754 1032 2814 aut
1088 2746 1513 2812 commissa
1565 2744 1781 2810 foret
1838 2752 1984 2824 aut,
2054 2746 2297 2812 omissa
2341 2746 2625 2830 obliquae
2671 2750 2992 2816 orationis

685 2856 1196 2941 significatione,
1265 2874 1464 2938 quam
1507 2852 1728 2918 Livius
1784 2854 1852 2918 in
1896 2854 2022 2919 hoc
2067 2875 2304 2937 genere
2350 2856 2701 2939 saepissime
2747 2858 2993 2924 omittit

685 2964 789 3048 (ut
834 2985 887 3029 c.
941 2969 1048 3044 14,
1110 2968 1147 3028 3
1194 2964 1260 3027 in
1306 2960 1731 3042 credebat)
1780 2963 2207 3028 commissa
2250 2961 2543 3044 fuerat,
2602 2962 2812 3049 [quod
2856 2967 2989 3031 iam

685 3074 943 3140 Bauero
989 3069 1288 3158 placuit}
1357 3071 1456 3134 Ex
1501 3070 1627 3136 hoc
1671 3069 1753 3134 fu
1769 3077 1946 3135 erat
1990 3077 2209 3136 ortum
2254 3076 2355 3135 est
2389 3073 2456 3136 in
2492 3072 2722 3138 codice
2758 3073 2989 3140 arche-

683 3188 842 3267 typo
898 3181 931 3246 f
937 3203 980 3246 u
997 3182 1155 3246 erit
1212 3201 1433 3246 errore
1490 3184 1870 3262 pervagato.
1976 3177 2294 3262 [Similius
2352 3200 2551 3264 quam
2609 3187 2829 3246 cetera
2873 3190 2991 3261 est,

683 3290 865 3374 quod
910 3289 1049 3368 VH,
1095 3295 1153 3368 4,
1200 3294 1239 3352 4
1283 3288 1557 3370 legitur;
1628 3285 1743 3351 sed
1797 3294 2018 3352 tamen
2076 3293 2144 3352 et
2187 3287 2394 3352 multa
2438 3289 2788 3355 interiecta
2835 3299 2989 3356 sunt

682 3400 855 3465 inter
901 3395 1112 3481 quod
1157 3402 1223 3461 et
1268 3394 1590 3461 dederit
1646 3401 1715 3459 et
1759 3415 1836 3459 ex
1884 3395 2134 3461 dabat
2179 3396 2513 3462 obversari
2558 3399 2775 3464 animo
2821 3420 2986 3483 prae-

684 3527 835 3571 sens
880 3504 1267 3570 historicum
1311 3503 1548 3587 potuit,
1594 3501 1774 3584 quod
1819 3503 1886 3567 in
1930 3503 2242 3569 invidia
2285 3505 2429 3569 fieri
2473 3527 2606 3572 non
2650 3506 2915 3590 potuit]

855 3611 1009 3697 Cap.
1070 3615 1180 3690 29,
1250 3615 1286 3674 3
1350 3608 1462 3702 (gie
1518 3609 1794 3675 Albanis
1859 3610 2021 3677 urbe
2078 3612 2301 3696 egredi
2359 3634 2399 3677 a
2453 3612 2646 3680 Tullo
2701 3614 2986 3680 Hostilio

685 3721 934 3803 iussis):
1009 3715 1429 3785 silentium
1485 3719 1730 3783 triste
1788 3741 1878 3784 ac
1931 3721 2195 3790 tacita
2247 3722 2637 3787 maestitia
2691 3724 2808 3788 ita
2864 3722 2990 3787 de-

682 3830 876 3895 fixit
954 3829 1292 3894 omnium
1370 3828 1706 3907 animOS,
1773 3834 1861 3892 ut
1926 3850 2081 3910 prae
2148 3835 2360 3894 metu
2427 3830 2708 3911 obliti,
2790 3832 2986 3915 quid

682 3937 1285 4021 relinquerent,
1344 3935 1539 4019 quid
1596 3957 1860 4001 secum
1905 3935 2245 4016 ferrent,
2303 3935 2750 4004 deficiente
2796 3960 2984 4006 con-

682 4046 874 4111 silio
954 4045 1579 4128 rogitantesque
1648 4043 1794 4108 alii
1861 4045 2073 4111 alios
2139 4067 2345 4111 nunc
2415 4047 2496 4112 in
2558 4046 2986 4112 liminibus

683 4159 1022 4233 starent,
1091 4174 1300 4218 nunc
1356 4152 1802 4218 errabundi
1861 4151 2133 4219 domos
2192 4175 2377 4219 suas
2591 4176 2987 4239 pervaga-

681 4267 982 4327 rentur.
1095 4259 1559 4327 Obliviscimur
1614 4261 1869 4345 aliquid
1924 4261 2266 4327 nobiscum
2312 4263 2516 4342 ferre3
2584 4263 2744 4345 quid
2786 4262 2987 4329 relin-

681 4391 986 4452 quamuS,
1055 4369 1214 4454 quid
1270 4369 1609 4436 nobiscum
1654 4367 1968 4450 feramus,
2015 4392 2147 4436 non
2194 4371 2663 4451 obliviscimur,
2710 4372 2824 4437 sed
2870 4393 2989 4437 ne-

681 4480 919 4543 scimus
965 4479 1326 4562 incertique
1370 4477 1725 4556 haeremus;
1781 4497 1901 4543 nec
1946 4478 2114 4544 alius
2157 4480 2253 4543 rei
2300 4478 2589 4545 Albanos
2635 4478 2989 4547 deficiebat

1797 4776 1816 4810 ἱ
