3230 5282
1400 657 1519 719 231
2387 670 2511 725 Lib.
2547 669 2616 725 X.

482 840 769 927 Cap.26,
815 848 887 908 4:
937 849 1016 908 et
1060 864 1295 926 quum
1339 840 1734 907 P.Decius
1784 863 1867 907 se
1921 843 1999 907 in
2045 842 2448 908 Samnium
2491 842 2616 908 vel

324 950 394 1014 in
445 950 857 1016 Etruriam
914 950 1354 1036 proficisci
1408 957 1786 1035 paratum
1843 971 2023 1015 esse
2080 951 2613 1030 ostendisset,

324 1062 541 1123 tanta
598 1059 906 1125 laetitia
965 1079 1058 1123 ac
1118 1058 1577 1141 gratulatio
1623 1057 1815 1138 fuit,
1873 1066 1959 1123 ut
2004 1065 2127 1124 cet.
2231 1058 2475 1124 Fabius
2522 1061 2615 1124 sic

321 1163 504 1232 Decio
566 1168 900 1252 optionem
955 1166 1234 1245 fecerat,
1304 1171 1526 1230 utrum
1587 1167 1655 1230 in
1705 1166 2073 1247 Samnium,
2145 1188 2289 1250 quae
2347 1167 2407 1232 ei
2462 1189 2615 1251 pro·

319 1274 515 1340 vincia
559 1280 741 1352 erat,
809 1276 907 1340 ire
962 1274 1190 1339 mallet
1247 1295 1332 1338 an
1391 1294 1610 1338 secum
1659 1274 1925 1339 adiutor
1967 1275 2035 1338 in
2079 1275 2415 1339 Etruriam
2461 1297 2615 1359 pro·

319 1379 521 1461 ficisci,
567 1389 645 1446 ut
688 1382 813 1448 hoc
860 1403 930 1447 se
975 1381 1392 1446 vehementer
1436 1387 1671 1465 optare
1716 1382 2135 1465 significaret.
2201 1382 2351 1448 Non
2395 1382 2617 1448 reddit

318 1490 370 1553 ei
409 1490 651 1554 Decius
698 1492 1063 1575 optionem,
1134 1489 1252 1554 sed
1307 1489 1377 1554 id
1433 1490 1652 1574 ipsum
1713 1511 1783 1555 se
1838 1489 2058 1555 facere
2114 1496 2424 1575 paratum
2471 1511 2613 1555 esse

318 1598 624 1676 ostendit,
705 1597 883 1683 quod
949 1596 1231 1662 Fabium
1302 1604 1369 1663 et
1434 1597 1757 1682 populum
1824 1598 2021 1662 malle
2087 1598 2440 1681 intellegit,
2518 1604 2613 1677 ut,

317 1706 545 1770 omissa
615 1726 738 1770 sua
801 1706 1163 1790 provincia,
1231 1706 1300 1770 in
1365 1705 1703 1769 Etruriam
1772 1711 1898 1770 eat.
2011 1705 2172 1770 Inde
2218 1706 2450 1771 laetitia
2495 1713 2613 1772 est.

313 1810 531 1897 Itaque
570 1815 945 1878 necessario
981 1813 1277 1878 tollenda
1310 1820 1465 1878 sunt
1496 1812 1702 1878 verba
1735 1814 1812 1878 in
1850 1812 2250 1879 Samnium
2284 1814 2431 1894 vel,
2467 1836 2615 1899 quae

313 1940 431 1984 non
483 1921 828 1986 intellecta
884 1922 1213 1985 sententia
1268 1920 1500 1985 addita
1555 1927 1728 1985 sunt.
1839 1920 1928 1985 Et
1971 1921 2168 1986 scribi
2216 1920 2503 1986 debebat
2546 1923 2614 1986 in

314 2029 565 2111 optione
636 2028 859 2093 danda
933 2028 1060 2093 vel
1127 2028 1208 2092 in
1278 2026 1687 2094 Samnium
1750 2027 1874 2093 vel
1940 2030 2021 2093 in
2089 2029 2455 2106 Etruria,
2537 2036 2615 2093 ut

315 2154 363 2199 c.
411 2140 503 2217 19,
555 2141 618 2201 9.
709 2136 955 2219 (1861.)

467 2241 630 2329 Cap.
678 2248 791 2323 28,
850 2246 887 2308 3
945 2243 1121 2328 quod
1166 2243 1508 2308 scribitur:
1580 2250 1658 2308 et
1713 2243 2121 2309 Samnites
2179 2251 2261 2308 et
2329 2244 2612 2310 Gallos

310 2352 549 2433 primo
619 2354 934 2436 impetu
1002 2351 1318 2417 feroces
1387 2373 1598 2431 esse,
1670 2372 1873 2436 quos
1944 2352 2344 2417 sustineri
2404 2354 2611 2417 satis

309 2459 439 2538 sit;
503 2460 879 2543 longiore
951 2460 1398 2525 certamine
1460 2465 1619 2539 cet.,
1687 2481 1820 2524 non
1865 2459 2093 2525 Gallos
2151 2466 2218 2524 et
2263 2459 2610 2538 SamniteS,

310 2568 486 2650 quasi
544 2568 618 2633 hi
677 2567 829 2632 aliis
876 2569 1191 2632 contrarii
1239 2568 1403 2647 sint,
1462 2568 1775 2633 sustineri
1822 2569 1985 2632 satis
2032 2589 2173 2633 esse
2220 2568 2350 2633 dici
2398 2568 2613 2648 debet,

309 2675 412 2739 sed
478 2683 660 2756 tum,
728 2678 948 2761 primo
992 2677 1280 2762 impetu,
1349 2678 1512 2741 satis
1560 2697 1703 2741 esse
1751 2677 2090 2760 sustineri,
2154 2684 2387 2761 postea
2443 2678 2615 2742 vinei

308 2802 505 2866 posse.
610 2784 847 2867 Itaque
893 2786 1114 2869 aptius
1157 2784 1381 2849 Livius
1427 2785 1801 2868 scripsisset
1845 2806 2090 2867 quem,
2136 2785 2315 2867 quod
2359 2786 2613 2850 Kochio

311 2889 372 2953 in
414 2898 703 2957 mentem
748 2894 960 2973 venit3
1019 2892 1134 2958 sed
1178 2892 1247 2957 id
1290 2893 1356 2956 in
1405 2912 1608 2975 quos
1654 2913 1787 2957 non
1835 2894 2199 2957 transisset.
2299 2893 2612 2958 Fortasse

307 3000 613 3083 scriptum
661 3006 807 3065 erat
842 3021 1070 3083 quom
1107 2999 1317 3083 (qu‘o')
1343 2999 2125 3082 sustineri—.(1875.)
2180 3000 2430 3065 Eodem
2468 3021 2610 3084 cap.

307 3102 338 3186 ἐ
379 3111 417 3170 8
476 3106 573 3188 (in
629 3110 1017 3174 narratione
1075 3107 1312 3193 proelii
1369 3107 1455 3172 ad
1502 3106 1877 3187 Sentinum,
1947 3114 2296 3191 postquam
2355 3109 2611 3192 equites

305 3211 630 3282 Romanos
691 3238 731 3281 a
785 3214 856 3281 P.
903 3216 1109 3281 Decio
1167 3215 1356 3280 Mure
1416 3215 1483 3279 in
1542 3214 1769 3279 hostes
1829 3216 2195 3280 concitatos
2253 3215 2608 3297 narravit):

305 3318 429 3387 Bis
486 3329 871 3389 avertere
920 3324 1326 3388 Gallicum
1384 3324 1874 3407 equitatum3
1931 3323 2221 3387 iterum
2279 3322 2609 3405 longius

306 3439 637 3497 evectos
699 3437 780 3496 et
836 3432 992 3496 iam
1039 3433 1264 3497 inter
1307 3431 1572 3495 media
1618 3430 1980 3513 equitum
2026 3432 2345 3512 agmina
2388 3452 2610 3515 proe-

303 3534 484 3602 lium
543 3540 866 3604 cientes
922 3561 1207 3604 novum
1266 3560 1547 3624 pugnae
1593 3538 2071 3604 conterruit
2114 3560 2379 3621 genus.
2478 3540 2610 3605 Ite-

303 3664 438 3709 rum
483 3645 642 3728 (hoc
687 3652 817 3725 est,
876 3647 1087 3712 altero
1132 3647 1404 3731 impetu,
1465 3667 1597 3729 quo
1646 3645 2013 3727 equitatum
2058 3645 2383 3711 Gallicum
2429 3666 2609 3711 aver-

428 3918 523 3983 31,
570 3921 607 3971 4
639 3917 794 3984 (nam
841 3933 918 3971 ex
963 3933 1176 3987 oequo,
1222 3934 1302 3972 ex
1344 3922 1740 3988 proeparato
1774 3917 1962 3970 minus
1998 3917 2108 3971 huc
2143 3917 2483 3986 pertinent),
2528 3934 2609 3972 ex

427 4018 592 4056 vero
639 4008 827 4056 autem
874 4002 1060 4072 ipsum
1106 4003 1256 4072 apud
1307 4003 1635 4058 Sallustium
1684 4007 1741 4056 et
1785 4000 2044 4056 Ovidium
2099 4002 2167 4069 (v.
2217 4002 2398 4056 Hand.
2446 4002 2606 4056 Turs.

428 4084 490 4139 Π
542 4104 598 4156 p.
644 4087 797 4154 655);
852 4105 982 4142 nam
1037 4104 1200 4142 vero
1255 4105 1356 4158 pro
1409 4106 1571 4145 vere
1624 4088 1795 4142 nullis
1848 4088 1957 4142 nisi
2005 4087 2281 4141 Plautinis
2333 4089 2606 4158 exemplis

430 4171 657 4226 defendi
692 4171 979 4243 Curtiique
1013 4172 1081 4240 V,
1117 4175 1168 4239 ’7,
1202 4177 1252 4227 4.
1307 4171 1589 4243 Opposuit
1625 4173 1681 4227 G.
1701 4173 1764 4227 F.
1784 4173 1868 4227 W.
1888 4173 2194 4228 Muellerus
2231 4172 2378 4241 (ann.
2407 4173 2605 4243 philol.

428 4254 559 4311 XCI
601 4274 656 4326 p.
692 4257 784 4324 48)
829 4257 941 4312 duo
989 4258 1099 4312 alia
1142 4257 1349 4327 Curtii,
1403 4265 1525 4313 tum
1559 4258 1718 4313 Flori
1766 4257 2042 4328 Gelliique
2085 4259 2235 4325 (nam
2273 4258 2527 4313 Sallustii
2575 4275 2606 4312 e

428 4339 620 4396 Nonio
684 4359 802 4398 non
864 4343 975 4398 hoe
1028 4343 1342 4400 adnotante
1394 4344 1828 4399 incertissimum
1884 4344 2015 4412 est);
2077 4363 2148 4399 ne
2202 4344 2328 4399 haec
2380 4344 2605 4413 quidem

429 4427 801 4495 persuadent,
852 4428 1078 4483 Livium
1123 4445 1237 4484 uno
1281 4430 1407 4485 loco
1451 4431 1535 4485 sic
1583 4430 1811 4484 dixisse.
1902 4428 2016 4483 Sed
2051 4428 2295 4484 difficilis
2332 4435 2420 4484 est
2455 4429 2600 4482 diiu-

430 4510 688 4581 dicatio]
