3230 5282
466 577 590 632 Lib.
626 576 797 631 XXV.
1564 563 1688 624 360

469 755 673 814 esset:
743 755 1053 813 armato
1114 754 1235 812 set
1294 768 1624 832 capere,
1683 748 1964 814 licenter
2018 749 2266 816 factum
2312 770 2652 828 armare,
2709 755 2792 814 ut

467 857 681 923 simile
752 863 930 922 esset
998 857 1085 936 ei,
1152 856 1332 939 quod
1402 863 1819 940 sequeretur,
1889 878 2181 942 capere
2251 859 2354 940 (ut
2422 858 2564 937 illa,
2638 878 2793 941 quae

468 966 664 1051 posui
709 988 771 1049 p.
822 968 977 1045 207,
1036 971 1111 1030 ut
1167 965 1423 1046 magis
1475 985 1668 1030 uere
1723 986 1846 1049 pro
1903 974 2221 1033 mature
2268 966 2476 1047 XXII,
2536 970 2636 1044 34,
2689 970 2791 1046 11,

468 1073 675 1156 al.).¹)
787 1072 916 1139 Sed
986 1074 1180 1157 plura
1248 1081 1602 1155 supersunt
1657 1074 1725 1137 in
1782 1073 1908 1139 hoc
1966 1077 2180 1160 capite
2241 1073 2629 1158 corrigenda
2683 1073 2795 1156 (ut-

467 1190 853 1267 praeteream
883 1181 1150 1247 foedum
1172 1181 1521 1247 mendum:
1559 1182 1655 1247 ad
1693 1205 1922 1266 quam
1958 1183 2578 1268 perficiendum,
2604 1184 2784 1267 quod

466 1294 794 1357 invectum
870 1312 1082 1374 nuper
1159 1291 1228 1354 in
1295 1288 1328 1372 ξ
1402 1295 1479 1354 10
1547 1290 1800 1374 explosi
1879 1292 1946 1356 in
2014 1294 2459 1375 grammaticae
2527 1293 2790 1359 Latinae

292 1410 439 1479 (295)
476 1400 780 1465 editionis
825 1401 1040 1464 tertiae
1085 1398 1490 1467 Germanicae
1536 1398 1923 1483 praefatione
1968 1423 2030 1484 p.
2078 1400 2219 1482 XI).
2288 1402 2458 1467 Nam
2501 1404 2788 1486 primum

470 1508 503 1592 ἓ
556 1514 631 1573 13
681 1507 775 1588 (in
820 1507 1158 1573 reddenda
1204 1506 1386 1571 Flavi
1444 1507 1621 1590 apud
1667 1506 2035 1573 Gracchum
2092 1508 2412 1590 oratione)
2471 1509 2566 1574 sic
2622 1510 2786 1574 scri·

470 1617 679 1682 bitur:
749 1622 1103 1681 ceterum
1162 1614 1257 1680 ab
1316 1615 1497 1698 ipso
1543 1614 1920 1682 Graccho
1968 1617 2245 1683 eadem
2289 1618 2453 1682 haec
2498 1617 2786 1683 audire

468 1724 705 1790 malle
788 1744 922 1789 eos
1001 1723 1442 1803 (Lucanorum
1521 1730 1839 1806 praetores
1909 1725 2096 1807 dicit)
2176 1726 2790 1807 praesentisque

471 1834 944 1915 contingere
1013 1831 1408 1911 dextram3
1476 1832 1556 1895 id
1611 1832 1902 1916 pignus
1957 1832 2163 1898 fidei
2222 1853 2490 1899 secum
2544 1833 2784 1899 ferre.

470 1939 540 2005 Si
584 1939 710 2006 hoc
753 1939 786 2004 f
797 1960 975 2005 erre
1022 1962 1062 2004 a
1106 1939 1346 2003 malle
1392 1939 1682 2024 pendere
1725 1940 2054 2020 volumus,
2114 1941 2489 2007 necessario
2535 1941 2786 2006 adden-

469 2049 627 2113 dum
672 2054 775 2114 est
819 2055 897 2113 et
941 2047 1048 2129 (et
1090 2048 1174 2113 id
1216 2048 1575 2130 pignus);
1646 2049 1941 2131 alioquin
1996 2050 2120 2114 hoc
2179 2071 2260 2114 ex
2315 2069 2501 2133 aequo
2548 2048 2787 2113 adiun-

467 2159 646 2241 gitur
714 2157 1039 2241 superiori
1108 2156 1472 2236 (malunt3
1538 2191 1626 2201 —
1695 2177 1959 2222 secum
2030 2157 2368 2239 ferunt),
2437 2158 2579 2222 sine
2644 2155 2790 2221 ulla

468 2267 815 2332 sententia.
929 2265 1172 2329 Verum
1237 2265 1610 2348 perinepte,
1680 2266 1793 2347 qui
1852 2266 2129 2331 alicuius
2187 2266 2485 2331 dextram
2546 2266 2785 2348 attige-

462 2381 649 2453 runt,
725 2373 794 2437 id
870 2373 1109 2457 pignus
1178 2393 1447 2437 secum
1512 2371 1728 2438 ferre
1799 2373 2138 2454 dicuntur3
2217 2395 2369 2438 nam
2437 2373 2780 2438 nobiscum

466 2483 734 2548 ferimus
792 2503 872 2546 ea
917 2481 1059 2546 sola
1104 2470 1405 2564 pignora,
1464 2502 1609 2563 quae
1656 2482 1723 2546 in
1768 2504 2036 2547 manum
2081 2482 2255 2547 tradi
2301 2488 2595 2567 possunt.
2696 2481 2780 2546 Ni

466 2591 688 2671 fallor,
758 2590 979 2655 Livius
1041 2590 1423 2674 scripserat:
1493 2589 1573 2655 id
1640 2592 1934 2674 pignus
2004 2589 2210 2657 fidei
2268 2611 2537 2657 secum
2593 2590 2778 2655 fore.

468 2700 688 2782 (Fere
743 2720 861 2783 pro
916 2698 1088 2764 fore
1132 2698 1182 2762 P
1229 2698 1470 2779 XXVI,
1532 2704 1643 2781 32,
1706 2701 1793 2783 6.)
1897 2698 2121 2782 [Initio
2170 2698 2605 2784 paragraphi,
2664 2698 2781 2763 ubi

468 2808 817 2874 edebatur:
909 2807 1072 2872 haec
1142 2808 1235 2874 ab
1295 2829 1375 2872 se
1450 2808 1703 2889 dicta,
1762 2830 1797 2873 e
1866 2808 2160 2890 vestigiis
2231 2808 2313 2872 P:
2405 2808 2783 2873 absesin-

468 2917 693 2983 dicta
760 2916 1048 2981 efficitur
1116 2917 1210 2981 ab
1279 2937 1358 2980 se
1426 2916 1594 2980 suis
1665 2917 1925 2995 dicta,
1997 2916 2234 2981 saltem
2304 2915 2524 3000 aptius
2582 2927 2782 2999 quam

468 3027 582 3091 sic
640 3026 887 3091 dicta.
984 3023 1194 3107 1872]
1298 3024 1465 3089 Tum
1524 3032 1816 3090 extremo
1865 3025 2085 3108 capite
2133 3023 2194 3107 (ξ
2244 3027 2324 3088 25
2369 3059 2457 3068 ——
2501 3045 2652 3088 nam
2699 3024 2781 3088 de

468 3135 947 3218 praecipitat
1012 3134 1078 3197 in
1146 3132 1178 3215 ξ
1252 3136 1327 3197 15
1396 3131 1810 3198 restituendo
1881 3132 2015 3197 dixi
2083 3132 2169 3197 ad
2236 3132 2388 3211 VII,
2472 3137 2539 3212 6,
2610 3136 2645 3196 9
2715 3154 2783 3215 p.

473 3248 590 3306 143
659 3243 799 3325 —),
879 3242 992 3307 ubi
1063 3241 1314 3319 Livius,
1397 3241 1482 3305 ad
1560 3240 1757 3306 finem
1838 3241 2160 3325 perducta
2238 3242 2619 3306 narratione
2698 3240 2784 3305 de

468 3351 768 3416 Graccho
814 3372 934 3434 per
977 3349 1251 3414 insidias
1297 3348 1665 3428 interfecto,
1712 3349 1888 3414 varie
1936 3349 2015 3413 de
2063 3355 2272 3413 morte
2321 3347 2602 3414 Gracchi
2645 3356 2786 3413 tra-

692 3469 706 3483 ·
2203 3456 2235 3520 f

470 3566 679 3631 ditum
726 3587 871 3630 esse
918 3566 1216 3649 exponit,
1274 3566 1369 3630 sic
1414 3564 1756 3629 scribitur:
1828 3564 2011 3629 Haec
2059 3585 2360 3646 quaera
2408 3563 2529 3644 (sic
2573 3564 2657 3644 P;
2714 3564 2781 3628 M

467 3674 647 3739 Haec
715 3673 920 3753 sera,
993 3673 1108 3738 alii
1167 3674 1348 3737 Haec
1408 3694 1620 3752 sera,
1690 3672 1837 3736 edd.
1898 3673 2270 3756 superiores
2330 3672 2781 3752 Haec‘vera,

468 3783 699 3848 Weiss,
748 3782 932 3846 Haec
989 3780 1186 3862 fere)
1236 3781 1451 3845 fama
1495 3787 1653 3846 est:
1702 3780 2118 3847 Gracchus
2163 3781 2244 3844 in
2290 3780 2638 3845 Lucanis
2685 3781 2782 3845 ad

469 3911 820 3973 campos,
901 3891 1033 3973 qui
1106 3888 1442 3954 Veteres
1509 3896 1940 3968 vocantur,
2023 3888 2291 3971 periit.
2392 3886 2578 3972 (Cap.
2656 3887 2786 3968 17.)

528 4162 572 4226 ¹)
611 4161 738 4214 Non
790 4167 1017 4229 poterat
1061 4160 1277 4215 infinite
1326 4160 1462 4213 dici:
1520 4159 1813 4213 deducit
1874 4161 1941 4213 in
1996 4161 2248 4228 locum,
2305 4177 2420 4213 non
2467 4159 2662 4213 addito
2713 4158 2784 4212 ad

608 4245 990 4301 definiendum
1054 4246 1310 4300 relativo.
1412 4246 1683 4300 Suadeo
1749 4245 2033 4314 Magoni
2098 4260 2352 4314 capere
2405 4244 2602 4298 Livius
2668 4261 2784 4298 non

605 4333 786 4401 magis
832 4331 1039 4385 dixisse
1076 4332 1299 4385 videtur
1335 4348 1525 4400 quam:
1584 4347 1756 4399 rogo
1803 4331 2160 4400 Magonem
2207 4331 2460 4384 facere.
2553 4329 2786 4383 Tacitus

606 4420 903 4485 utrumque
942 4417 1100 4471 dixit.
1175 4416 1308 4485 [Sed
1347 4422 1536 4471 tamen
1572 4417 1912 4486 permitto
1950 4416 2174 4471 facere
2210 4415 2410 4483 XXIV,
2454 4417 2532 4483 16,
2576 4412 2677 4481 17.]
