3230 5282
1480 283 1486 288 ,
1516 226 1640 286 477
2340 235 2465 292 Lib.
2503 234 2730 290 XXXII.

417 408 734 476 fruendus
800 408 1058 474 locatus
1126 415 1225 471 est
1289 429 1408 491 pro
1476 410 1805 491 portorio,
1876 414 1993 471 aut
2062 407 2521 490 portorium
2588 404 2731 470 Ca-

417 527 668 584 strum
738 516 1173 601 appositionis
1238 515 1454 581 forma
1509 517 1929 598 coniungitur
1986 515 2130 595 (der
2190 514 2328 579 Zoll
2378 512 2728 595 Castrum),

417 627 479 691 h.
509 649 584 704 e.,
632 625 1015 709 portorium,
1060 623 1237 707 quod
1285 622 1369 687 ad
1417 621 1720 687 Castrum
1776 624 2094 705 exigatur.
2176 620 2374 686 Venit
2418 624 2618 687 etiam
2664 623 2729 686 in

417 742 703 800 mentem
751 730 951 798 scribi
984 751 1207 815 posse:
1253 732 1444 795 item
1491 730 1587 794 ad
1636 729 2007 795 Castrum
2053 732 2525 813 portorium,
2573 731 2613 793 i.
2654 752 2729 809 e.‚

416 843 785 926 portorium
831 840 916 905 ad
963 837 1288 903 Castrum.
1390 838 1776 903 Portoria
1820 837 2120 903 additum
2162 837 2454 916 videtur,
2524 858 2726 919 quum

414 972 545 1015 non
624 947 1119 1030 intellegeretur
1194 947 1683 1010 venalicium
1749 953 2233 1029 putareturque
2294 946 2516 1009 Livius
2582 945 2725 1009 uni-

413 1079 598 1122 verse
679 1056 760 1120 de
840 1055 1132 1120 omnium
1208 1055 1647 1137 portoriorum
1712 1056 2041 1119 locatione
2108 1074 2400 1117 narrare.
2526 1051 2721 1134 (1863

411 1173 478 1229 et
529 1162 742 1243 1876.)

584 1270 740 1354 Cap.
790 1274 865 1348 9,
922 1274 959 1334 6
1019 1268 1401 1353 (postquam
1445 1270 1669 1334 Livius
1727 1278 2078 1350 utrumque
2138 1267 2502 1346 consulem,
2570 1288 2721 1351 pro·

408 1380 605 1463 digiis
653 1378 1047 1461 procuratis,
1102 1379 1167 1441 in
1214 1377 1584 1461 provincias
1633 1377 2001 1460 profectum
2047 1377 2232 1456 dixit,
2283 1374 2426 1440 Sex.
2475 1376 2719 1440 AElium

407 1491 474 1552 in
535 1486 752 1550 Gallia
829 1485 994 1549 nihil
1074 1485 1499 1550 memorabile
1566 1485 1907 1567 gessisse):
1989 1485 2087 1549 Et
2143 1485 2215 1549 T.
2276 1483 2716 1560 Quinctius

408 1597 624 1659 alter
678 1594 958 1658 consul
1015 1594 1454 1672 maturius,
1527 1615 1755 1677 quam
1815 1595 2136 1676 priores
2195 1591 2425 1656 soliti
2484 1598 2718 1656 erant

404 1702 818 1779 consules,
905 1721 945 1764 a
999 1700 1437 1765 Brundisio
1508 1722 1742 1782 quum
1811 1700 2444 1778 transmisisset,
2526 1697 2714 1762 Cor-

404 1831 677 1893 cyram
723 1809 994 1872 tenuit
1039 1815 1161 1872 cet.
1276 1808 1526 1873 Vitiose
1575 1810 1846 1892 ponitur
1892 1815 1995 1886 et,
2055 1808 2244 1891 quasi
2291 1806 2710 1890 significetur,

402 1941 510 1994 ea,
579 1938 724 1999 quae
770 1916 989 1980 Livius
1039 1915 1117 1979 de
1170 1916 1470 1993 Quinctio
1515 1916 1882 1980 traditurus
1930 1922 2060 1990 est,
2128 1915 2213 1979 ab
2259 1916 2369 1992 iis,
2439 1936 2584 1997 quae
2630 1914 2711 1977 de

401 2025 573 2088 AElio
643 2024 927 2088 breviter
995 2023 1172 2087 dicta
1240 2033 1424 2100 sunt,
1493 2022 1654 2087 nihil
1724 2023 2127 2104 discrepare,
2195 2022 2371 2105 quod
2439 2043 2710 2105 prorsus

401 2138 630 2195 contra
678 2138 798 2195 est.
901 2130 1064 2195 Orta
1111 2138 1210 2194 est
1253 2131 1597 2213 particula,
1659 2138 1733 2193 ut
1779 2152 1910 2194 non
1955 2151 2125 2202 raro,
2185 2151 2264 2194 ex
2309 2130 2706 2212 praenomine

398 2240 489 2319 T.,
538 2238 951 2321 praecedente
999 2240 1358 2320 praesertim
1405 2239 1757 2321 gessit.¹)

572 2345 731 2428 Cap.
786 2351 891 2425 10,
951 2350 985 2408 5
1047 2344 1139 2424 (in
1197 2367 1519 2429 responso
1567 2346 1856 2430 Philippi
1902 2346 2075 2428 regis
2120 2346 2203 2409 ad
2250 2345 2586 2428 postulata
2629 2341 2702 2405 T.

398 2453 686 2530 Quinctii
746 2451 1091 2531 consulis):
1176 2451 1254 2516 Si
1314 2475 1510 2534 quas
1569 2461 2115 2536 quererentur
2171 2452 2367 2516 belli
2427 2450 2702 2516 clades

395 2583 496 2625 ea³
545 2561 958 2637 civitateS,
1021 2581 1188 2623 cum
1245 2561 1534 2641 quibus
1580 2560 1977 2625 bellatum
2022 2560 2273 2639 foret,
2332 2562 2700 2640 arbitriO,

394 2691 551 2751 quo
611 2668 952 2744 vellent,
1021 2668 1530 2751 populorum,
1590 2690 1760 2732 cum
1817 2668 2109 2750 quibus
2168 2690 2316 2751 pax
2374 2669 2698 2751 fuisset,

394 2797 476 2839 se
524 2797 874 2839 usurum.
976 2775 1203 2857 Neque
1260 2783 1466 2851 recte,
1539 2778 1728 2859 quasi
1787 2777 1975 2858 plura
2033 2777 2159 2838 sint
2207 2777 2514 2857 arbitria,
2584 2803 2698 2844 rex

390 2907 490 2960 se,
562 2903 694 2964 quo
742 2882 971 2961 velint,
1040 2904 1312 2947 usurum
1360 2883 1550 2960 dicit,
1624 2906 1835 2966 neque
1884 2886 2213 2963 universe,
2266 2897 2416 2949 ‘cum
2464 2888 2699 2969 quibus

390 3014 519 3074 pax
588 2991 851 3069 fuisset,
936 2991 1331 3073 populorum
1396 2991 1673 3055 arbitrio
1742 2992 1837 3054 uti
1906 2993 2212 3074 cuiquam
2280 2993 2347 3056 in
2416 3003 2698 3061 mentem

386 3101 606 3163 venire
687 3105 970 3182 poterat.
1096 3097 1443 3182 Optionem
1521 3122 1636 3164 rex
1718 3100 2141 3180 querentibus
2220 3098 2379 3166 facit
2460 3104 2698 3168 arbitri

387 3206 701 3289 eligendi,
769 3213 861 3284 ut,
926 3206 1113 3269 cuius
1160 3207 1205 3268 ii
1251 3207 1478 3284 velint,
1526 3207 1754 3290 populi
1801 3207 2074 3272 arbitrio
2121 3229 2225 3271 res
2272 3209 2694 3294 disceptetur.

382 3315 621 3396 Itaque
694 3335 828 3377 una
894 3311 1121 3376 littera
1188 3314 1399 3377 minus
1467 3314 1688 3379 Livius
1758 3316 2053 3398 scripsit:
2136 3318 2459 3396 arbitro,
2540 3342 2694 3403 quo

384 3420 731 3500 vellent,
800 3418 1318 3504 populorum,
1388 3444 1439 3484 c.
1491 3443 1548 3503 q.
1598 3446 1659 3505 p.
1709 3422 1783 3502 f.,
1847 3445 1929 3488 se
1976 3446 2330 3504 usurum,
2400 3426 2524 3490 hoc
2571 3434 2690 3505 est,

382 3529 668 3608 arbitro,
741 3549 869 3610 quo
938 3527 1205 3606 vellent,
1276 3551 1353 3591 ex
1422 3530 1504 3593 iis
1575 3531 1838 3613 populis
1900 3539 2050 3610 cet-.,
2118 3532 2316 3615 paulo
2373 3534 2682 3600 liberiore
2721 3547 2862 3615 (381)

379 3635 666 3718 genetivi
738 3634 1029 3716 partitivi
1100 3637 1343 3717 positu,
1414 3638 1966 3720 quemadmodum
2021 3641 2086 3702 'in
2133 3639 2381 3720 XXXI,
2450 3648 2559 3722 49,
2630 3648 2687 3721 9,

377 3764 577 3827 quem
666 3741 883 3821 locum
971 3763 1171 3826 supra
1247 3746 1546 3809 tractavi.
1682 3745 1951 3812 Servato
2044 3748 2393 3813 arbitrio
2486 3751 2684 3815 scribi

429 3993 479 4058 ¹)
518 3989 651 4055 Cap.
686 3989 769 4077 ,8’.
800 3989 832 4037 ’7
863 4007 901 4075 e
936 3993 981 4045 Β
1021 3998 1331 4062 ceterisque
1381 3998 1543 4053 codd.
1583 4001 1995 4054 restituendum
2042 4004 2303 4056 socium
2343 4010 2410 4058 et
2443 4005 2681 4059 Latini

515 4087 809 4123 1101‘111'1113
851 4077 1001 4139 (prm
1043 4085 1289 4133 ,emt-ium
1335 4085 1469 4133 Lat.
1517 4095 1601 4135 114.
