3230 5282
681 598 805 653 Lib.
843 599 884 652 Ι.
1793 589 1877 650 64

683 773 915 839 urbem
958 773 1323 857 ingressum
1367 793 1514 838 esse
1558 780 1817 855 narrat3
1884 775 2161 840 eundem
2207 781 2362 841 ante
2406 774 2670 858 (XXXI,
2727 781 2830 857 50,
2880 776 2985 858 11)

586 920 589 921 ν
682 879 799 946 Cn.
868 880 1238 947 Cornelium
1305 881 1659 948 Lentulum
1725 883 2204 968 appellaverat3
2269 885 2496 970 itaque
2559 885 2687 951 hoc
2750 907 2989 952 nomen

681 1012 909 1057 omnes
967 990 1121 1056 inde
1167 989 1251 1055 ab
1295 990 1463 1056 Aldo
1512 998 1665 1057 ante
1709 990 2084 1058 Bekkerum
2129 993 2329 1059 etiam
2374 993 2441 1058 in
2484 994 2656 1060 libro
2702 993 2988 1060 XXXIII

683 1099 1192 1166 substituerunt.
1301 1098 1444 1164 Lib.
1506 1098 1781 1181 XXXV,
1851 1104 1933 1165 20
2003 1101 2257 1182 Livius,
2322 1108 2677 1187 postquam
2743 1101 2806 1186 (ἓ
2877 1102 2985 1185 10)

681 1213 861 1274 recte
903 1209 978 1273 A.
1025 1206 1228 1273 Atilio
1286 1208 1555 1292 praetori
1611 1208 1896 1279 classem
1951 1215 2019 1274 et
2071 1208 2528 1276 Macedoniam
2587 1211 2988 1295 provinciam

681 1317 909 1383 datam
967 1316 1263 1401 scripsit,
1329 1316 1416 1381 M.
1462 1317 1686 1383 Baebio
1743 1316 2087 1402 Tamphilo
2132 1318 2429 1384 Bruttios
2496 1318 2702 1403 (quod
2766 1341 2988 1385 rerum

681 1430 1021 1509 gestarum
1075 1425 1372 1491 narratio
1419 1424 1820 1508 confirmat),
1888 1432 2109 1492 tamen
2156 1424 2189 1509 ἓ
2241 1433 2313 1491 11
2365 1432 2434 1493 et
2483 1431 2592 1509 12,
2657 1429 2873 1494 animo
2919 1436 2990 1494 et

680 1534 937 1599 calamo
981 1533 1364 1615 aberrante,
1424 1535 1689 1600 nomina
1731 1535 2156 1619 permutavit,
2212 1541 2290 1600 ut
2330 1534 2531 1601 Atilio
2577 1537 2645 1601 in
2688 1537 2988 1602 Bruttios

682 1643 983 1708 decretas
1052 1642 1339 1726 legiones
1409 1642 1687 1722 diceret,
1765 1641 2066 1708 Baebium
2143 1664 2344 1709 naves
2420 1643 2640 1709 facere
2713 1645 2989 1723 iussum,

681 1758 883 1834 atque
939 1752 1008 1815 in
1064 1742 1293 1816 eodem
1349 1771 1569 1816 errore
1613 1772 2004 1836 permanens
2051 1752 2348 1835 proximo
2395 1752 2614 1837 capite
2659 1751 2764 1834 (21
2812 1751 2988 1835 init.)

610 1895 613 1897 ·
680 1860 985 1939 classem,
1053 1860 1159 1924 cui
1203 1859 1468 1924 Baebius
1522 1858 1925 1944 praefuturus
1984 1865 2192 1939 esset,
2260 1861 2574 1925 nominat.
2684 1860 2989 1925 Editores

685 1968 881 2046 Livii,
939 1988 1067 2032 non
1114 1967 1533 2033 librariorum
1579 1988 1867 2033 errorem
1913 1974 2369 2048 correxerunt;
2435 1990 2588 2033 nam
2634 1968 2762 2034 illis
2808 1968 2991 2034 nulla

682 2098 789 2141 res
856 2075 1234 2141 huiusmodi
1300 2078 1636 2143 nominum
1702 2076 1931 2142 ordine
1988 2076 2382 2159 scriptorum
2439 2076 2987 2160 permutationem

684 2185 967 2250 obiicere
1012 2189 1277 2267 poterat
1323 2191 1388 2250 et
1432 2184 1520 2249 ad
1564 2184 1848 2249 alterum
1890 2184 2108 2250 locum
2155 2204 2440 2249 errorem
2484 2186 2875 2269 propagare.

859 2290 1017 2376 Cap.
1067 2297 1169 2371 48,
1216 2296 1272 2371 6,
1318 2292 1432 2358 ubi
1475 2293 1557 2357 in
1604 2293 1891 2358 collem
1933 2291 2529 2374 Esquiliarium
2578 2292 2812 2372 editur,
2855 2313 2991 2357 non

684 2401 1127 2485 persuadetur
1193 2399 1387 2480 mihi,
1471 2400 1728 2465 Livium
1803 2421 1932 2466 uno
1998 2400 2145 2465 loco
2214 2421 2402 2465 usum
2470 2421 2616 2465 esse
2683 2401 2992 2466 adiectivi

684 2507 898 2575 forma
941 2509 1269 2587 inaudita,
1336 2529 1538 2591 quum
1607 2515 1678 2572 et
1718 2506 1898 2591 apud
1942 2508 2160 2591 ipsum
2205 2514 2271 2572 et
2314 2506 2491 2591 apud
2535 2508 2702 2574 alios
2749 2509 2817 2574 in
2857 2507 2990 2574 fre-

542 2633 653 2704 (53)
691 2616 1119 2702 quentissimo
1179 2638 1302 2682 usu
1358 2617 1446 2682 sit
1497 2615 2012 2699 Esquilinae,
2079 2637 2197 2682 nec
2251 2615 2513 2696 dubit0,
2577 2636 2713 2682 una
2762 2617 2993 2684 littera

684 2725 953 2792 sublata
1010 2724 1112 2790 vel
1166 2725 1385 2810 potius
1441 2746 1573 2790 uno
1632 2725 1835 2790 ductu
1882 2747 1964 2790 ex
2007 2724 2311 2809 pluribus
2357 2723 2733 2805 simifflmis,
2797 2728 2991 2792 resti-

682 2841 900 2900 tuere:
947 2835 1027 2899 in
1071 2832 1356 2899 collem
1399 2832 1978 2915 Esquiliarum.
2061 2832 2197 2916 [Sic
2241 2833 2449 2899 codex
2492 2832 2865 2918 Bamberg]

858 2940 1015 3026 Cap.
1078 2945 1189 3021 53,
1255 2947 1333 3006 10
1389 2941 1566 3025 quod
1624 2941 1938 3006 scribitur
2003 2940 2374 3007 infensus
2439 2943 2562 3007 ira
2628 2942 2989 3025 itidemque

684 3051 777 3129 11,
842 3054 949 3130 12,
1024 3053 1133 3129 12,
1199 3057 1479 3135 utroque
1544 3049 1693 3116 loco
1756 3048 1993 3131 (altero
2040 3050 2304 3131 quidem
2350 3049 2704 3115 accedente
2750 3069 2876 3115 uno
2924 3059 2994 3116 et

684 3159 894 3224 altero
962 3157 1103 3223 cod.
1169 3157 1561 3239 recentiore)
1632 3151 2048 3223 scribendum
2114 3164 2296 3241 put0,
2366 3157 2543 3240 quod
2609 3157 2702 3238 11,
2776 3162 2883 3237 13,
2949 3163 2992 3222 '7

682 3268 957 3350 legitur,
1021 3268 1424 3332 incensus
1545 3264 1717 3330 Nam
1793 3264 2164 3331 infensus
2243 3264 2548 3330 absolute
2628 3264 2707 3331 de
2787 3267 2989 3331 animi

683 3375 914 3440 habitu
983 3375 1224 3440 dieitur
1290 3380 1358 3439 et
1422 3373 1757 3439 voluntate
1827 3374 1910 3439 ab
1969 3373 2189 3455 aliquo
2248 3372 2694 3439 vehementius
2757 3374 2994 3454 aliena,

684 3481 922 3547 affectu
981 3483 1181 3546 animi
1228 3481 1446 3547 subito
1493 3480 1733 3564 aliquis
1777 3481 2179 3561 incenditur3
2246 3501 2457 3565 neque
2504 3480 2756 3562 obstat,
2816 3482 2992 3565 quod

685 3590 784 3655 illi
829 3590 1029 3655 etiam
1073 3588 1395 3654 adiectivo
1441 3588 1594 3669 VH,
1653 3592 1764 3668 27,
1825 3594 1861 3653 6
1910 3589 2239 3655 ablativus
2298 3588 2565 3654 additur
2621 3588 2708 3654 ad
2764 3588 2990 3654 volun—

687 3699 848 3763 tatis
907 3697 1137 3763 alienae
1195 3704 1262 3762 et
1315 3695 1583 3762 infensae
1631 3696 2135 3764 diuturnitatem
2180 3695 2676 3780 significandam
2744 3686 2850 3776 (in‘
2862 3703 2997 3763 ter

685 3806 1063 3872 infensos
1111 3805 1432 3870 diutino
1481 3804 1718 3887 odio).
1811 3804 2127 3889 (1873.)¹)

860 3911 1054 3998 *Cap.
1104 3918 1203 3994 56,
1259 3920 1328 3978 4;
1395 3914 1643 3997 Anguis
1701 3935 1779 3978 ex
1835 3913 2137 3979 columna
2191 3913 2410 3996 lignea
2456 3911 2578 3993 (sic
2625 3913 2798 3978 enim
2840 3933 2992 3978 nar-

687 4023 901 4104 ratur)
943 4022 1204 4107 elapsus
1238 4042 1368 4087 non
1403 4021 1507 4104 (ut
1538 4042 1712 4087 nunc
1744 4020 2085 4103 scribitur)
2120 4028 2516 4087 terrorem
2560 4020 2994 4104 fugamque

751 4288 794 4355 ¹)
834 4285 988 4356 [Cap.
1035 4288 1127 4354 55,
1180 4288 1213 4340 9
1264 4285 1325 4339 in
1381 4301 1504 4339 eam
1547 4289 1768 4355 partem
1812 4301 1963 4339 nunc
2009 4284 2247 4339 inclinat
2293 4285 2541 4352 animus,
2597 4289 2660 4338 ut
2703 4282 2995 4338 ferendum

825 4377 1020 4442 putem
1054 4372 1290 4426 horum
1324 4369 1863 4440 magnificentiae
1901 4386 2186 4440 operum
2222 4368 2344 4436 (der
2377 4369 2621 4439 jetzigen
2656 4368 2861 4423 Werke
2894 4367 3001 4422 der

828 4455 1201 4523 Prachtliebe)
1238 4473 1343 4511 nec
1381 4456 1544 4510 amici
1580 4455 1975 4525 suspicionem,
2018 4453 2350 4524 magnific
2364 4455 2568 4510 entiae
2607 4454 2868 4520 delentis,
2914 4459 3002 4509 te·
