3230 5282
590 507 716 563 Lib.
753 505 896 562 xm.
1680 497 1802 558 614
3145 458 3147 579 A

591 789 873 854 randum
937 789 1286 872 pertinent.
1402 789 1585 855 Scrib
1593 789 1832 855 endum
1899 791 2103 874 igitur
2179 791 2464 856 videtur:
2536 811 2566 855 ι·
2581 811 2619 854 ι
2630 811 2662 852 v
2677 810 2713 855 e
2725 810 2765 853 ι
2779 797 2849 854 te
2860 812 2890 855 s

591 917 722 980 per
773 897 855 962 id
901 897 1313 963 decretum
1362 899 1707 978 scilicet,
1752 921 1795 962 n
1813 920 1846 962 e
1893 907 2017 964 cet.
2111 897 2498 982 [Vahlenius
2543 899 2612 963 in
2656 898 2885 964 Annal.

591 1028 802 1090 gymn.
839 1005 1056 1071 Austr.
1105 1005 1288 1070 XVII
1335 1029 1395 1090 p.
1441 1010 1592 1071 307:
1639 1027 2130 1090 manereque
2175 1007 2260 1071 id
2295 1006 2705 1072 decretum
2749 1008 2888 1072 sei·

592 1127 840 1170 remus
896 1128 1041 1186 quo
1089 1127 1515 1172 cavei-amus
1562 1109 1919 1188 scilicet,
1986 1131 2077 1174 ne
2125 1107 2278 1191 cet]
2367 1109 2615 1174 Eodem
2674 1110 2889 1195 capite

592 1215 626 1300 ξ
678 1221 749 1281 11
799 1217 866 1281 in
912 1217 1138 1282 eadem
1184 1216 1480 1282 oratione
1525 1216 1665 1282 haec
1703 1216 2082 1282 scribuntur
2114 1217 2465 1307 inpcodice:
2517 1216 2666 1281 Sed
2703 1219 2891 1300 quia

595 1323 991 1409 (Philippus)
1036 1324 1117 1388 in
1161 1324 1552 1389 Romanos
1600 1325 1768 1390 odii
1834 1347 2166 1408 regnum
2223 1333 2622 1410 posuerat
2687 1345 2890 1409 prae-

590 1433 860 1512 mium,
926 1432 1345 1498 Demetrio
1416 1430 1565 1513 (scr.
1636 1453 1781 1497 cum
1848 1434 1993 1498 edd.
2073 1433 2597 1514 Demetrium)
2664 1433 2888 1499 nullo

592 1540 758 1606 alio
807 1542 1145 1606 crimine
1193 1562 1427 1624 quam
1463 1540 1827 1605 Romanae
1874 1542 2252 1606 amicitiae
2289 1542 2506 1606 initae
2554 1541 2888 1622 occidit,

590 1648 915 1729 Persea,
962 1669 1186 1730 quem
1234 1648 1531 1732 populo
1590 1648 1936 1713 Romano
1983 1648 2200 1732 (plene
2246 1648 2388 1729 hoc,
2432 1670 2582 1727 non,
2631 1655 2704 1714 ut
2749 1649 2888 1735 ple·
2979 1675 2995 1697 ·

588 1778 883 1841 rumque,
927 1764 1091 1824 nota
1137 1756 1472 1838 scribitur)
1541 1757 1768 1840 prius
1814 1777 2048 1840 paenae
2095 1777 2326 1839 quam
2381 1758 2616 1840 regni
2658 1756 2892 1822 here-

593 1864 768 1930 dem
833 1864 1199 1930 futurum
1268 1865 1613 1944 sciebat,
1673 1885 1937 1947 regem
1991 1863 2221 1943 fecit,
2265 1865 2671 1948 retinuitque
2718 1863 2890 1929 hanc

591 1974 1005 2057 scripturam,
1052 1994 1287 2057 paenae
1333 1980 1594 2038 tantum
1643 1993 1790 2037 cum
1836 1972 2233 2037 editionibus
2278 1973 2346 2036 in
2402 1993 2675 2055 poenae
2746 1994 2887 2036 mu-

589 2087 762 2159 tato,
809 2081 1397 2161 WeissenborniuS,
1464 2080 1768 2166 populo
1838 2081 2025 2146 Rom
2044 2101 2190 2147 ano
2259 2101 2572 2145 enarrans
2638 2080 2890 2145 ”iudice

588 2188 834 2273 populo
902 2189 1253 2268 Romano”,
1340 2189 1517 2272 quod
1583 2190 1797 2272 ipsum
1862 2190 2145 2272 primum
2212 2188 2539 2272 quomodo
2608 2188 2890 2268 dicatur,

589 2318 860 2381 prorsus
924 2298 1143 2362 nescio
1215 2298 1457 2380 (neque
1524 2304 1746 2361 tamen
1791 2299 2042 2375 nescio,
2100 2317 2293 2380 posse
2351 2296 2637 2361 dativum
2684 2297 2887 2362 etiam

589 2405 766 2488 apud
810 2404 1111 2486 Latinos,
1168 2406 1295 2470 etsi
1340 2426 1525 2483 raro,
1583 2412 1761 2470 certo
1809 2405 2029 2486 aliquo
2078 2405 2273 2472 modo
2321 2406 2413 2470 sic
2458 2406 2631 2488 poni,
2677 2409 2756 2470 ut
2803 2404 2888 2470 ad

590 2513 773 2578 illam
819 2512 1361 2595 significationem
1428 2512 1740 2578 accedere
1808 2513 2123 2592 videatur,
2193 2513 2302 2578 sed
2371 2514 2440 2578 in
2505 2512 2697 2596 longe
2757 2512 2888 2578 alia

587 2622 905 2688 orationis
950 2621 1218 2707 fo.rma);
1266 2620 1502 2687 deinde
1537 2622 1592 2686 si
1639 2623 1888 2715 scirem,
1933 2621 2137 2687 nihilo
2171 2623 2378 2705 magis
2411 2621 2884 2705 intellegerem,

586 2730 744 2812 quid
789 2730 916 2797 hoc
961 2738 1160 2811 esset,
1228 2730 1601 2815 Philippum
1649 2733 1876 2809 scisse,
1935 2729 2144 2795 filium
2214 2752 2402 2795 suum
2460 2729 2706 2813 populo
2757 2731 2887 2795 Ro-

585 2860 780 2905 mano
848 2838 1063 2904 iudice
1130 2860 1357 2923 poenae
1425 2838 1732 2904 heredem
1799 2839 1957 2903 fore.
2051 2837 2206 2915 Quae
2276 2839 2448 2902 enim
2514 2837 2622 2901 hic
2667 2858 2889 2923 poena

587 2946 1012 3031 significatur,
1058 2969 1254 3032 quam
1299 2947 1642 3031 Philippus
1688 2948 2052 3030 speraverit
2097 2947 2471 3030 optaritque
2516 2945 2699 3012 filio?
2762 2945 2890 3012 Sed

584 3057 765 3140 piget
800 3065 1107 3122 conatum
1144 3078 1221 3122 ex
1255 3055 1584 3139 frequenti
1622 3054 1948 3120 scribendi
1983 3055 2139 3119 vitio
2188 3054 2449 3138 (paenae
2483 3074 2603 3138 pro
2639 3053 2887 3138 paene)

586 3172 800 3230 ortum
865 3164 1169 3249 pluribus
1235 3163 1552 3229 refellere.
1653 3164 2085 3248 KreyssigiuS,
2175 3162 2432 3228 Mureto
2525 3168 2884 3245 praeeunte,

585 3272 898 3339 hostem
943 3273 1216 3351 addidit,
1264 3273 1356 3337 sic
1401 3270 1725 3337 scribens:
1773 3293 1999 3357 quem
2044 3271 2356 3337 hostem
2393 3270 2691 3355 populo
2740 3271 2887 3336 Ro-

419 3392 562 3462 (505)
600 3403 825 3447 mano
891 3382 1117 3466 prius
1192 3400 1408 3464 paene
1490 3400 1721 3462 quam
1786 3381 2012 3464 regni
2086 3378 2459 3445 heredem
2524 3379 2887 3443 futurum

588 3490 753 3556 scie
772 3489 925 3554 bat.
1017 3487 1147 3554 Sed
1213 3509 1448 3572 parum
1509 3490 1821 3553 concinne
1880 3487 2017 3553 haec
2063 3496 2570 3572 componuntur,
2617 3486 2884 3552 hostis

585 3597 885 3682 populo
951 3598 1293 3663 Romano
1362 3602 1439 3661 et
1501 3599 1737 3680 regni
1805 3596 2071 3676 heres3
2151 3617 2366 3679 neque
2431 3595 2736 3674 PerseuS,
2807 3598 2881 3658 ut

584 3704 796 3770 hostis
845 3706 1155 3771 Romanis
1214 3714 1421 3786 esset,
1479 3711 1756 3769 mortem
1800 3691 2090 3789 Philippi
2148 3703 2603 3788 exspectabat,
2669 3700 2886 3766 fuerat

589 3814 717 3878 iam
766 3813 1005 3878 mnltos
1052 3835 1274 3879 annos,
1363 3815 1567 3879 Recte
1612 3814 1980 3879 Gronovius
2028 3820 2094 3878 et
2137 3813 2475 3877 Rubenius
2523 3816 2882 3888 senserant,

585 3923 654 3986 in
700 3921 918 4005 priore
966 3923 1160 3987 etiam
1205 3922 1497 3988 membro
1542 3923 1911 4005 genetivum
1967 3922 2212 4004 requiri
2258 3921 2542 4006 relatum
2600 3918 2686 3984 ad
2750 3917 2883 3982 he-

584 4031 891 4112 redem3
938 4030 1104 4096 alius
1150 4032 1321 4095 enim
1366 4032 1465 4095 rei
1512 4051 1695 4113 paene
1741 4031 1922 4113 prius
1969 4050 2166 4113 quam
2209 4031 2393 4112 regni
2449 4027 2884 4093 hereditatem

587 4138 672 4203 ad
715 4138 956 4204 Persea
999 4146 1462 4223 perventuram
1496 4137 1879 4222 Philippum
1920 4138 2201 4202 scivisse.
2272 4136 2350 4201 Id
2393 4158 2592 4201 unum
2638 4134 2879 4200 bellum

587 4268 729 4314 esse
775 4254 1066 4332 poterat3
1113 4247 1352 4327 odium,
1401 4255 1474 4312 ut
1508 4247 1668 4325 dixi,
1705 4246 1835 4310 iam
1870 4245 2111 4311 multos
2147 4267 2352 4312 annos
2388 4246 2621 4310 fuerat.
2671 4242 2880 4325 Scrip-

583 4362 765 4421 serat
809 4356 1029 4438 igitur,
1075 4357 1141 4420 ni
1185 4355 1397 4436 fallor,
1440 4354 1693 4419 Livius:
1741 4373 1968 4435 quem
2019 4353 2224 4419 belli
2270 4353 2610 4420 Romani
2658 4352 2877 4436 prius

583 4484 797 4546 paene
842 4485 1069 4547 quam
1113 4465 1345 4548 regni
1388 4462 1765 4528 heredem
1809 4460 2179 4526 futurum
2226 4461 2567 4527 sciebat.

595 680 925 747 scilicet
970 680 1426 763 coniungenda
1493 688 1646 746 sunt
1692 688 1757 747 et
1822 681 1908 746 ad
1966 639 2210 748 decreti
2267 682 2614 749 consilium
2671 683 2887 748 decla·

2920 4692 3148 4891 ⁴,
