3230 5282
633 624 758 679 Lib.
796 624 891 677 IX.
1726 614 1761 670 ‘2
1773 613 1799 670 1
1811 611 1847 671 8

635 798 1012 878 spatium.
1106 796 1253 860 Etsi
1304 796 1465 862 ordo
1511 796 1619 859 hic
1665 795 2013 859 verborum
2059 795 2675 879 longinquitate
2722 804 2944 879 pote-

553 900 556 903 ’
640 911 807 968 stas
857 904 1277 969 dominans
1322 925 1442 987 per
1489 924 1558 967 se
1607 903 1980 967 defendit-ur
2026 904 2122 983 iis,
2174 925 2318 986 quae
2365 903 2449 967 ad
2495 890 2726 981 XXIV,
2787 908 2847 980 2,
2908 908 2944 967 9

632 1011 960 1091 dicentur,
1042 1017 1262 1076 tamen
1329 1010 1604 1075 offendit
1671 1013 1740 1074 in
1783 1010 1908 1074 hac
1965 1011 2412 1094 copulatione:
2484 1012 2942 1094 quinquen·

631 1118 852 1183 nalis
935 1136 1281 1184 censura
1359 1125 1437 1182 et
1517 1118 2142 1200 longinquitate
2223 1124 2606 1201 potestas
2688 1119 2945 1185 domi-

630 1248 861 1306 nans;
924 1226 1041 1291 sed
1099 1227 1306 1291 multo
1365 1227 1573 1308 magis
1634 1224 1905 1290 offendit
1964 1226 2111 1309 ipsa
2165 1227 2303 1290 haec
2348 1228 2500 1291 novi
2548 1226 2947 1290 substantivi

631 1354 749 1417 per
795 1333 1100 1417 copulam
1147 1334 1461 1398 adiectio:
1512 1354 1934 1397 censuram
1980 1339 2059 1398 et
2092 1340 2711 1417 —potestatem
2799 1335 2945 1397 Non

628 1441 886 1521 dubito,
957 1444 1113 1525 quin
1161 1442 1385 1505 Livius
1455 1442 1828 1523 scripserit:
1900 1448 1977 1505 et
2043 1441 2651 1523 longinquitate
2720 1449 2943 1521 pote·

627 1549 862 1611 statis
931 1551 1503 1627 dominantem,
1575 1549 1915 1630 genetivus
1975 1554 2197 1613 autem
2255 1548 2339 1613 ob
2401 1549 2946 1614 dominantem

626 1664 918 1721 mutatus
990 1658 1103 1735 sit,
1172 1657 1301 1720 nisi
1357 1655 1512 1720 fuit:
1584 1657 2270 1739 quinquennalem
2337 1677 2801 1735 censuram,
2871 1666 2947 1721 et

626 1764 1245 1847 longinquitate
1327 1770 1399 1825 et
1478 1769 1902 1846 potestate
1986 1764 2557 1828 dominantem.
2692 1763 2944 1844 (1861.)

634 1871 845 1953 [Idem
891 1872 1194 1936 Creverio
1241 1869 1500 1951 visum]

798 1979 955 2062 Cap.
1006 1984 1105 2057 34,
1154 1982 1264 2042 20:
1334 2000 1419 2042 eo
1467 1979 1735 2044 lustro
1784 2014 1867 2023 —
1912 2002 2082 2062 quo,
2141 1979 2559 2044 demortuo
2620 1979 2945 2062 collega

628 2086 696 2150 C.
745 2086 962 2150 Iulio
1023 2107 1394 2165 censore,
1463 2086 1531 2149 L.
1581 2087 1967 2170 Papirius
2028 2086 2326 2151 Cursor
2379 2122 2468 2131 —-
2519 2087 2604 2150 M.
2656 2086 2946 2151 Corne-

626 2195 821 2258 lium
879 2194 1527 2275 Maluginensem
1601 2194 1997 2276 collegam
2056 2194 2562 2277 subrogavit.
2675 2195 2761 2259 Et
2830 2217 2946 2279 per

625 2324 694 2365 se
753 2323 989 2383 parum
1047 2307 1199 2384 apte
1262 2302 1502 2364 dicitur
1575 2302 1997 2367 demortuo
2072 2300 2385 2384 collega
2437 2338 2525 2346 -—
2581 2323 2945 2381 censore,

624 2409 989 2492 praesertim
1038 2416 1355 2490 sequente
1396 2408 1657 2473 demum
1691 2410 1830 2473 eius
1866 2410 2142 2489 nomine,
2190 2411 2375 2474 cuius
2411 2410 2665 2492 collega
2697 2410 2943 2488 fuerat,

626 2523 693 2579 et
758 2517 1099 2598 perinepte
1166 2516 1588 2581 demortuo
1661 2516 1975 2598 collega
2031 2553 2117 2562 —
2178 2516 2580 2599 collegam
2651 2518 2943 2582 subro-

625 2624 867 2707 gavit.
958 2623 1190 2706 Itaque
1237 2623 1429 2689 valde
1476 2630 1854 2706 suspectum
1901 2624 2235 2708 collega.
2328 2624 2644 2706 (1861.)1)

796 2730 1112 2815 Cap..39,
1173 2735 1208 2794 3
1258 2737 1323 2795 et
1368 2737 1426 2808 4,
1485 2738 1841 2815 postquam
1884 2733 2107 2797 Livius
2156 2734 2227 2797 L.
2274 2733 2611 2816 Papirium
2659 2734 2944 2799 dictato·

620 2860 758 2903 rem
837 2846 904 2904 et
972 2839 1040 2903 C.
1108 2838 1428 2902 Marcium
1506 2839 1841 2904 consulem
1909 2828 2133 2924 ’iisque
2202 2842 2541 2924 oppositos
2611 2840 2942 2906 Samnites

622 2947 786 3012 dixit
834 2949 1161 3029 quietos
1211 2947 1742 3029 aliquamdiu,
1787 2969 1930 3012 nec
1980 2948 2154 3013 suis
2201 2948 2695 3012 diffidentes
2744 2950 2941 3013 viri-

619 3056 764 3119 bus
833 3076 976 3119 nec
1033 3055 1352 3119 hostem
1410 3060 1909 3138 spernenteS,
1968 3057 2277 3121 stativa
2332 3057 2410 3119 in
2468 3057 2941 3139 propinquo

621 3162 1038 3242 habuisse,
1109 3162 1327 3226 subito
1396 3163 1465 3225 in
1522 3162 1860 3226 Etruriam
1918 3163 2003 3227 ad
2058 3183 2298 3244 resque
2356 3162 2450 3226 ibi
2506 3184 2547 3226 a
2605 3163 2676 3239 Q.
2728 3164 2939 3229 Fabio

619 3270 928 3334 Rulliano
997 3277 1215 3350 gestas
1282 3269 1710 3348 traducimur,
1782 3270 2016 3334 deinde
2085 3291 2225 3352 cap.
2295 3275 2379 3333 40
2447 3270 2531 3334 ad
2598 3271 2937 3336 Samnites

618 3377 908 3441 redimus
976 3398 1096 3440 nec
1164 3381 1386 3440 tamen
1452 3377 1537 3441 ad
1605 3397 1787 3456 eum,
1869 3398 2064 3458 quem
2130 3384 2472 3441 narratum
2539 3377 2938 3459 legeramus,

617 3503 838 3547 rerum
898 3489 1173 3561 statum,
1242 3482 1357 3546 sed
1414 3483 1499 3547 ad
1556 3483 1751 3549 aliam
1808 3505 2171 3566 novamque
2215 3484 2449 3549 faciem
2494 3485 2670 3549 belli.
2790 3487 2938 3564 Quo

621 3595 842 3653 autem
921 3591 1066 3654 loco
1136 3611 1175 3653 a
1245 3588 1645 3655 Samnitibus
1726 3592 1810 3656 ad
1876 3592 2231 3657 Etruscum
2308 3590 2555 3656 bellum
2633 3595 2938 3658 narratio

673 3791 717 3856 ¹)
757 3790 887 3859 Cap.
926 3793 1015 3857 36,
1063 3795 1094 3844 2
1131 3792 1413 3860 indignor,
1459 3811 1528 3846 ne
1566 3795 1998 3848 commemorari
2035 3795 2260 3863 quidem
2298 3811 2330 3847 a
2364 3794 2771 3847 recentissimis
2810 3794 2934 3847 edi·

756 3876 970 3929 toribus
1024 3879 1398 3931 necessariam
1452 3877 1565 3931 Iac.
1613 3879 1889 3932 Perizonii
1947 3879 2397 3934 emendationem
2453 3877 2639 3944 (Tum
2693 3896 2773 3932 ex
2827 3880 2936 3940 iia,

754 3961 866 4028 qui
921 3961 1242 4028 aderant,
1299 3963 1613 4017 consulis
1670 3963 1886 4017 frater
1931 3993 1999 4001 —
2046 3983 2191 4019 eum
2246 3963 2528 4018 Fabium
2578 3961 2935 4017 Caesonem

752 4045 899 4112 alii,
949 4046 1006 4100 C.
1047 4046 1391 4101 Claudium
1439 4049 1742 4116 quidam,
1798 4054 2017 4104 matre
2065 4049 2325 4115 eadem,
2382 4066 2511 4116 qua
2556 4049 2935 4102 consulem.

752 4130 1063 4196 genitum
1135 4134 1423 4186 tradunt
1484 4160 1551 4169 —
1607 4135 2045 4202 speculatum
2110 4152 2178 4188 se
2244 4135 2499 4187 iturum
2567 4133 2933 4200 professus

752 4213 881 4278 cet.)
930 4218 1219 4285 tenerique
1272 4220 1446 4273 tacite
1494 4235 1614 4271 eam
1666 4219 2030 4287 scripturam,
2085 4219 2144 4271 in
2191 4236 2325 4286 qua,
2381 4219 2503 4286 quis
2542 4218 2677 4285 quid
2714 4217 2933 4274 fecerit.

753 4300 1068 4366 omittatur,
1125 4310 1414 4368 quaeratur
1470 4308 1659 4356 autem
1714 4304 1873 4371 quasi
1926 4322 2030 4372 per
2086 4321 2172 4370 se,
2229 4321 2340 4371 quo
2395 4304 2621 4357 nomine
2677 4305 2934 4357 consulis

749 4383 921 4437 frater
956 4383 1139 4437 fuerit.
1224 4386 1306 4440 De
1345 4405 1463 4455 cap.
1504 4391 1593 4454 34,
1648 4391 1709 4440 12
1753 4395 1906 4443 recte
1956 4390 2411 4457 interpungendo
2450 4389 2762 4442 admonitio
2802 4407 2935 4442 mea

751 4469 842 4535 (ad
883 4468 993 4522 Cic.
1034 4469 1159 4524 Fin.
1199 4489 1250 4538 p.
1292 4473 1412 4538 270)
1451 4473 1642 4526 valuit.
