3230 5282
1414 624 1537 687 247

336 809 566 876 bentur
619 808 724 892 (in
782 808 968 875 deest
1024 810 1225 875 etiam
1268 809 1338 874 in
1382 809 1520 875 Pal.
1573 815 1627 889 1,
1671 809 1874 890 HarL,
1918 810 2071 876 Lov.
2124 814 2178 891 1,
2228 810 2312 892 3).
2391 810 2626 895 Itaque

337 918 521 986 facile
565 925 709 984 erat
753 940 834 984 ex
866 918 1200 984 Puteaneo
1249 918 1545 1003 exempla
1590 917 1896 1002 colligere
1932 924 1998 983 et
2032 939 2357 1003 exponere
2394 940 2627 985 eorun-

337 1026 477 1093 dem
540 1027 806 1093 errandi
871 1047 1212 1109 generum,
1282 1047 1426 1109 quae
1491 1027 1560 1092 in
1630 1028 1870 1092 ceteris
1938 1027 2223 1110 antiquis
2291 1026 2626 1093 codicibus

334 1136 768 1220 reperiuntur3
825 1156 978 1200 nam
1034 1141 1102 1201 et
1147 1157 1202 1198 n
1247 1135 1317 1199 in
1362 1134 1491 1199 fine
1535 1156 1765 1200 vocum
1811 1134 2079 1200 additur
2124 1135 2626 1220 detrahiturque

331 1244 479 1326 (vid.
528 1245 614 1310 ad
659 1242 900 1322 XXIII,
949 1247 1005 1321 3,
1057 1243 1142 1325 3),
1198 1249 1265 1309 et
1307 1243 1548 1309 litterae
1594 1243 1767 1309 male
1813 1245 2226 1325 geminantur
2269 1251 2384 1310 aut
2428 1245 2627 1311 semel

335 1377 447 1437 pro
493 1353 838 1437 geminatis
883 1351 1287 1433 scribuntur,
1346 1358 1413 1417 et
1469 1351 1737 1436 syllabae
1794 1358 1861 1417 et
1900 1351 2103 1417 verba
2145 1352 2249 1418 bis
2296 1360 2629 1437 ponuntur

331 1461 557 1545 (etiam
601 1461 788 1541 bina,
853 1467 929 1525 ut
971 1459 1191 1539 XXII,
1253 1464 1364 1541 36,
1429 1463 1465 1523 3
1514 1462 1877 1543 equitum
1935 1458 2225 1525 darent
2269 1462 2630 1545 equitum

334 1571 618 1637 darent
673 1575 743 1635 et
785 1568 1035 1647 XXIII,
1108 1573 1217 1649 16,
1292 1573 1401 1649 12;
1468 1589 1623 1633 nam
1667 1567 1920 1648 XXIII,
1987 1571 2102 1648 26,
2170 1574 2209 1634 8
2255 1575 2323 1635 et
2368 1573 2479 1650 30,
2552 1575 2623 1635 11

334 1680 514 1745 simul
560 1679 891 1746 correctio
936 1677 1308 1756 adhibetur,
1369 1677 1639 1742 caedes
1671 1699 1791 1762 pro
1838 1675 2045 1742 caede
2092 1683 2158 1742 et
2202 1679 2463 1762 patris
2509 1700 2628 1762 pro
2675 1765 2681 1771 ἢ

332 1788 597 1874 puris),
656 1794 725 1852 et
766 1807 958 1852 voces
1003 1786 1089 1851 ad
1135 1787 1464 1870 proximas
1510 1806 1687 1865 casu,
1743 1806 1999 1869 genere,
2052 1807 2324 1852 numero
2371 1807 2625 1852 accom-
2662 1799 2802 1869 (207)

331 1897 676 1962 modantur
731 1894 835 1976 (ut
887 1894 1137 1975 XXIII,
1198 1898 1309 1974 33,
1373 1898 1481 1958 12:
1551 1915 1718 1959 cum
1774 1893 2067 1977 quibus
2119 1894 2452 1978 regibus
2510 1916 2629 1980 pro

330 2025 494 2070 cum
551 2003 851 2090 quibus
905 2005 1106 2085 regi,
1174 2002 1288 2068 ubi
1344 2002 1597 2067 inutilis
1654 2008 1722 2068 et
1762 2001 2110 2068 verborum
2153 2002 2382 2069 ordine
2428 2025 2633 2087 prava

333 2121 424 2179 est
464 2111 984 2180 Weissenbornii
1032 2112 1431 2192 coniectura,
1489 2110 1786 2191 XXVIH,
1833 2114 1934 2191 33,
1987 2116 2094 2175 16:
2166 2110 2263 2175 ad
2321 2118 2632 2195 partem

334 2244 603 2307 pugnae
677 2220 1195 2305 capessendae
1265 2242 1384 2304 pro
1445 2218 2052 2304 capessendam,
2113 2218 2327 2299 XXX,
2388 2223 2499 2301 32,
2559 2224 2628 2284 2;

334 2332 618 2414 quibus
664 2329 1028 2395 adversae
1074 2348 1352 2411 pugnae
1397 2326 1735 2393 fortuna
1778 2327 2077 2393 fuisset
2122 2348 2241 2411 pro
2278 2328 2632 2408 adversa,

332 2448 399 2504 ut
439 2440 487 2505 Ι.
533 2438 914 2504 Perizonius
971 2443 1039 2502 et
1081 2436 1384 2502 Dukerus
1444 2436 1863 2503 scribendum
1906 2435 2241 2517 viderunt3
2306 2437 2632 2503 Weissen-

333 2547 593 2613 bornius
671 2567 891 2631 pravae
971 2537 1316 2630 scripturae
1392 2551 1591 2610 rectae
1657 2544 1884 2609 formae
1952 2544 2253 2629 exempla
2317 2552 2633 2628 tanquam

337 2658 566 2722 similia
608 2657 917 2741 apponit3
961 2654 1227 2735 XXVII,
1280 2658 1377 2735 12,
1424 2658 1462 2718 2
1511 2654 1930 2719 detineret
1974 2675 2095 2739 pro
2144 2653 2630 2737 detinerent,

337 2766 498 2848 quod
570 2764 872 2850 sequitur
939 2762 1513 2847 oppugnaret),
1583 2768 1652 2827 et
1715 2762 1953 2827 litterae
2010 2768 2077 2828 et
2134 2762 2400 2847 syllabae
2458 2765 2633 2830 omni

335 2895 562 2957 genere
627 2874 831 2939 etiam
895 2872 964 2937 in
1030 2871 1246 2937 verbis
1313 2871 1672 2938 notissimis
1726 2876 2185 2955 permutantur
2239 2877 2307 2936 et
2364 2872 2635 2938 confun-

338 2980 573 3048 duntur
617 2981 720 3064 (ut
764 2980 982 3063 XXII,
1039 2984 1151 3061 23,
1212 2984 1249 3045 9
1298 2979 2633 3061 caucalegiquaeratratectainsti-

338 3092 857 3169 tuiseserant,
924 3111 1005 3154 ex
1050 3110 1199 3173 quo,
1267 3087 1479 3153 altera
1521 3109 1722 3152 manu
1766 3088 1834 3152 in
1878 3088 1929 3152 P
1974 3093 2328 3171 praeeunte,
2395 3089 2463 3152 in
2509 3087 2630 3153 CM

340 3199 567 3264 ceteris
637 3206 883 3264 ortum:
966 3218 1230 3281 pauca
1306 3196 1471 3278 legi
1538 3217 1694 3280 qua
1759 3201 1940 3260 erat
2005 3202 2236 3261 tecta
2300 3197 2635 3263 institui

337 3312 758 3373 senserant
816 3327 965 3390 pro:
1033 3308 1294 3390 pauca
1347 3304 1817 3390 reliquerat
1876 3310 2110 3385 tecta,
2166 3304 2245 3369 in
2302 3305 2634 3370 stativis

339 3423 534 3496 erat,
592 3414 771 3501 quod
817 3414 1182 3480 Gronovius
1238 3412 1656 3495 restituit).¹)
1756 3413 1833 3478 In
1894 3435 2023 3498 quo
2078 3413 2242 3479 illud
2288 3413 2636 3496 diligenter

339 3522 985 3589 animadvertendum
1031 3529 1148 3603 est,
1195 3521 1539 3587 librarium
1572 3543 1703 3587 non
1737 3510 1912 3601 raro,
1957 3520 2129 3602 dum,
2175 3522 2428 3587 omissis
2460 3522 2638 3588 litte-

338 3651 556 3697 rarum
617 3631 928 3696 ductibus
986 3636 1052 3697 et
1097 3631 1265 3697 aciei
1308 3630 1693 3710 intentione,
1752 3632 2035 3715 speciem
2080 3632 2297 3696 animo
2342 3631 2637 3697 oblatam

340 3737 551 3805 Latini
617 3739 802 3806 verbi
869 3741 1197 3824 sequitur,
1279 3740 1480 3804 etiam
1551 3761 1702 3804 cum
1772 3738 2171 3823 syllabarum
2227 3739 2635 3805 detractione

342 3853 404 3911 et
459 3849 863 3928 adiectione,
931 3869 1011 3913 ea
1067 3846 1393 3927 effecisse,
1461 3869 1607 3932 quse
1666 3853 1954 3912 mentem
1999 3868 2040 3911 a
2081 3868 2237 3912 vero
2281 3846 2475 3930 longe
2521 3847 2636 3912 ab-

342 3953 581 4022 ducant
634 3963 702 4022 et
760 3978 906 4039 quae
961 3978 1093 4022 non
1148 3957 1286 4021 sine
1345 3957 1527 4039 gravi
1584 3962 1651 4021 et
1704 3955 1917 4020 libera
1959 3955 2283 4020 medicina
2327 3957 2638 4040 corrigas,

343 4066 530 4145 quale
601 4063 709 4147 (ne
774 4086 961 4131 vero
1035 4070 1102 4130 et
1156 4065 1460 4148 praemii
1517 4085 1597 4130 ex
1655 4065 1845 4128 initio
1904 4063 2059 4128 libri
2115 4063 2303 4129 XXII
2359 4085 2636 4130 comme·

344 4191 610 4254 morem,
678 4195 822 4258 quae
886 4172 1110 4239 facilia
1175 4172 1355 4254 sunt)
1423 4179 1524 4238 est
1587 4173 1658 4237 in
1725 4171 1940 4252 XXII,
2024 4178 2132 4252 16,
2200 4179 2239 4237 4
2304 4173 2637 4238 fortuna

346 4280 587 4347 minas
632 4302 831 4348 saxa
873 4304 995 4367 pro
1032 4282 1467 4348 Formiana
1508 4301 1719 4361 saxa,
1769 4280 2185 4346 emendatum
2233 4302 2275 4345 a
2309 4281 2636 4347 Sabellico

401 4512 446 4578 ¹)
481 4512 712 4569 Prorsus
748 4513 868 4569 sine
904 4531 1072 4569 causa
1108 4518 1167 4570 et
1199 4530 1375 4584 prave
1409 4512 1898 4568 Weissenbornius
1932 4513 2112 4567 haud
2146 4529 2361 4584 pauca
2395 4512 2636 4581 scripsit.
