3230 5282
503 606 626 660 Lib.
664 605 756 660 IV.
1599 592 1722 655 130

507 778 976 862 praesidium
1035 778 1444 844 occiditur
1501 785 1578 842 et
1636 775 1904 861 (postea
1951 774 2315 860 receptum)
2361 777 2821 843 retinetur?

505 886 758 969 Nugas!
826 886 921 951 Ac
976 909 1058 952 ne
1112 886 1573 952 retinebantur
1631 884 1895 968 quidem
1954 885 2085 952 duo
2131 885 2251 950 illa
2296 884 2599 965 castella,
2666 905 2818 950 nam

505 1013 715 1077 neque
783 1016 1002 1061 arcem
1060 993 1541 1061 Carventanam
1599 1013 1812 1077 neque
1856 994 2315 1077 Verruginem,
2381 998 2734 1077 postquam
2778 1014 2820 1057 a

503 1103 761 1168 Volscis
828 1108 1040 1186 captae
1107 1110 1358 1183 essent,
1425 1101 1649 1167 Livius
1717 1107 2023 1185 receptas
2092 1122 2134 1166 a
2191 1102 2504 1167 Romanis
2571 1100 2819 1185 signifi-

506 1212 710 1291 cavit3
768 1211 1064 1290 VolscOS,
1124 1210 1236 1293 qui
1281 1217 1435 1294 post
1479 1210 1913 1294 Verruginem
1959 1216 2224 1293 captam
2268 1210 2476 1295 palati
2520 1209 2608 1275 ad
2651 1229 2817 1293 prae-

506 1319 793 1383 dandum
839 1324 1089 1398 essent,
1149 1339 1503 1402 oppressos
1549 1316 1647 1399 (in
1693 1315 1895 1401 agris)
1944 1318 2128 1383 dixit.
2237 1318 2584 1385 Postremo
2631 1323 2709 1382 et
2751 1319 2818 1381 in

503 1425 746 1509 MR[V]
786 1433 930 1507 est,·
956 1424 1823 1508 aPL1(deterioribusque)
1871 1425 2081 1506 abest,
2128 1432 2225 1506 ut,
2271 1424 2553 1491 fueritne
2598 1427 2666 1489 in
2712 1446 2818 1489 ar-

504 1536 780 1621 chetypo
861 1557 945 1600 an
1024 1535 1323 1600 additum
1402 1541 1638 1618 postea
1717 1534 1803 1598 sit
1869 1533 1955 1599 ad
2022 1533 2153 1599 duo
2218 1533 2421 1599 verba
2484 1540 2816 1616 utcunque

503 1642 906 1728 copulanda,
986 1642 1257 1707 dubium
1338 1643 1443 1707 sit.
1579 1641 1800 1706 Livius
1880 1641 2268 1724 scripserat:
2360 1641 2585 1706 modo
2665 1640 2815 1706 duo

503 1752 893 1837 praesidia
982 1750 1404 1816 occidione
1495 1750 1808 1830 occisa3
1915 1748 2076 1810 ana
2177 1770 2348 1814 cum
2446 1748 2812 1832 periculo

502 1861 880 1925 retineri.
1012 1859 1086 1923 In
1164 1858 1290 1923 hac
1377 1858 1588 1922 forma
1663 1856 1907 1922 variari
1988 1856 2382 1940 significatio
2459 1855 2812 1939 poterat.¹)

503 1968 710 2033 Venio
769 1967 855 2032 ad
909 1967 1180 2031 tertium
1226 1966 1475 2045 locum,
1542 1966 1730 2030 cuius
1777 1964 2331 2045 emendationem,
2401 1987 2442 2029 a
2483 1965 2815 2029 veteribus

504 2075 872 2141 editoribus
918 2057 1335 2158 praeceptam,
1381 2079 1536 2139 ante
1582 2074 1827 2138 multos
1873 2093 2082 2138 annos
2125 2072 2413 2138 breviter
2457 2071 2815 2156 significavi

502 2185 571 2247 in
638 2183 880 2266 Opusc.
938 2180 1142 2246 Acad.
1201 2180 1232 2244 I
1290 2203 1353 2264 p.
1401 2185 1545 2246 246.
1659 2180 1830 2246 Nam
1890 2179 1923 2263 ἓ
1987 2184 2063 2244 12
2132 2181 2228 2245 sic
2294 2181 2613 2264 scriptum
2680 2184 2812 2245 est:

504 2312 670 2355 eam
716 2286 1031 2373 (plebem)
1077 2288 1360 2372 procul
1404 2289 1599 2354 urbe
1644 2289 1930 2353 haberi
1977 2295 2219 2371 atque
2266 2288 2672 2371 ablegari,
2718 2309 2813 2353 ne

504 2398 713 2464 domi
784 2418 926 2480 per
991 2397 1246 2460 otium
1300 2417 1593 2462 memor
1649 2397 2082 2462 libertatis
2138 2397 2811 2479 coloniarumque

505 2512 648 2571 aut
705 2504 884 2585 agri
939 2502 1255 2586 publici
1314 2510 1454 2569 aut
1509 2501 1896 2587 suffragii
1950 2504 2212 2570 libere
2258 2504 2579 2569 ferendi
2626 2525 2813 2569 con—

506 2614 702 2680 silia
769 2612 1042 2695 agitet.
1164 2609 1442 2676 Prorsus
1510 2632 1813 2696 perverse
1891 2611 2247 2678 libertas
2326 2616 2395 2677 et
2475 2611 2813 2678 coloniae

505 2722 930 2807 copulantur,
1001 2741 1148 2804 quae
1213 2719 1392 2784 nullo
1458 2719 1653 2784 modo
1722 2720 1953 2785 eodem
2018 2721 2165 2784 loco
2233 2726 2300 2785 et
2357 2720 2584 2785 ordine
2641 2727 2815 2799 sunt,

505 2829 740 2895 deinde
787 2827 918 2893 duo
963 2828 1412 2907 nominantur,
1481 2849 1628 2910 quae
1682 2828 1937 2912 legibus
1992 2828 2363 2893 tribuniciis
2420 2834 2564 2893 tum
2607 2828 2818 2911 agita-

502 2939 782 3018 bantur,
852 2956 1008 3018 ager
1071 2935 1379 3020 publicus
1427 2942 1495 3000 et
1564 2934 1879 3019 suffragia
1948 2935 2040 3016 (in
2109 2936 2410 3001 creandis
2466 2937 2817 3019 magistra·

499 3048 697 3126 tibus,
757 3066 921 3129 quos
969 3051 1037 3109 et
1081 3064 1160 3108 ex
1205 3051 1356 3109 utro
1407 3043 1636 3108 ordine
1686 3041 1978 3125 vellent),
2037 3065 2077 3109 a
2122 3044 2361 3127 quibus
2409 3044 2814 3109 coloniarum

501 3155 808 3220 deductio
876 3152 1170 3235 separari
1239 3173 1368 3216 non
1437 3156 1720 3235 poterat.
1842 3150 2263 3216 Manifestum
2332 3159 2458 3232 est,
2530 3153 2813 3236 primum

325 3282 469 3352 (110)
506 3265 803 3329 universe
868 3259 1198 3325 libertatis
1265 3259 1647 3352 memoriam
1691 3280 1810 3342 per
1856 3260 2062 3324 otium
2108 3265 2561 3325 renascentem
2606 3261 2813 3326 nomi-

498 3370 786 3437 nandam
850 3366 1081 3448 fuisse,
1154 3366 1390 3432 deinde
1457 3386 1538 3432 ea
1601 3387 1822 3430 rerum
1889 3386 2133 3448 genera
2200 3373 2266 3432 et
2331 3367 2547 3450 legum
2616 3388 2812 3450 argu·

500 3484 751 3555 menta,
816 3476 886 3539 in
954 3474 1194 3555 quibus
1260 3474 1675 3557 postulandis
1734 3480 1803 3539 et
1858 3474 2252 3540 adjuvandis
2309 3474 2424 3539 illa
2475 3474 2812 3540 libertatis

497 3583 815 3649 memoria
859 3587 1228 3664 appareret.
1343 3580 1578 3664 Itaque
1628 3582 1850 3647 Livius
1910 3584 2206 3666 scripsit:
2276 3603 2369 3646 ne
2416 3582 2624 3648 domi
2669 3603 2810 3666 per

497 3692 750 3758 otium
818 3709 1109 3752 memor
1165 3688 1597 3754 libertatis
1655 3690 2175 3756 coloniarum
2233 3694 2375 3753 aut
2434 3690 2607 3772 agri
2661 3711 2808 3773 pu-

493 3799 698 3865 blici
763 3799 903 3861 aut
959 3795 1344 3878 suffragii
1388 3798 1431 3861 l.
1479 3795 1521 3860 f.
1570 3796 1936 3863 consilia
1981 3797 2262 3879 agitet.
2375 3796 2577 3862 Recte
2632 3796 2809 3862 libro

492 3907 603 3986 VI,
642 3909 744 3986 27,
784 3908 821 3968 7
859 3923 1064 3986 genus
1100 3904 1383 3985 ponitur,
1435 3905 1690 3969 omissis
1728 3904 2030 3987 singulis:
2084 3925 2223 3987 per
2270 3904 2526 3968 otium
2559 3903 2676 3969 lib
2693 3924 2807 3968 er-

491 4015 694 4080 tatis
751 4010 1234 4076 meminisse.
1342 4009 1558 4087 Quum
1614 4013 1855 4096 aliquis
1918 4019 2059 4076 aut
2112 4047 2198 4057 —
2244 4018 2381 4075 aut
2438 4010 2808 4095 particulas

494 4191 584 4197 ————
657 4192 704 4196 ἡι--ι
769 4191 951 4199 ⁴*—

549 4285 594 4353 l)
635 4284 729 4355 [M.
751 4285 1078 4355 Seyffertus:
1117 4289 1364 4356 occisa,
1401 4287 1455 4341 11
1482 4304 1620 4341 cum
1661 4292 1766 4342 cet
1822 4286 2057 4355 Eorum,
2093 4305 2219 4356 quae
2255 4304 2385 4342 cum
2419 4286 2673 4357 periculo
2707 4303 2803 4341 re-

627 4371 971 4439 tinerentur,
1033 4377 1219 4427 certus
1279 4389 1546 4427 numerus
1597 4390 1784 4440 neque
1835 4372 1974 4442 poni
2026 4376 2252 4440 poterat
2303 4389 2489 4441 neque
2542 4389 2713 4441 supra
2770 4389 2808 4425 a

627 4455 790 4510 Livio
828 4455 1179 4526 significatus
1217 4455 1340 4525 est]
