3230 5282
1476 636 1597 696 515
2306 646 2429 701 Lib.
2466 646 2688 701 XXXV.

380 817 616 898 runt).
717 817 976 881 Erroris
1033 818 1291 882 initium
1351 817 1510 882 oriri
1566 819 1787 901 potuit
1832 824 1950 883 aut
1996 839 2075 884 ex
2121 820 2363 885 omisso
2406 820 2484 882 in
2530 825 2685 903 post
2719 824 2860 893 (414)

384 946 440 987 ι
489 932 603 990 aut
651 946 730 990 ex
777 925 975 989 verbo
1022 926 1272 989 rariore
1320 924 1890 1007 (accierunt).¹)

560 1033 718 1117 Cap.
765 1039 869 1111 41,
919 1037 985 1096 3:
1055 1034 1533 1112 Decrevere,
1593 1039 1680 1097 ut
1741 1033 2219 1098 consulibus
2280 1033 2367 1113 (a.
2419 1036 2562 1113 191,
2616 1032 2687 1098 Ρ.

384 1139 677 1224 Scipioni
725 1148 791 1205 et
834 1139 938 1204 Μ’.
985 1139 1225 1221 Acilio)
1274 1139 1529 1205 Italia
1585 1147 1668 1205 et
1723 1161 1873 1223 quo
1934 1148 2269 1207 senatus
2328 1141 2689 1207 censuis-

382 1257 507 1313 set
575 1247 761 1328 (iam
830 1269 1003 1313 esse
1073 1247 1372 1313 bellum
1433 1247 1818 1313 adversus
1877 1247 2362 1314 Antiochum
2421 1269 2690 1332 regem

382 1378 650 1422 omnes
712 1356 1116 1434 sciebant)
1175 1356 1620 1439 provinciae
1668 1362 1966 1422 essent.
2067 1355 2293 1438 Neque
2341 1355 2503 1422 ordo
2548 1376 2689 1421 ver-

382 1464 613 1529 borum
658 1465 725 1528 in
772 1463 1152 1547 parenthesi
1198 1471 1416 1528 rectus
1463 1470 1595 1543 est,
1663 1465 1953 1548 pondere
2010 1484 2215 1548 prave
2255 1465 2323 1529 in
2367 1465 2525 1529 iam
2571 1464 2687 1529 ad-

380 1571 674 1636 verbium
719 1571 1152 1649 incumbente,
1208 1592 1330 1635 nec
1378 1571 1738 1651 sententia3
1805 1572 2096 1637 nondum
2141 1573 2315 1637 enim
2360 1577 2505 1636 erat
2549 1571 2687 1636 bel-

381 1679 517 1743 lum
562 1700 711 1743 cum
757 1678 1113 1757 AntiochO,
1187 1679 1302 1743 sed
1357 1678 1606 1744 instare
1665 1678 1734 1743 id
1789 1679 2188 1763 apparebat,
2259 1679 2339 1744 de
2396 1701 2473 1744 eo
2519 1678 2686 1745 indi-

382 1785 586 1852 cendo
631 1786 843 1851 latum
889 1787 973 1851 ad
1018 1786 1331 1870 populum
1376 1807 1548 1865 esse,
1614 1789 1895 1871 proximi
1951 1787 2213 1852 demum
2255 1786 2411 1853 libri
2456 1808 2597 1870 cap.
2651 1792 2680 1851 1

381 1901 705 1958 narratur.
821 1893 1100 1977 Scripsit
1155 1893 1405 1959 Livius:
1475 1913 1630 1957 ea·
1700 1915 1880 1960 esse
1936 1894 2240 1960 bellum
2297 1894 2460 1961 adv
2511 1894 2683 1959 Ant.

380 2022 540 2085 reg.
589 2023 858 2068 omnes
930 2001 1322 2067 sciebant
1435 1999 1676 2067 Omnes
1747 2002 2078 2080 sciebant,
2148 2023 2293 2086 quae
2360 2002 2685 2086 ambiguis

379 2109 509 2173 illis
555 2110 804 2175 verbis·
874 2130 1025 2190 quo
1087 2130 1240 2174 sen.
1290 2111 1760 2175 censuisset
1802 2116 2142 2195 tamquam
2187 2112 2441 2176 incerta
2486 2111 2683 2192 signi-

380 2214 692 2281 ficaretur
758 2219 1123 2299 provincia,
1203 2216 1453 2282 nullam
1531 2217 1731 2282 aliam
1809 2239 1953 2284 esse
2032 2219 2158 2282 nisi
2225 2218 2471 2284 bellum
2537 2239 2684 2282 cum

382 2322 725 2389 Antiocho.
836 2324 1040 2390 Paulo
1097 2331 1250 2409 post
1306 2322 1368 2408 (ἓ
1415 2324 1482 2406 6)
1537 2326 1834 2391 notanda
1890 2327 2153 2405 saltem,
2222 2327 2275 2391 si
2326 2326 2506 2392 Livio
2565 2327 2684 2390 im-

380 2431 754 2514 putabitur,
823 2432 1177 2498 insolentia
1233 2439 1300 2497 et
1352 2434 1648 2517 pravitas
1710 2433 1970 2499 dicendi
2023 2435 2091 2497 in
2148 2432 2273 2499 hac
2320 2435 2681 2517 scriptura:

436 2703 482 2767 ¹)
519 2702 648 2772 Cap.
686 2706 778 2771 35,
825 2707 860 2759 9
906 2722 974 2759 ex
1018 2705 1079 2759 M
1124 2705 1257 2771 (etsi
1301 2721 1406 2774 pro
1443 2704 1702 2760 Nabidi
1745 2706 1922 2761 habet
1963 2724 2109 2761 nam
2159 2704 2247 2771 id)
2294 2704 2679 2760 scribendum:

513 2787 765 2842 Nabidi
802 2807 1076 2859 quoque
1115 2791 1277 2858 ipsi3
1330 2806 1461 2844 nam
1506 2808 1775 2859 quoque
1825 2795 1890 2844 et
1936 2792 2081 2859 ipse
2116 2809 2232 2845 non
2266 2798 2419 2846 recte
2456 2791 2678 2857 dicitur.

514 2871 569 2941 [ξ
611 2878 696 2927 14:
753 2873 1048 2931 Fecerat
1086 2875 1221 2929 sibi
1256 2891 1505 2928 morem
1542 2902 1613 2912 —
1649 2875 2041 2945 recipiendi
2079 2894 2146 2930 se
2185 2875 2267 2930 ad
2301 2881 2677 2944 tyrannum.

518 2957 599 3011 Se
654 2959 713 3013 in
763 2959 809 3012 B
867 2962 1103 3030 aliisque
1161 2944 1498 3025 omittitur,’
1532 2961 1592 3014 in
1647 2960 1771 3013 aliis
1833 2965 1964 3029 post
2017 2964 2378 3027 tyrannum
2434 2961 2678 3028 ponitur.

510 3043 737 3098 Dixitne
769 3046 966 3100 Livius
1002 3043 1386 3113 recipiendi
1421 3061 1525 3113 pro
1561 3044 1949 3115 recipiendi
1988 3045 2094 3098 sui
2132 3050 2229 3099 aut
2266 3061 2348 3111 se,
2395 3050 2459 3099 ut
2493 3043 2682 3099 Caesar

510 3128 571 3181 B.
612 3128 674 3183 G.
713 3129 846 3197 vn,
892 3133 984 3196 52,
1033 3146 1372 3199 quamquam
1418 3130 1499 3183 ibi
1533 3130 1642 3183 hoc
1678 3130 1740 3183 in
1775 3146 1835 3183 re
1871 3129 2104 3183 militari
2140 3129 2210 3185 de
2246 3131 2427 3198 copiis
2467 3130 2681 3185 dictum

507 3216 740 3283 propius
778 3216 997 3269 accedit
1031 3215 1103 3269 ad
1138 3216 1427 3268 notionem
1465 3215 1830 3271 substantivi.
1889 3214 2040 3282 quod
2076 3221 2161 3269 est
2192 3219 2554 3283 receptus,
2610 3214 2680 3268 de

513 3315 623 3365 quo
662 3315 864 3366 genere
902 3300 1019 3354 dixi
1055 3305 1184 3369 post
1220 3299 1361 3353 alios
1400 3298 1471 3352 ad
1509 3297 1619 3352 Cic.
1659 3298 1781 3352 Fin.
1821 3317 1873 3368 p.
1917 3298 2052 3353 129?
2108 3298 2325 3353 Eodem
2361 3298 2474 3353 fere
2510 3298 2679 3353 modo

513 3382 708 3437 Livius
744 3384 959 3452 XXXI,
1009 3388 1101 3451 21,
1144 3387 1178 3439 6
1215 3383 1378 3438 dixit:
1435 3385 1544 3438 vix
1590 3384 1882 3453 spatium
1919 3383 2317 3438 instruendi
2353 3383 2517 3450 fuit,
2569 3384 2679 3438 hoc

508 3473 610 3533 est,
660 3486 718 3521 se
766 3469 1103 3537 instruendi,
1144 3468 1460 3538 Ciceroque
1486 3487 1591 3538 pro
1629 3469 1744 3523 Mil.
1786 3468 1818 3537 ἓ
1861 3473 1945 3522 11:
1983 3474 2412 3538 potestatem
2450 3468 2675 3523 defen·

507 3551 716 3607 dendi
746 3560 804 3607 et
832 3555 905 3609 ad
936 3556 1054 3609 Att.
1084 3554 1218 3621 VII,
1248 3557 1332 3621 20,
1360 3557 1416 3607 2:
1470 3553 1838 3623 turpitudo
1877 3554 2351 3624 coniungendi
2388 3572 2531 3608 cum
2567 3560 2675 3622 ty·

505 3654 728 3692 ranno
766 3645 825 3693 et
859 3639 1115 3694 Tibullus
1149 3639 1249 3706 IV,
1293 3641 1343 3705 6,
1391 3641 1447 3692 5:
1507 3638 1814 3693 ornandi
1858 3656 2116 3694 causas.
2208 3638 2477 3693 Similiter
2513 3655 2674 3693 accu-

506 3723 685 3776 sativo
717 3740 849 3778 casu
880 3741 1013 3779 usus
1042 3728 1128 3778 est
1146 3723 1334 3778 Caesar
1350 3723 1413 3777 B.
1437 3722 1492 3776 C.
1513 3722 1615 3789 III,
1643 3726 1735 3777 46:
1775 3723 1855 3777 ad
1891 3724 2399 3794 recipiendum,
2426 3724 2535 3779 hoc
2573 3729 2678 3791 est,

503 3805 575 3860 ad
613 3823 672 3860 se
708 3808 1076 3877 recipiendos,
1124 3814 1181 3862 et
1215 3809 1406 3862 Livius
1441 3808 1538 3874 lx,
1585 3810 1670 3875 37,
1708 3810 1740 3862 3
1777 3815 1835 3862 et
1869 3808 2133 3875 XXVIII,
2169 3811 2254 3876 22,
2295 3812 2382 3863 13;
2439 3808 2523 3863 ad
2565 3809 2673 3863 in-

504 3892 941 3959 struendum,
992 3892 1183 3947 durius
1231 3898 1419 3947 autem
1465 3894 1816 3948 nominativo
1862 3893 2157 3963 gerundivi
2201 3893 2391 3948 Caesar
2426 3893 2488 3946 B.
2529 3891 2588 3947 G.
2627 3891 2676 3960 Ι,

501 3979 590 4030 48:
648 3978 876 4045 siquo
914 3984 1062 4032 erat
1094 4006 1166 4015 —
1197 3978 1690 4047 prodeundum
1728 3985 1846 4033 aut
1880 4006 1949 4019 —
1983 3979 2493 4048 recipiendum,
2542 3978 2671 4032 sub·

502 4060 618 4114 lato
657 4063 717 4114 in
753 4062 1064 4131 gerundivo
1103 4062 1425 4118 discrimine
1462 4064 1620 4117 verbi
1657 4064 2016 4131 intransitivi,
2057 4063 2209 4132 quod
2246 4069 2332 4117 est
2366 4064 2673 4132 prodire,

501 4151 558 4199 et
610 4145 857 4199 reflexivi
913 4164 979 4201 se
1031 4149 1374 4218 recipere,
1439 4148 1592 4217 quod
1654 4167 1726 4203 ne
1791 4149 2156 4218 permittebat
2222 4147 2447 4217 quidem
2508 4147 2675 4202 huius

501 4230 686 4284 aetatis
731 4249 899 4298 usus,
951 4238 1016 4286 ut
1058 4232 1410 4288 nominativo
1455 4233 1756 4301 gerundivi
1802 4234 2258 4304 impersonaliter
2292 4233 2466 4303 positi
2503 4250 2668 4287 accu-

500 4315 739 4368 sativum
778 4332 848 4369 se
883 4316 1143 4384 adderet,
1191 4323 1249 4371 et
1285 4317 1480 4372 Cicero
1519 4318 1590 4372 ad
1625 4320 1744 4373 Att.
1784 4319 1891 4385 IX,
1936 4323 1995 4386 ¹7,
2042 4322 2098 4372 ⁷:
2153 4324 2228 4372 ut
2260 4319 2398 4373 tibi
2436 4318 2670 4372 ambu-

499 4401 806 4465 landum,
852 4402 1316 4471 unguendum,
1364 4404 1462 4455 sic
1497 4404 1666 4457 mihi
1703 4403 2202 4469 dormiendum,
2250 4409 2307 4457 et
2342 4403 2534 4457 Livius
2570 4400 2669 4468 VI,

496 4487 579 4550 35,
618 4487 672 4537 2:
714 4487 1211 4554 accingendum
1250 4487 1331 4539 ad
1370 4504 1508 4540 eam
1546 4489 2063 4556 cogitationem
2100 4505 2265 4542 esse.
2344 4487 2514 4556 1863]

167 4764 1142 5164 s*
1399 5014 1921 5252 s...
