3230 5282
1750 615 1875 677 252

659 803 1148 886 separationem
1205 821 1563 885 paremque
1622 821 1770 864 cum
1826 821 1902 865 eo
1958 799 2350 884 dignitatem
2405 798 2724 882 singulari
2774 799 2957 864 testi-

656 911 880 976 monio
936 907 1327 975 confirmant
1378 908 1542 975 folia
1584 907 2014 994 palimpsesta
2055 908 2519 987 Taurinensia,
2577 929 2720 991 quae
2761 929 2958 993 quum

659 1019 747 1084 ad
790 1019 1045 1083 Livium
1088 1019 1418 1102 pertinere
1464 1024 1619 1082 ante
1665 1039 1798 1083 non
1841 1016 2085 1083 multos
2131 1038 2338 1083 annos
2382 1016 2451 1082 C.
2489 1018 2563 1082 B.
2601 1016 2682 1082 de
2726 1017 2956 1082 Vesme

657 1127 1047 1207 iudicasset,
1115 1146 1225 1206 ea,
1295 1147 1440 1208 quae
1504 1128 1574 1191 in
1641 1147 1756 1191 sex
1811 1148 1893 1191 ex
1947 1132 2201 1211 septem
2257 1125 2589 1207 (octavum
2648 1125 2777 1189 iam
2831 1146 2959 1190 non

660 1235 1024 1320 comparet)
1078 1234 1210 1318 legi
1266 1242 1608 1319 poterant,
1666 1236 2023 1319 perexigua
2076 1233 2360 1300 frustula
2412 1233 2566 1298 libri
2614 1233 2857 1298 XXVII
2898 1241 2962 1298 et

658 1343 879 1408 XXIX
924 1344 1097 1408 eruit
1141 1349 1210 1408 et
1253 1343 1463 1408 edidit
1507 1343 1630 1427 Gu.
1678 1342 2089 1409 Studemund
2134 1342 2350 1425 (Anal.
2396 1342 2530 1407 Liv.
2578 1364 2639 1426 p.
2689 1346 2729 1405 6
2775 1342 2958 1425 sqq).

658 1452 828 1517 Nam
894 1459 1336 1537 praeterquam
1402 1452 1580 1536 quod
1635 1453 1893 1516 minora
1949 1451 2277 1536 quaedam‚
2345 1471 2488 1533 quae
2530 1450 2887 1515 Rhenanus
2928 1471 2961 1515 e

661 1560 830 1645 Spir.
876 1563 944 1626 in
1002 1561 1233 1625 ordine
1278 1560 1625 1625 verborum
1669 1566 1977 1639 novarat,
2043 1581 2084 1624 a
2127 1560 2179 1624 P
2225 1559 2666 1637 discedentia,
2736 1559 2963 1624 eodem

661 1669 890 1735 ordine
936 1671 1005 1734 in
1049 1670 1101 1735 T
1149 1668 1270 1750 (sic
1315 1670 1486 1734 enim
1531 1667 1968 1753 appellemus)
2016 1668 2396 1734 scribuntur
2441 1666 2733 1749 (XXVII,
2788 1671 2883 1745 13,
2928 1670 2964 1730 9

662 1778 986 1862 pedites
1031 1779 1382 1859 equites,
1444 1782 1523 1841 10
1568 1779 1861 1842 armati
1908 1778 2379 1861 ornatique,
2435 1797 2488 1840 c.
2539 1780 2637 1855 34,
2700 1779 2736 1839 3
2783 1775 2965 1840 mul-

661 1887 773 1951 tis
819 1892 1006 1951 ante
1052 1886 1344 1969 annis),
1401 1893 1470 1952 et
1514 1893 1949 1971 praeterquam
1999 1886 2175 1971 quod
2220 1885 2484 1965 XXVII,
2549 1888 2646 1963 13,
2704 1888 2742 1948 9
2789 1906 2869 1949 ne
2912 1884 2963 1948 is

642 1995 928 2078 quidem
973 1994 1257 2060 alterum
1300 1996 1555 2059 iussit
1598 1994 1833 2075 habet,
1892 1997 1960 2059 in
2007 2016 2060 2060 c.
2111 1999 2220 2074 34,
2283 1998 2390 2072 13,
2444 1993 2558 2058 ubi
2602 1994 2671 2056 in
2716 1993 2769 2057 P
2814 1993 2963 2057 scri·

660 2102 859 2182 bitur,
892 2103 1161 2168 vocibus
1195 2103 1449 2185 aliquot
1482 2105 1752 2184 omissis,
1787 2126 1932 2189 pro
1979 2104 2301 2168 noxium
2350 2102 2963 2185 comperissent,

661 2210 713 2274 T
769 2233 1038 2295 prorsus
1098 2212 1326 2277 eadem
1382 2212 1663 2297 praebet,
1733 2233 1877 2294 quae
1923 2211 2276 2276 Rhenanus
2334 2232 2414 2275 ex
2469 2209 2512 2275 S
2560 2210 2954 2294 protulerat:

664 2341 805 2404 pro
876 2320 1080 2384 malo
1152 2341 1240 2384 ac
1307 2321 1546 2385 noxio
1602 2320 2171 2400 damnassent,
2254 2320 2320 2384 si
2377 2320 2701 2384 noxium
2760 2338 2963 2382 com·

666 2427 1171 2511 perissent.¹)
1283 2426 1872 2494 Commemoranda
1927 2428 2207 2513 denique
2266 2433 2370 2492 est
2424 2427 2695 2511 propria
2752 2434 2820 2492 et
2877 2426 2967 2489 in·

665 2534 866 2618 signis
923 2535 1164 2600 codicis
1211 2535 1254 2601 S
1301 2559 1433 2602 non
1492 2537 1639 2602 dico
1697 2537 2083 2623 praestautia
2128 2535 2367 2620 (neque
2425 2535 2598 2601 enim
2643 2535 2727 2599 ad
2772 2534 2967 2600 fidem

798 2706 929 2772 eis,
984 2705 1021 2759 S
1072 2706 1200 2760 alii
1246 2706 1515 2774 *aliis),
1574 2710 1638 2762 19
1679 2709 2005 2777 (praeberi
2059 2708 2277 2775 iussa,
2332 2708 2369 2762 S
2406 2707 2717 2776 praebere
2753 2706 2963 2771 iussa,

798 2809 987 2845 errore
1025 2809 1094 2846 ex
1127 2795 1620 2862 praeberiussa
1656 2801 1799 2862 orto,
1838 2795 1946 2848 vid.
1986 2812 2039 2863 p.
2079 2794 2188 2860 57),
2238 2810 2283 2846 c.
2320 2796 2406 2858 40,
2443 2795 2476 2845 6
2512 2791 2967 2863 (opinionem,

798 2877 835 2932 S
869 2877 1400 2946 opinationem),
1430 2878 1663 2947 7(dum
1697 2898 1814 2948 me,
1850 2881 1960 2935 hoc
1987 2884 2091 2946 est,
2129 2879 2286 2932 dum
2320 2896 2399 2932 ne
2436 2883 2532 2932 aut
2561 2878 2719 2931 dum
2743 2894 2846 2932 me
2876 2894 2969 2942 ne,

798 2962 835 3016 S
884 2963 1034 3017 dum
1088 2981 1186 3017 me
1233 2965 1422 3031 non),
1476 2967 1509 3019 9
1558 2965 1884 3033 (liberet,
1942 2965 1979 3020 S
2036 2964 2358 3030 liberat),
2419 2967 2474 3017 11
2529 2964 2879 3030 (aliorum,
2932 2959 2966 3014 S

797 3048 1234 3118 aliquorum),
1278 3054 1339 3104 12
1376 3052 1875 3119 (aemulatione,
1910 3051 1972 3104 id
2008 3056 2094 3106 est
2131 3050 2660 3113 aemulationem,
2698 3047 2735 3101 S
2773 3064 2963 3102 aemu·

797 3136 1104 3190 lationes
1160 3154 1190 3190 e
1243 3137 1651 3204 correctione),
1722 3139 1784 3191 13
1838 3137 1924 3191 bis
1979 3136 2135 3203 (iam
2187 3135 2518 3202 vivendO,
2573 3136 2612 3189 S
2664 3133 2970 3188 videndo

797 3222 960 3289 iam,
1009 3228 1129 3275 tum
1165 3230 1388 3290 parta,
1436 3222 1473 3276 S
1509 3228 1789 3292 parata,
1839 3223 1938 3276 sed
1972 3225 2059 3289 41,
2108 3225 2142 3276 6
2180 3221 2217 3276 S
2256 3227 2411 3275 recte
2446 3226 2742 3290 partam,
2792 3220 2836 3274 P
2873 3236 2970 3289 pa·

799 3307 1061 3373 ratam),
1113 3310 1178 3360 14
1214 3307 1380 3376 (eg0,
1426 3307 1463 3361 S
1499 3308 1707 3377 ergo),
1759 3326 1804 3361 c.
1841 3312 1927 3375 41,
1981 3312 2004 3361 1
2044 3308 2130 3362 bis
2167 3308 2591 3377 (ignoscere.
2631 3305 2667 3360 S
2705 3322 2966 3376 cogno·

800 3408 1024 3457 scere,
1080 3396 1200 3445 tum
1246 3410 1391 3447 rem
1436 3394 1816 3463 publicam,
1872 3394 1909 3448 S
1959 3410 2029 3447 re
2076 3391 2639 3461 imperatorum),
2694 3394 2726 3446 3
2762 3392 2882 3458 (si,
2934 3391 2969 3445 S

798 3477 983 3543 nisi),
1019 3478 1053 3530 8
1089 3476 1520 3547 (accingeris,
1559 3480 1596 3534 S
1632 3480 1776 3534 haec
1812 3478 2125 3548 ingeris).
2171 3479 2435 3533 Dubitari
2471 3481 2665 3547 potest
2700 3476 2769 3530 de
2809 3495 2858 3533 c.
2891 3479 2969 3542 39,

804 3565 867 3615 19
911 3561 980 3627 (Ρ
1024 3564 1328 3617 muneris
1383 3562 1529 3617 dari
1571 3582 1655 3620 ne
1699 3566 1926 3619 minus
1973 3565 2180 3631 dena,
2247 3563 2284 3617 S
2328 3563 2638 3618 muneris
2688 3579 2860 3632 ergo
2908 3564 2972 3616 in

801 3648 1130 3716 singulos
1178 3648 1334 3702 dari
1383 3649 1598 3718 dece),
1648 3668 1695 3704 c.
1733 3653 1826 3717 40,
1873 3653 1907 3703 2
1952 3650 2020 3717 (P
2055 3666 2285 3718 neque
2332 3649 2548 3704 aliter
2593 3649 2661 3702 id
2706 3648 2894 3714 fieri,
2937 3646 2971 3700 S

798 3750 1024 3801 neque
1060 3733 1131 3786 id
1169 3734 1389 3788 aliter
1423 3734 1681 3803 finiri),
1732 3755 1777 3790 c.
1816 3739 1900 3802 40,
1954 3738 2016 3789 10
2051 3734 2115 3802 (S
2156 3734 2237 3788 ad
2270 3752 2441 3804 pop,
2489 3734 2533 3786 P
2570 3734 2745 3803 apud
2780 3733 2971 3804 pop.).

800 3817 1105 3872 Manifesta
1166 3820 1371 3873 menda
1434 3826 1678 3890 uterque
1730 3821 1905 3875 habet
1956 3839 2003 3876 e.
2058 3823 2151 3888 40,
2226 3823 2290 3874 10
2342 3821 2819 3888 (inspectante
2874 3835 2969 3885 pro

799 3903 1212 3972 insectanti)
1260 3911 1317 3959 et
1358 3909 1452 3972 41,
1503 3908 1568 3960 10
1613 3906 1851 3972 (nobis
1896 3923 2002 3975 pro
2040 3906 2278 3971 novis).
2350 3905 2421 3959 In
2458 3905 2581 3960 libr.
2618 3904 2854 3972 XXVII,
2891 3906 2971 3968 33,

803 3991 867 4042 10
902 3994 958 4042 et
992 3991 1076 4057 34,
1112 3992 1146 4044 8
1182 4008 1297 4044 non
1331 3991 1668 4046 nominatim
1704 3993 1913 4046 citatur
1940 3990 2085 4060 Spir.
2113 3991 2175 4045 in
2202 4008 2381 4045 anno
2413 3998 2470 4044 et
2500 3992 2815 4060 praebuit,
2853 4006 2973 4060 quae

800 4074 972 4128 verba
1019 4075 1079 4129 in
1113 4075 1156 4128 P
1194 4076 1550 4143 exciderunt3
1597 4077 1697 4131 sed
1734 4081 1931 4131 tenent
1965 4082 2267 4145 utrumque
2303 4077 2546 4143 codices,
2592 4078 2688 4145 qui
2725 4075 2972 4146 Spirensi

799 4159 1057 4227 proxime
1094 4160 1401 4216 adhaerent.
1475 4161 1806 4227 (Confirmat
1841 4169 2142 4231 utrumque
2180 4161 2378 4228 Taur.)

720 4243 767 4310 ¹)
805 4244 890 4299 De
925 4243 1077 4299 foliis
1112 4246 1200 4300 his
1236 4247 1619 4317 palimpsestis
1660 4253 1883 4302 tantum
1921 4248 2151 4302 addam:
2199 4246 2328 4302 Una
2363 4251 2451 4300 est
2486 4247 2758 4301 notabilis
2796 4247 2967 4315 scrip·

799 4335 932 4384 tura
980 4331 1049 4385 ab
1097 4333 1356 4386 omnibus
1394 4334 1596 4387 ceteris
1634 4333 1922 4388 codicibus
1959 4333 2254 4387 discedens
2288 4332 2534 4400 XXVII,
2595 4336 2681 4400 13,
2735 4336 2770 4386 7
2807 4331 2966 4385 ade·

801 4417 1050 4484 misset
1083 4434 1186 4485 pro
1226 4417 1674 4484 abstulisset,
1722 4435 1867 4471 unus
1902 4420 2167 4487 proprius
2204 4436 2363 4472 error
2401 4435 2447 4471 c.
2485 4421 2567 4485 34,
2609 4420 2671 4471 12
2706 4419 2766 4472 in
2804 4419 2967 4471 omit-

800 4501 993 4569 tendo,
1025 4501 1072 4555 si
1115 4503 1284 4571 spatii
1306 4502 1517 4556 indicio
1562 4504 1857 4572 credimus,
1888 4504 2061 4558 verbo
2092 4503 2371 4571 offerre,
2412 4503 2522 4558 duo
2545 4503 2615 4557 ad
2635 4521 2776 4571 eam,
2806 4519 2971 4572 quam
