3230 5282
1522 616 1645 676 389
2375 630 2499 684 Lib.
2537 630 2736 686 XXVI.

429 806 742 886 dendum,
804 827 885 871 ne
931 805 1340 888 transposita
1382 800 1583 866 verba
1629 802 1761 866 sint
1807 800 2092 882 olimque
2139 802 2456 885 scriptum
2500 802 2733 868 fuerit:

427 914 692 980 Italiae
736 915 1068 979 maioris
1114 912 1403 998 partis,
1454 908 1776 987 Siciliae,
1825 907 2237 975 Sardiniae.
2334 910 2544 993 1863]

598 1021 756 1106 Cap.
804 1026 905 1101 44,
954 1025 1011 1084 2.
1092 1020 1272 1085 Inter
1318 1018 1450 1083 duo
1498 1017 1853 1100 praesentia
1896 1017 1962 1081 in
2009 1018 2246 1100 oequali
2294 1020 2735 1086 membrorum

427 1131 863 1215 descriptione
921 1128 1264 1213 opponit
1320 1132 1387 1190 et
1442 1125 1787 1208 imponit
1842 1126 2041 1189 etiam
2088 1126 2384 1192 insidit
2425 1130 2735 1212 praesenti

425 1247 742 1323 tempore,
789 1260 918 1303 non
963 1235 1267 1301 insedit
1312 1234 1563 1298 Livium
1601 1233 1944 1316 scripsisse
1972 1241 2271 1317 apparet.
2358 1234 2563 1312 Quam
2604 1238 2734 1302 fre-

425 1354 703 1430 quenter
737 1347 836 1411 hae
869 1347 1094 1411 formae
1118 1347 1590 1428 permutentur,
1627 1362 1799 1424 saepe
1826 1342 1978 1406 dixi.
2009 1342 2255 1424 (1863.)
2316 1342 2473 1427 Cap.
2502 1350 2603 1422 46,
2637 1352 2755 1427 10„

424 1455 537 1521 ubi
583 1455 833 1520 editur:
881 1474 1028 1518 nec
1072 1450 1220 1517 ulli
1266 1449 1677 1534 puberum,
1726 1451 1859 1531 qui
1905 1449 2185 1515 obvius
2230 1449 2405 1531 fuit,
2452 1474 2734 1535 parce-

422 1563 700 1642 batur,
768 1564 909 1627 iure
968 1559 1352 1643 Siesbyeum
1419 1559 1487 1621 in
1554 1557 2030 1639 significatione
2090 1560 2184 1623 rei
2242 1561 2482 1644 saepius
2537 1561 2732 1626 sactae

423 1670 697 1738 offendit
753 1671 916 1735 fuit
971 1674 1125 1734 ante
1181 1665 1640 1751 imperfectum
1697 1666 2203 1750 parcebatur
2248 1669 2586 1752 visumque
2633 1653 2735 1736 est

425 1779 955 1846 substituendum
1000 1777 1032 1840 f
1043 1777 1167 1841 uis
1187 1780 1326 1840 set.
1421 1771 1669 1855 (1863.)

594 1886 753 1971 Cap.
822 1891 902 1951 47
922 1936 936 1964 ,
1018 1889 1055 1949 '7
1136 1882 1244 1963 (de
1313 1881 1537 1966 praeda
1604 1880 2022 1963 Carthaginis
2090 1882 2346 1964 Novae):
2429 1894 2730 1967 paterae

420 2016 679 2061 aureae
716 1989 1521 2068 fueruntCCLXXVI,
1558 1989 1818 2054 libras
1854 1989 2102 2054 ferme
2139 2012 2403 2057 omnes
2442 1995 2727 2076 pondo.

423 2102 528 2168 Sic
578 2102 765 2167 codd.
802 2101 997 2179 mell.‚
1048 2107 1116 2165 et
1162 2100 1256 2163 sic
1305 2098 1525 2162 editur
1562 2097 1714 2162 inde
1763 2119 1804 2163 a
1842 2098 2188 2178 Gronovio,
2238 2106 2429 2164 tanta
2464 2102 2728 2185 quidem

421 2232 568 2276 cum
611 2211 879 2288 fiducia,
935 2216 1009 2274 ut
1052 2206 1136 2273 ad
1183 2205 1447 2284 XXVII,
1502 2211 1560 2284 4,
1620 2211 1677 2284 9,
1733 2206 1851 2271 ubi
1895 2206 2135 2288 legitur
2180 2216 2419 2275 terna
2464 2212 2728 2292 pondo

416 2325 720 2404 paterae
768 2338 1061 2395 aureae,
1120 2314 1405 2380 adscribi
1451 2315 1743 2394 videam,
1801 2315 2108 2380 usitatius
2153 2314 2446 2382 futurum
2494 2317 2728 2384 fuisse:

419 2434 700 2493 ternas
733 2426 997 2491 libras
1037 2422 1297 2507 pondo
1339 2429 1471 2502 aut,
1518 2422 1780 2521 libras
1820 2425 2079 2502 omisso,
2128 2432 2409 2491 ternas
2448 2428 2730 2510 pondo,

418 2535 743 2617 Equidem
785 2553 1120 2617 nunquam
1165 2529 1547 2614 intellegere
1593 2532 1812 2614 potui,
1881 2533 2026 2613 quis
2084 2542 2258 2598 esset
2313 2534 2419 2599 hic
2464 2557 2731 2602 accusa-

417 2645 535 2709 tivi
580 2644 801 2728 (quem
846 2661 1169 2707 mensurae
1215 2638 1571 2704 Muellerus
1621 2639 1705 2704 ad
1751 2639 1923 2705 Fest.
1971 2664 2033 2724 p.
2083 2646 2163 2705 98
2211 2645 2529 2728 appellat)
2576 2668 2730 2712 usus

412 2759 530 2817 aut
585 2771 785 2834 quam
838 2749 1115 2815 haberet
1170 2747 1558 2831 analogiam.
1673 2747 1842 2812 Nam
1900 2770 2045 2829 quae
2101 2749 2291 2815 video
2339 2756 2729 2837 comparari,

413 2860 493 2924 id
551 2881 830 2940 genua,
897 2857 977 2922 id
1031 2858 1339 2935 aetatis,
1408 2878 1487 2920 ea
1544 2855 1646 2921 vel
1693 2855 1989 2921 additum
2038 2879 2394 2939 pronomen
2442 2870 2729 2943 separat,

412 2968 623 3049 magis
671 2973 892 3031 autem
940 2964 1335 3029 substantivi
1381 2965 1600 3043 notio;
1662 2963 1872 3028 simile
1920 2965 2094 3029 enim
2140 2971 2339 3043 esset,
2381 2969 2434 3031 si
2482 2969 2729 3033 dicere-

412 3080 522 3137 tur
566 3079 859 3155 patera
902 3071 980 3136 id
1027 3072 1317 3155 pond03
1377 3092 1549 3135 nunc
1604 3078 1903 3154 patera
1957 3072 2255 3137 libram
2316 3075 2577 3157 pondo
2635 3079 2731 3142 sic

417 3178 660 3244 dicitur
726 3200 804 3243 ac
861 3181 918 3244 si
975 3179 1184 3244 dicas:
1255 3180 1484 3244 homo
1555 3200 1844 3243 annum
1912 3185 2188 3259 aetate,
2260 3183 2435 3264 quod
2505 3201 2729 3250 omnes

417 3287 709 3351 sentiunt
753 3286 1105 3351 ridiculum
1151 3308 1313 3353 esse.
1408 3287 1722 3353 Gronovii
1764 3293 1990 3352 'autem
2039 3288 2562 3373 explicationem,
2616 3295 2730 3376 qui

302 3397 311 3406 '
411 3394 711 3460 adhibita
769 3394 1016 3479 ellipsi,
1069 3396 1247 3460 ultra
1316 3417 1516 3479 quam
1572 3395 1704 3461 dici
1759 3403 2012 3479 potest,
2082 3397 2367 3463 mirabili
2427 3410 2726 3467 enarrat:

411 3509 715 3587 paterae
778 3496 1546 3588 habentes'pondus
1603 3504 1869 3569 libras
1927 3506 2219 3587 pondo,
2281 3509 2726 3575 condonemus

410 3612 612 3690 aetati,
657 3633 792 3695 qua
837 3613 933 3675 vir
978 3612 1280 3694 egregius
1326 3613 1503 3679 vixit.
1592 3612 1915 3695 Exempla
1959 3613 2043 3678 ad
2090 3615 2263 3678 hanc
2306 3616 2727 3683 insolentiam

405 3704 719 3802 loquendi
792 3718 1303 3785 'confirmandam
1371 3728 1611 3803 praeter
1677 3720 1800 3785 hoc
1866 3743 2065 3785 unum
2136 3722 2300 3787 Livii
2370 3724 2500 3790 duo
2572 3748 2723 3810 pro-

406 3824 736 3905 feruntur,
804 3827 1121 3891 varronis
1176 3828 1243 3891 in
1299 3827 1468 3893 libro
1514 3828 1569 3891 v
1618 3829 1698 3893 de
1757 3829 1827 3894 L.
1875 3807 1946 3893 15.
1996 3830 2028 3912 g
2093 3834 2212 3894 182
2270 3831 2361 3915 (p.
2409 3838 2491 3899 50
2536 3834 2708 3918 Bip.)
2748 3842 2894 3914 (318)

410 3939 478 3997 et
522 3933 702 3997 Festi
750 3932 994 4014 (Pauli)
1043 3957 1097 3998 v,
1148 3936 1403 4000 Grave
1449 3957 1585 4016 aes;
1647 3959 1800 4001 nam
1847 3938 2024 4021 apud
2067 3939 2320 4004 Livium
2365 3941 2484 4020 111,
2542 3949 2640 4022 29,
2689 3948 2726 4008 3

409 4040 827 4119 (coronam
867 4062 1193 4106 auream
1232 4043 1646 4121 dictatori,
1683 4044 1977 4110 libram
2015 4048 2724 4133 pond0,decrevit)

406 4147 605 4226 etIV‚
633 4155 733 4225 20,
760 4154 799 4212 4
840 4152 1248 4226 (coronam
1285 4172 1629 4230 auream,
1665 4152 1962 4217 libram
1998 4155 2724 4241 pondo‚—posuit)

401 4254 695 4320 libram
741 4263 922 4321 recte
969 4260 1384 4340 appositione
1431 4258 1814 4342 adiungitur
1857 4260 1945 4325 ad
1989 4265 2448 4344 accusativum,
2496 4289 2723 4349 quem-

399 4362 760 4428 admodum
822 4365 1065 4429 dicitur
1121 4365 1383 4444 (XLIV,
1457 4372 1566 4446 14,
1629 4372 1694 4446 2)
1765 4371 2096 4452 torquis
2166 4392 2500 4452 aureus,
2571 4374 2722 4439 duo

398 4471 669 4553 pondo
717 4480 784 4535 et
828 4472 993 4536 illud
1030 4473 1263 4554 ipsum,
1312 4475 1489 4555 quod
1530 4495 1732 4558 supra
1768 4477 1959 4559 attigi
1998 4477 2291 4558 (XXVII,
2339 4480 2437 4560 4):
2487 4488 2723 4546 terna
2758 4550 2762 4553 ,
