3230 5282
496 645 621 700 Lib.
655 643 827 699 XXV.
1590 629 1714 690 354

670 815 828 900 Cap.
876 819 946 895 6,
1006 819 1045 879 2
1092 815 1185 897 (in
1241 816 1542 879 oratione
1587 812 1874 878 militum
1921 810 2362 877 Cannensium
2410 812 2586 897 apud
2631 812 2814 877 Mar-

499 925 792 1006 cellum):
866 921 1290 989 Consulem
1334 929 1433 1001 te,
1489 921 1576 987 M.
1625 920 2033 1000 Marcelle,
2087 922 2168 986 in
2216 920 2550 987 Italiam
2596 920 2814 987 adis-

499 1055 792 1112 semus,
850 1053 1082 1116 quum
1141 1030 1479 1114 primum
1540 1029 1635 1094 de
1694 1028 1937 1095 nobis
1979 1064 2068 1077 -·
2110 1030 2358 1096 triste
2407 1030 2470 1096 S.
2521 1029 2590 1095 C.
2637 1029 2811 1096 fac-

495 1149 656 1207 tum
717 1147 860 1206 est.
972 1139 1057 1204 In
1114 1138 1444 1204 Italiam
1502 1137 2074 1203 Weissenbornius
2142 1159 2219 1204 eo
2289 1139 2484 1206 modo
2554 1139 2810 1205 dictum

373 1298 382 1307 .
494 1254 708 1334 putat,
755 1270 882 1331 quo
928 1247 1198 1312 dicitur:
1258 1247 1513 1337 Arpos
1558 1246 1637 1310 in
1682 1246 2064 1330 Apuliam
2107 1248 2383 1313 venire
2429 1255 2496 1314 et
2543 1248 2808 1313 similia.

492 1357 697 1441 Atqui
751 1362 921 1437 tum,
990 1376 1191 1438 quum
1235 1354 1297 1419 S.
1346 1353 1413 1419 C.
1465 1355 1546 1419 de
1593 1353 1960 1419 Cannensis
2017 1356 2345 1422 exercitus
2389 1356 2688 1439 reliquiis
2735 1357 2806 1421 in

496 1465 788 1530 Siciliam
851 1463 1193 1528 mittendis
1263 1462 1511 1528 factum
1570 1467 1674 1527 est
1731 1461 2012 1543 (XXIII,
2070 1467 2183 1544 25,
2245 1464 2342 1545 ⁰7),
2409 1464 2650 1530 milites
2705 1464 2811 1529 illi

491 1574 559 1638 in
603 1572 803 1639 Italia
861 1578 1052 1637 erant
1108 1592 1228 1635 nec
1283 1576 1598 1655 poterant
1657 1571 1734 1633 in
1781 1569 2111 1635 Italiam
2169 1572 2441 1637 venire
2500 1579 2615 1638 aut
2660 1573 2810 1638 ali·

494 1702 720 1765 quem
785 1679 1034 1745 adire.
1146 1678 1581 1744 Scribendum
1648 1680 1877 1761 itaque
1944 1678 2023 1742 in
2090 1678 2365 1746 Italia.
2481 1680 2655 1762 (Vid.
2715 1680 2808 1746 ad

497 1789 740 1869 XXIII,
791 1792 848 1869 3,
898 1787 988 1869 2.)

665 1895 821 1980 Cap.
880 1900 951 1975 8,
1019 1899 1057 1959 8
1127 1894 1222 1975 (in
1290 1894 1793 1960 condicionibus
1861 1895 2184 1979 prodendi
2250 1895 2610 1961 Hannibali
2675 1896 2808 1960 Ta·

491 2004 720 2086 renti):
810 2003 1144 2088 prodita
1231 2003 1619 2086 praesidia
1698 2001 2513 2087 Carthaginiensium
2600 2003 2797 2069 fore.

489 2112 872 2176 Praesidium
918 2109 1559 2193 Carthaginiensium
1623 2110 1796 2190 fieri,
1863 2133 2065 2195 quum
2132 2113 2375 2196 captivi
2433 2111 2808 2193 significen-

489 2227 618 2300 tur,
663 2221 977 2284 inusitate
1025 2219 1152 2283 dici
1198 2218 1557 2283 Weissenb.
1588 2220 1826 2299 sensit3
1872 2219 2287 2286 manifestius
2333 2221 2536 2285 etiam
2581 2219 2802 2285 mendi

492 2328 806 2392 indicium
866 2332 997 2406 est,
1066 2326 1244 2407 quod
1302 2326 1696 2410 praesidia
1753 2328 2092 2408 dicuntur3
2160 2349 2312 2392 nam
2369 2350 2571 2393 uuum
2634 2333 2798 2392 erat.

314 2454 458 2522 (290)
495 2437 571 2500 In
651 2436 701 2500 P
771 2440 871 2499 est
947 2434 1278 2518 prodita
1355 2434 1777 2519 praesidi03
1858 2441 2016 2518 puto
2094 2435 2351 2501 Livium
2404 2436 2805 2518 ‘scripsisset

490 2544 836 2629 praebita
890 2542 1307 2627 praesidiO,
1368 2541 1846 2624 significantem
1898 2564 2010 2608 eas
2055 2564 2190 2623 res,
2248 2564 2413 2626 quas
2458 2542 2802 2607 Tarentini

492 2654 788 2718 Romano
869 2652 1177 2736 praesidio
1249 2652 1427 2730 dare,
1508 2652 1805 2735 praebere
1874 2654 2086 2718 coacti
2165 2650 2474 2731 fuissent,
2554 2672 2806 2716 vacuas

421 2805 434 2821 .
493 2761 723 2826 domos
782 2760 862 2842 (c.
916 2765 1010 2842 10,
1061 2760 1125 2842 9)
1173 2781 1322 2824 cum
1378 2758 1803 2843 supellectili3
1872 2761 1968 2825 ita
2024 2762 2195 2824 enim
2238 2759 2549 2845 Polybius
2595 2759 2799 2841 (VIII,

494 2874 593 2950 27,
639 2871 706 2950 2)
755 2869 1131 2934 convenisse
1180 2867 1426 2947 scribit,
1472 2874 1564 2948 ut,
1610 2867 1863 2932 tradita
1907 2868 2091 2947 urbe,
2141 2867 2806 2952 Carthaginiensibus

490 2979 720 3042 liceret
775 2985 870 3048 τὰς
923 2985 1033 3039 τῶν
1084 2983 1361 3057 Ῥωμα’ων
1416 2979 1587 3046 οἶκίας
1644 2981 1734 3037 καὶ
1793 2983 2107 3048 καταλύσεις
2151 2982 2479 3059 διαρπάζειν.
2581 2975 2658 3057 (P
2671 2997 2802 3040 ΓΟ·

492 3086 666 3151 dita
720 3108 887 3150 cum
943 3084 1323 3169 praesidio
1386 3085 1599 3148 minus
1656 3082 1823 3149 bene
1882 3084 2285 3165 dicerentur3
2352 3105 2568 3168 neque
2627 3084 2802 3148 enim

489 3193 591 3259 hae
647 3216 752 3259 res
809 3192 1290 3278 prodebantur,
1361 3191 1597 3256 saltem
1666 3213 1798 3256 non
1865 3194 2074 3276 magis
2131 3213 2329 3276 quam
2385 3197 2533 3258 tota
2586 3189 2805 3273 urbs.)

492 3301 807 3386 Sequitur
852 3301 886 3385 ξ
935 3306 1014 3366 10
1059 3301 1139 3364 de
1184 3298 1562 3364 Philemeno
1621 3300 1907 3366 venandi
1966 3302 2185 3386 specie
2230 3300 2315 3366 ad
2359 3297 2802 3372 Hannibalem

490 3414 923 3474 commeante:
994 3415 1473 3491 captumque
1529 3405 1775 3472 ferme
1831 3408 2154 3492 aliquid
2216 3413 2351 3473 aut
2412 3405 2506 3470 ab
2552 3404 2796 3468 hoste

491 3538 580 3581 ex
613 3522 1075 3600 praeparato
1113 3514 1476 3579 adlatum
1511 3517 2018 3599 reportando
2058 3515 2416 3582 donabat
2450 3517 2800 3596 autprae·

489 3625 706 3690 fecto
776 3629 916 3689 aut
997 3623 1481 3689 custodibus
1551 3632 1992 3707 portarum.
2115 3623 2259 3689 Etsi
2317 3629 2451 3702 est,
2517 3619 2633 3685 ubi
2687 3640 2798 3704 ge-

487 3733 706 3796 rundii
763 3731 1089 3797 ablativus
1148 3733 1229 3797 de
1287 3731 1478 3797 modo
1536 3732 1774 3814 agendi
1829 3733 2088 3817 positus
2146 3753 2187 3796 a
2230 3730 2576 3815 praesentis
2633 3735 2802 3794 tem-

487 3841 668 3925 poris
724 3841 1057 3925 participii
1114 3839 1594 3922 significatione
1655 3861 1784 3905 non
1841 3841 1938 3904 ita
1992 3839 2272 3904 multum
2327 3839 2532 3904 distet
2587 3835 2798 3920 (quod

486 3971 692 4032 genus
736 3948 1023 4014 breviter
1067 3949 1286 4013 notavi
1335 3947 1444 4012 Gr.
1495 3948 1640 4012 Lat.
1689 3947 1721 4030 ἓ
1769 3952 1892 4012 416
1939 3954 2073 4012 not.
2128 3946 2212 4028 1),
2272 3952 2495 4012 tamen
2540 3946 2594 4010 is
2640 3965 2803 4010 usus

488 4057 572 4121 ab
619 4056 745 4122 hoc
787 4057 952 4136 1000,
1008 4057 1074 4120 in
1121 4078 1249 4138 quo
1296 4053 1706 4120 nulla'modi
1751 4055 2145 4138 significatio
2195 4060 2316 4134 est,
2376 4074 2647 4137 prorsus
2693 4058 2798 4117 est

488 4165 745 4230 alienus
804 4164 1146 4249 (semper
1200 4163 1515 4246 aliquid
1570 4162 2064 4247 reportabat
2121 4168 2201 4226 et
2258 4161 2339 4227 id
2384 4156 2796 4238 donabat).

485 4274 559 4338 In
628 4274 678 4338 P
745 4272 1088 4338 scribitur:
1168 4269 1711 4356 reportandos
1781 4269 2168 4336 donabat.
2292 4268 2542 4333 Fuerat
2608 4285 2796 4348 ergo:

484 4388 919 4467 reportans
980 4379 1362 4459 donabat3
1430 4378 1671 4445 litterae
1730 4378 1825 4443 do
1884 4380 2167 4464 primum
2224 4383 2378 4444 ante
2438 4395 2497 4456 ⁸,
2557 4371 2798 4439 deinde
