3230 5282
1428 583 1551 648 607
2334 594 2459 649 Lib.
2497 591 2653 648 XLI.

337 773 482 846 cet„
531 786 611 830 ex
655 786 782 848 quo
830 763 1143 831 efficitur:
1210 802 1296 814 —
1355 791 1587 835 manu
1633 792 1785 835 non
1829 769 2191 848 mittere,
2238 768 2318 831 in
2364 788 2521 850 quo
2567 765 2655 830 id

336 898 492 941 non
580 875 903 939 iuraret
978 873 1602 959 (manumissor),
1686 899 1857 943 eum
1921 874 2647 941 manumittendum

337 1004 494 1048 non
540 989 1052 1047 censuerunt.
1124 981 1260 1065 [Sic
1319 986 1517 1050 etiam
1549 982 2105 1068 Heerwagenius]
2180 984 2490 1050 Extremo
2538 984 2652 1048 de-

337 1092 532 1174 nique
580 1091 797 1174 capite
856 1088 918 1173 (ἓ
969 1090 1098 1173 12),
1165 1092 1279 1158 ubi
1322 1094 1391 1158 in
1437 1095 1667 1160 codice
1712 1095 1850 1159 haec
1897 1099 2077 1158 sunt:
2147 1092 2327 1158 Haec
2384 1094 2464 1157 in
2508 1116 2651 1177 po-

340 1208 651 1266 sterum
689 1219 926 1264 causa
968 1199 1337 1284 iussique
1386 1201 1654 1267 edicto
1703 1202 1771 1268 C.
1806 1201 2099 1268 Claudi
2155 1222 2362 1266 cons.
2413 1200 2653 1266 Clau·

344 1308 475 1373 dio
522 1307 860 1373 decreta
905 1301 1045 1389 est,
1083 1307 1400 1394 Grynaeus
1447 1316 1666 1376 autem
1700 1310 2049 1376 infeliciter
2095 1309 2304 1374 iuris
2341 1309 2647 1375 dictio-

342 1439 511 1482 nem
578 1416 803 1482 intulit
871 1414 1041 1498 (quae
1108 1439 1366 1503 semper
1431 1420 1834 1503 privatarum
1899 1440 2122 1484 rerum
2188 1425 2289 1482 est
2365 1425 2432 1483 et
2496 1419 2655 1483 hinc

348 1524 612 1606 aliena),
660 1524 795 1589 dixi
840 1526 972 1590 iam
1006 1532 1163 1592 ante
1196 1526 1450 1610 aliquot
1483 1549 1691 1593 annos
1730 1526 1975 1611 (1852),
2023 1525 2438 1592 scribendum
2476 1547 2653 1591 esse:

342 1633 522 1698 Haec
589 1634 669 1697 in
737 1640 1157 1716 posterum
1216 1643 1467 1718 cauta
1515 1644 1764 1716 cetera,
1811 1645 1888 1702 ut
1930 1637 1998 1700 in
2045 1635 2269 1701 codice
2316 1642 2498 1714 sunt,
2544 1656 2648 1699 re-

345 1741 708 1827 linquenda
775 1749 957 1822 sunt,
1026 1744 1367 1827 quoniam,
1415 1767 1559 1828 quae
1606 1745 2014 1824 exciderunt,
2071 1744 2374 1827 supplere
2419 1745 2658 1826 nequi-

345 1872 507 1916 mus.
598 1850 813 1933 (Fingi
879 1849 1249 1917 huiusmodi
1289 1853 1547 1937 aliquid
1613 1860 1867 1938 potest:
1933 1852 2306 1935 iussique
2375 1852 2646 1918 edicto

344 1960 411 2025 G.
460 1958 785 2025 Claudii
831 1959 1196 2026 consulis
1241 1963 1447 2026 socii
1492 1962 1572 2026 in
1632 1983 1819 2027 suas
1879 1961 2273 2026 civitates
2341 1960 2647 2041 redire;

344 2070 436 2135 de
480 2070 617 2147 iis,
665 2067 803 2152 qui
847 2088 1003 2133 non
1046 2069 1494 2150 redissent,
1543 2071 1876 2152 quaestio
1922 2113 1956 2152 2.
2015 2069 2349 2134 decreta
2407 2067 2653 2150 est.)¹)⁴

516 2174 670 2260 Cap.
722 2178 819 2254 10,
867 2181 903 2241 7
949 2175 1060 2258 (de
1101 2177 1179 2241 A.
1213 2176 1478 2259 Manlio,
1524 2178 1611 2244 M.
1658 2179 1865 2258 Iunio,
1911 2177 2267 2262 superioris
2304 2178 2457 2242 anni
2495 2198 2652 2242 con-

345 2286 621 2364 sulibus,
666 2306 709 2349 a
753 2281 822 2349 G.
859 2282 1133 2350 Claudio
1178 2305 1356 2352 cons.
1396 2287 1735 2371 provincia
1770 2285 2085 2352 decedere
2120 2286 2373 2365 iussis):
2423 2285 2650 2364 Quod

344 2417 515 2462 cum
571 2394 877 2459 illitum
937 2394 1308 2460 consulis
1363 2395 1711 2480 imperio
1757 2396 1980 2461 dicto
2026 2395 2466 2460 audientes
2525 2396 2648 2461 fu-

343 2512 574 2570 turos
612 2523 792 2593 esse
830 2501 1409 2583 dicerent‚cum
1441 2504 1657 2569 iscet.
1698 2502 1828 2569 Sed
1852 2502 2154 2588 quodin
2178 2502 2301 2568 hoc
2325 2506 2648 2570 narratio-

344 2615 443 2680 nis
481 2632 831 2699 progressu
864 2615 1016 2677 ante
1052 2631 1303 2695 quum,
1351 2612 1526 2695 quod
1574 2619 1750 2697 agat,
1796 2634 1927 2678 non
1948 2611 2183 2694 habet3
2228 2613 2453 2697 itaque
2488 2614 2647 2679 scri-

345 2723 632 2789 bendum
686 2719 973 2785 videtur:
1034 2716 1444 2804 Quumque
1499 2721 1630 2786 illi
1688 2729 1851 2787 tum
1909 2728 2032 2786 cet.
2124 2720 2260 2806 [Sic
2304 2723 2436 2786 iam
2484 2722 2647 2787 Gro-

341 2827 620 2912 novius]
642 2827 703 2910 2)
769 2826 974 2893 Paulo
1008 2834 1163 2913 post
1198 2826 1259 2911 (ἐ
1284 2827 1350 2910 8)
1384 2829 1573 2894 valde
1595 2851 1841 2910 vereor,
1876 2836 1951 2894 ut
1983 2837 2161 2895 recte
2186 2828 2473 2894 dicatur:
2515 2831 2647 2913 qui

344 2961 485 3025 pro
531 2942 937 3023 quaestore
970 2935 1249 3001 Manlii
1295 2943 1498 3017 erat,
1543 2945 1837 3023 putoque
1874 2938 2174 3003 Manlio
2207 2936 2445 3018 fuisse;
2495 2960 2647 3003 nam

345 3048 717 3132 genetivum
763 3045 918 3110 huic
959 3044 1272 3126 loquendi
1317 3044 1541 3110 formae
1589 3045 1791 3128 (esse
1846 3068 1989 3130 pro
2049 3044 2471 3128 quaestore)
2532 3047 2646 3111 ad-

344 3158 641 3244 iunctum
697 3174 821 3219 nec
877 3154 1007 3236 legi
1052 3174 1170 3217 nec
1225 3153 1529 3236 analogia
1581 3153 1752 3219 ferre
1808 3154 2080 3220 videtur.
2168 3153 2347 3220 Infra
2400 3152 2463 3237 (ἓ
2514 3154 2637 3235 12),
2674 3162 2827 3234 (499)

345 3265 461 3330 ubi
507 3265 755 3330 editur:
815 3262 994 3328 Haec
1039 3260 1365 3343 collegae
1423 3262 1966 3345 obsequenter
2022 3263 2276 3343 facta,
2337 3264 2646 3347 quoniam
2782 3258 2787 3261 ’

343 3375 412 3439 in
458 3372 680 3439 codice
727 3376 858 3437 est:
905 3371 1086 3436 Haec
1129 3391 1170 3435 a
1218 3369 1572 3453 collegae,
1619 3371 2032 3437 scribendum
2077 3373 2361 3437 videtur:
2408 3395 2447 3438 a
2482 3374 2646 3437 col-

345 3482 554 3565 lega,
616 3502 815 3563 quum
858 3480 1223 3565 praesertim
1270 3478 1600 3562 collegae
1647 3500 1912 3560 nomen,
1970 3502 2177 3565 nuper
2223 3481 2303 3546 de
2350 3481 2647 3548 Graccho

346 3592 655 3676 positum,
700 3587 1103 3654 incommode
1147 3586 1587 3652 transferatur
1633 3588 1717 3653 ad
1760 3588 1979 3672 ipsum
2025 3588 2463 3673 Claudium.³)

401 3856 451 3925 ¹)
490 3855 522 3926 ᾗ
560 3859 592 3910 9
621 3855 1000 3910 scribendum:
1036 3854 1109 3908 M.
1149 3853 1464 3923 Claudio,
1497 3854 1556 3907 T.
1596 3854 1922 3921 Quinctio
1962 3858 2369 3912 censoribus
2405 3864 2648 3923 postve

491 3960 568 3996 ea
636 3959 743 4011 pro
796 3945 1091 4009 postque
1163 3940 1275 4006 ea),
1329 3942 1615 3995 constanti
1682 3942 1849 3994 etiam
1901 3943 1959 3995 in
2013 3943 2475 4013 inscriptionibus
2529 3963 2645 3999 usu.

489 4026 686 4094 (1864.)

399 4112 454 4178 ²)
496 4110 878 4181 [correctione
913 4110 1167 4179 perfacili
1205 4109 1506 4179 Seyffertus
1541 4128 1657 4165 non
1687 4117 1982 4167 contentus
2016 4113 2181 4167 scribi
2213 4114 2417 4167 voluit:
2456 4114 2647 4181 Quod

491 4214 634 4251 cum
671 4196 785 4250 illi
828 4202 965 4250 tum
1001 4196 1316 4249 consulis
1365 4197 1653 4265 imperio
1708 4198 1896 4253 dicto
1935 4199 2293 4252 audientes
2331 4200 2646 4255 facturos

491 4301 557 4337 se
593 4282 938 4349 dicerent,
988 4281 1214 4349 oblitus,
1252 4300 1555 4351 numquam
1590 4284 1670 4337 sic
1716 4301 1818 4352 per
1854 4303 1912 4339 se
1950 4284 2060 4338 dici
2096 4284 2287 4338 dicto
2334 4286 2646 4353 audiens,

491 4372 555 4421 ut
592 4368 945 4438 appositione
983 4367 1214 4436 adiungi
1249 4368 1448 4436 possit,
1492 4368 1591 4422 sed
1628 4375 1846 4423 tantum
1885 4387 2008 4423 cum
2047 4370 2222 4421 verbo
2260 4370 2443 4437 sum]

397 4454 452 4520 ⁸)
492 4451 524 4522 ᾗ
561 4455 594 4506 2
629 4470 780 4507 esse
834 4453 1042 4508 excidit
1093 4471 1205 4506 non
1260 4459 1391 4521 post
1445 4454 1646 4521 satis,
1703 4456 1801 4507 sed
1846 4455 1995 4508 inter
2042 4456 2395 4510 exercitus
2432 4461 2489 4509 et
2526 4474 2643 4509 ex-

595 4802 1689 5160 Γ
2108 5134 2369 5167 ....,
