3230 5282
1481 587 1636 682 '743
2370 636 2491 691 Lib.
2544 637 2711 693 xm.

409 804 551 870 titae
598 804 728 870 sint
762 823 846 868 an
883 802 1136 886 aliquid
1171 791 1518 884 occultent,
1565 806 1816 887 nesci03
1864 807 1991 872 etsi
2035 808 2193 890 quid
2224 808 2431 875 latere
2476 816 2702 894 aptum
2738 829 2888 901 (619)

411 913 556 979 loco
604 913 829 996 possit,
876 933 1009 977 non
1053 912 1258 979 video:
1327 913 1402 977 In
1449 913 1482 996 ξ
1530 917 1566 979 9
1612 922 1789 980 recte
1834 915 2244 981 intellectum
2290 923 2408 997 est,
2456 941 2715 985 omnem

373 1003 822 1087 'accusatoris
869 1021 1234 1086 orationem
1280 1020 1434 1105 fingi
1481 1022 1566 1087 ad
1611 1023 1854 1089 milites
1902 1043 2308 1105 conversam3
2376 1026 2602 1109 itaque
2649 1035 2716 1093 et

412 1129 893 1194 circumiret
949 1127 1057 1208 (de
1114 1129 1536 1212 imperatore)
1595 1151 1630 1195 e
1691 1130 1915 1196 codice
1958 1133 2342 1198 restitutum
2388 1140 2492 1199 est
2536 1143 2603 1200 et
2646 1137 2715 1200 in

417 1238 655 1303 lacuna
701 1236 1076 1321 suppletum
1122 1238 1409 1303 ductus
1468 1260 1579 1317 ee,
1638 1261 1840 1323 quum
1887 1238 2202 1323 Grynaeus
2248 1241 2553 1308 duxisti
2599 1266 2715 1328 po-

417 1348 679 1412 suisset.
748 1345 990 1410 Verum
1015 1345 1208 1411 militi
1244 1345 1374 1411 dici
1411 1348 1669 1428 nequit:
1716 1348 1797 1412 in
1835 1350 2192 1414 statione
2240 1351 2603 1417 severius
2639 1359 2716 1418 et

411 1454 820 1519 intentius
866 1454 1299 1534 institisti3
1349 1454 1765 1520 scribendum
1812 1456 2151 1522 stetisti.
2219 1457 2456 1523 Restat
2499 1460 2567 1523 in
2606 1481 2716 1526 ex-

412 1567 625 1627 tremo
652 1561 868 1644 capite
908 1560 968 1644 (ξ
1000 1561 1103 1642 13)
1130 1570 1315 1628 certa
1338 1568 1405 1627 et
1427 1563 1701 1646 insignis
1736 1564 2123 1630 emendatio
2191 1565 2361 1631 Nam
2386 1566 2715 1654 Servilius,

413 1690 685 1735 causam
732 1669 909 1752 apud
954 1671 1195 1752 integri
1238 1669 1462 1736 iudicii
1500 1673 1871 1737 contionem
1906 1674 2012 1756 agi
2044 1672 2311 1757 fingenS,
2355 1674 2713 1759 Populus

417 1780 855 1859 RomanuS,
919 1778 1162 1861 inquit,
1229 1813 1313 1824 —
1378 1780 1743 1863 proximo
1825 1788 2044 1846 certe
2111 1782 2413 1848 Punico
2492 1783 2713 1851 bello

415 1887 608 1970 quid
652 1888 868 1951 inter
924 1885 1009 1951 Μ.
1057 1885 1491 1951 Minucium
1547 1889 2029 1970 magistrum
2097 1892 2459 1974 equitum
2515 1900 2593 1958 et
2639 1891 2711 1969 Q.

418 1995 748 2060 Fabium
782 1995 1269 2060 dictatorem
1302 1995 1806 2074 interfuerit,
1844 1999 2224 2064 meminit.
2294 1999 2545 2064 Deinde
2595 2000 2712 2065 ad-

415 2105 653 2186 iungit:
716 2104 998 2187 Itaque
1045 2109 1615 2168 accusatorem
1659 2104 1741 2169 id
1790 2105 2007 2170 scire
2045 2108 2416 2189 potuisse
2462 2114 2542 2173 et
2591 2130 2714 2173 su-

413 2231 1000 2296 pervacaneam
1067 2211 1617 2278 defensionem
1682 2210 1912 2278 Pauli
1967 2213 2242 2280 fuisse.
2332 2216 2545 2281 Multa
2610 2215 2715 2284 hic

417 2340 744 2404 perversa,
768 2321 1050 2403 primum
1070 2320 1137 2385 in
1165 2320 1481 2385 orationis
1509 2326 1873 2401 structura;
1906 2322 2080 2387 unde
2105 2325 2278 2389 enim
2302 2324 2547 2408 pendet
2568 2345 2713 2390 sen·

413 2430 629 2494 tentia
672 2427 932 2493 infinita
977 2429 1070 2492 sic
1113 2429 1362 2511 posita:
1427 2428 1779 2512 populus
1826 2432 2216 2512 meminit3
2273 2434 2553 2514 itaque
2598 2453 2713 2497 ac-

414 2543 876 2601 cusatorem
918 2536 997 2600 id
1044 2538 1257 2602 scire
1303 2537 1725 2620 potuisse?
1773 2536 2008 2605 deinde
2051 2541 2119 2605 in
2155 2542 2499 2607 sententia.
2567 2541 2713 2607 Me-

419 2646 868 2711 mineratne
935 2646 1244 2729 populuS,
1311 2655 1762 2712 accusatorem
1806 2647 1878 2712 id
1936 2651 2130 2727 scire,
2188 2650 2386 2716 immo
2431 2650 2502 2715 id
2547 2653 2714 2718 scire

417 2754 830 2837 potuisse?
897 2753 1371 2819 Memineratne
1416 2775 1635 2838 porro,
1677 2754 1866 2819 Pauli
1913 2756 2359 2823 defensionem
2404 2779 2713 2843 superva-

413 2883 687 2928 caneam
732 2862 1036 2927 fuisse?
1105 2860 1426 2938 Quando?
1513 2862 1600 2927 Et
1646 2862 1806 2946 quid
1851 2863 1919 2927 id
1966 2863 2053 2928 ad
2094 2885 2260 2945 rem,
2309 2865 2467 2950 quid
2514 2868 2713 2932 sciret

415 2978 758 3036 accusator
802 2970 882 3034 de
927 2968 1217 3035 Minucio
1264 2976 1331 3035 et
1374 2969 1625 3034 Fabio?
1694 2976 1810 3035 aut
1865 2972 2025 3054 quid
2070 2974 2243 3037 inter
2286 2974 2457 3038 hane
2503 2975 2712 3039 scien-

412 3080 575 3145 tiam
644 3085 710 3143 et
786 3077 971 3143 Pauli
1051 3078 1495 3144 defensionem
1575 3079 1953 3145 coniuncti?
2062 3081 2384 3165 Apparet,
2447 3103 2581 3147 non
2644 3082 2714 3148 id

413 3188 554 3277 agi,
611 3187 767 3269 quid
813 3188 893 3252 de
939 3194 1325 3252 accusatore
1369 3187 1653 3270 populus
1700 3188 2096 3266 meminerit,
2165 3189 2280 3255 sed
2335 3189 2710 3272 significari,

411 3296 570 3377 quia
612 3295 894 3378 populus
940 3295 1338 3373 meminerit,
1401 3294 1755 3360 ambitiosa
1797 3296 2075 3379 imperia
2119 3298 2551 3381 improspera,
2611 3319 2713 3364 se-

411 3422 565 3469 vera
623 3423 942 3487 prospera
999 3403 1230 3482 fuisse,
1299 3403 1460 3486 quid
1519 3401 1815 3467 futurum
1869 3402 2093 3485 fuerit,
2165 3406 2221 3470 si
2276 3403 2453 3489 apud
2506 3405 2712 3472 talem

408 3512 757 3595 populum,
823 3513 1060 3595 integri
1121 3510 1376 3587 iudicii,
1445 3510 1636 3574 Pauli
1694 3530 1896 3577 causa
1950 3521 2274 3596 ageretur.
2363 3513 2441 3577 In
2488 3514 2710 3580 codice

414 3642 534 3704 pro
581 3620 659 3685 id
706 3621 917 3685 scire
975 3627 1077 3685 est
1121 3621 1413 3697 iscere,
1460 3618 1584 3684 hoc
1632 3626 1732 3684 est
1784 3617 2127 3685 hiscere.
2215 3619 2396 3685 Nihil
2439 3622 2710 3687 manife-

407 3730 580 3793 stius
618 3728 936 3793 certiusve
976 3733 1073 3792 est
1108 3749 1304 3811 quam
1339 3727 1592 3792 Livium
1629 3728 2001 3812 scripsisse:
2049 3727 2331 3811 Itaque
2370 3728 2709 3814 (populus)

407 3843 977 3902 accusatorem
1068 3835 1365 3899 hiscere
1443 3854 1584 3898 non
1662 3835 1896 3899 sisset
1974 3842 2054 3901 et
2131 3858 2709 3922 supervaneam

409 3944 955 4009 defensionem
1010 3943 1253 4009 Pauli
1309 3944 1653 4008 fecisset.
1747 3943 2083 4028 (Sequitur
2140 3966 2263 4011 vox
2321 3967 2361 4011 a
2417 3952 2442 4007 t
2484 3946 2709 4011 littera

406 4051 775 4135 incipiens.)
863 4052 1012 4118 Una
1056 4058 1156 4117 est
1201 4051 1557 4131 dubitatio,
1628 4074 1747 4136 pro
1803 4075 1956 4118 non
2010 4056 2257 4119 sisset
2302 4054 2706 4136 scriptumne

404 4158 607 4225 fuerit
673 4159 1264 4243 prohibuisset.
1358 4160 1693 4226 Hiscere
1759 4162 1827 4225 in
1886 4162 2096 4226 scire
2156 4167 2539 4244 corruptum
2595 4163 2707 4227 de÷

406 4269 868 4352 prehendimus
913 4268 1045 4332 iam
1090 4266 1311 4346 XLIV,
1359 4273 1459 4348 45,
1512 4268 1681 4351 10.¹)

464 4530 511 4595 ¹)
555 4528 610 4599 [ξ
647 4532 680 4584 6
722 4531 825 4585 etsi
862 4530 1090 4586 memini
1147 4530 1296 4600 apud
1339 4528 1598 4585 Ovidium
1647 4531 1759 4599 legi
1813 4507 2140 4600 probrum
2177 4530 2391 4587 alicui
2448 4533 2706 4601 dicere,
