3230 5282
612 622 736 677 Lib.
775 622 1021 677 xxxvi
1209 689 1212 690 f
1711 614 1833 674 526

615 793 929 861 duabus
1008 796 1351 863 urbibus
1437 797 2005 883 oppugnandis
2082 804 2393 881 tempus
2470 805 2741 864 terere
2806 834 2920 877 -—,

612 899 1083 986 Philippum
1130 912 1398 969 autem
1441 940 1526 950 —
1572 927 1727 970 non
1773 905 2030 982 solum
2075 905 2355 985 urbeS,
2415 906 2555 972 sed
2599 913 2723 971 tot
2767 907 2916 971 iam

612 1016 923 1090 gentes,
1014 998 1619 1091 Athamaniam,
1708 1012 2289 1092 Perrhaebiam,
2367 1014 2919 1098 Aperantiam,

613 1116 1047 1201 Dolopiam
1118 1119 1276 1183 sibi
1346 1120 1862 1198 adiunxisse,
1931 1127 2009 1184 et
2075 1121 2439 1186 victoriae
2505 1129 2659 1187 tuae
2724 1142 2921 1205 prae·

612 1226 848 1289 mium
895 1233 970 1290 te
1016 1224 1499 1310 militesque
1544 1235 1728 1292 tuos
1773 1227 2124 1292 nondum
2171 1227 2369 1293 duas
2415 1229 2693 1308 urbes,
2750 1229 2922 1293 Phi·

612 1331 927 1416 lippum
985 1339 1110 1398 tot
1156 1341 1438 1417 gentes
1487 1335 1812 1400 Graeciae
1858 1334 2207 1399 habere?
2264 1336 2516 1417 Atqui
2562 1357 2713 1401 non
2756 1344 2920 1402 tan-

611 1448 776 1505 tum
821 1441 1182 1507 interest
1225 1450 1525 1521 nostra,
1562 1442 2013 1508 AEtolorum
2058 1444 2635 1524 opes—minui,
2682 1464 2920 1526 quan-

610 1555 777 1611 tum
821 1570 976 1613 non
1026 1570 1272 1632 supra
1317 1550 1630 1614 modum
1676 1548 2146 1633 Philippum
2192 1550 2656 1632 crescere.¹)

783 1654 939 1738 Cap.
991 1660 1101 1734 35,
1162 1663 1228 1722 7:
1300 1657 1421 1721 Ibi
1480 1658 1574 1735 (in
1634 1658 1908 1722 concilio
1956 1655 2371 1738 Achaeorum)
2432 1658 2525 1722 de
2573 1658 2799 1723 Eleis
2845 1666 2921 1725 et

613 1763 706 1828 de
753 1764 1176 1829 exsulibus
1219 1764 2020 1831 Lacedaemoniorum
2066 1766 2612 1830 restituendis
2660 1773 2922 1832 actum

612 1878 769 1952 est;
837 1878 1134 1937 neutra
1190 1872 1312 1953 (sic
1368 1879 1546 1937 recte
1604 1871 2001 1950 Weissenb.‚
2072 1877 2227 1936 ante
2285 1880 2459 1938 erat:
2530 1880 2790 1938 actum
2844 1884 2921 1939 et

610 1979 932 2061 neutra)
1000 1978 1375 2063 perfecta
1441 2001 1596 2058 res,
1667 1981 1862 2062 quia
1930 2000 2085 2044 suae
2152 1981 2439 2062 gratiae
2505 1984 2920 2046 reservari

613 2108 778 2152 eam
834 2086 1131 2165 Achaei,
1202 2087 1382 2152 Elei
1452 2108 1592 2170 per
1666 2109 1745 2153 se
1813 2088 1974 2171 ipsi
2032 2107 2264 2169 quam
2321 2107 2462 2171 per
2520 2089 2916 2170 Romanos

611 2195 1076 2259 maluerunt
1143 2194 1498 2259 Achaico
1566 2194 1994 2260 contribui
2063 2193 2433 2259 concilio.
2548 2194 2654 2259 Sic
2709 2195 2921 2260 editur

611 2303 764 2367 inde
821 2324 862 2367 a
919 2301 1192 2367 Gelenio
1252 2323 1331 2366 ex
1388 2302 1454 2366 M
1517 2310 1583 2367 et
1644 2301 1970 2385 Spirensi,
2039 2308 2237 2365 antea
2305 2301 2656 2381 edebatur,
2726 2310 2799 2369 ut
2851 2303 2919 2367 in

614 2409 1049 2475 deterioribus
1118 2410 1454 2474 codicibus
1524 2411 1840 2493 scriptum
1910 2417 2041 2474 est:
2121 2411 2313 2492 quia
2392 2431 2553 2474 suae
2632 2411 2914 2493 gratiae

612 2518 1033 2582 res'ervari
1101 2537 1194 2581 ea
1249 2517 1520 2582 Achaei
1590 2539 1735 2600 per
1801 2538 1882 2581 se
1941 2518 2099 2600 ipsi
2157 2537 2386 2599 quam
2447 2524 2568 2583 cet.
2681 2517 2917 2600 (Magis

613 2627 812 2691 etiam
867 2625 1220 2690 lacunosus
1279 2624 1362 2704 B,
1422 2625 1488 2689 in
1547 2646 1673 2707 quo
1733 2633 1861 2689 est:
1933 2625 2122 2708 quia
2189 2646 2343 2689 suae
2401 2624 2727 2690 Graeciae
2799 2622 2920 2708 [sic

608 2754 782 2818 saepe
841 2734 1284 2816 corrumpitur
1354 2730 1665 2815 gratiae]
1739 2733 2155 2809 reservari
2224 2753 2396 2797 eam
2456 2732 2722 2798 Achaei
2778 2754 2917 2817 per

608 2841 1080 2906 maluerunt
1135 2839 1489 2904 Achaico
1562 2838 1993 2903 contribui
2051 2840 2437 2918 concili0,
2507 2842 2763 2906 omissis
2820 2861 2919 2904 er-

606 2971 752 3014 rore
811 2951 1012 3014 etiam
1071 2948 1202 3012 his:
1275 2969 1355 3012 se
1426 2949 1588 3031 ipsi
1661 2968 1890 3030 quam
1958 2967 2098 3028 per
2152 2946 2606 3029 Romanos).
2720 2948 2917 3013 Recte

606 3064 829 3123 tamen
877 3056 1182 3123 Dukerus
1229 3055 1722 3134 animadvertit,
1781 3056 1847 3118 in
1896 3053 2331 3135 significanda
2374 3057 2592 3138 priore
2638 3077 2718 3121 ex
2761 3055 2919 3120 dua·

606 3165 731 3230 bus
799 3165 996 3229 rebus
1065 3170 1218 3227 ante
1287 3163 1642 3227 nominatis
1709 3183 1839 3225 non
1907 3182 2102 3244 posse
2163 3182 2329 3226 eam
2387 3182 2506 3247 pro
2565 3184 2673 3243 eo,
2741 3163 2916 3244 quod

608 3280 710 3338 est
753 3272 999 3349 illam,
1046 3271 1219 3354 poni,
1268 3268 1608 3334 Creverius
1656 3277 1995 3351 praeterea,
2043 3289 2245 3349 quum
2291 3272 2721 3345 communiter
2764 3277 2914 3335 ante

606 3388 901 3445 neutra
958 3360 1092 3443 res·
1145 3377 1486 3460 appellata
1542 3378 1659 3453 sit,
1689 3422 1693 3426 »
1728 3376 1861 3439 11011
1919 3395 2113 3458 posse
2173 3377 2555 3460 simpliciter
2610 3378 2912 3443 alteram-

606 3493 822 3551 utram
872 3492 1055 3549 certo
1105 3486 1487 3568 pronomine
1536 3484 1791 3564 (illam
1837 3489 1952 3547 aut
1997 3481 2223 3565 hanc)
2272 3484 2737 3565 demonstrari3
2791 3478 2913 3549 ita·

608 3614 734 3677 que
793 3592 1140 3657 alteram
1196 3593 1607 3674 requirebat,
1677 3590 1855 3673 quod
1922 3591 2138 3673 ipsum
2196 3610 2429 3673 parum
2484 3593 2914 3676 responderet

608 3700 814 3782 plenae
883 3705 950 3764 et
1016 3699 1345 3764 distinctae
1417 3700 1691 3764 alterius
1748 3699 1844 3763 rei
1905 3696 2014 3777 ((16
2072 3696 2279 3778 Eleis)
2338 3701 2686 3765 notationi.
2782 3697 2909 3781 Ap-

606 3815 816 3891 paret,
863 3807 976 3872 ubi
1021 3809 1088 3871 in
1135 3807 1473 3872 codicibus
1521 3828 1685 3870 eam
1733 3807 1797 3885 (6
1817 3805 1883 3886 a)
1924 3805 2243 3886 scriptum
2290 3811 2409 3884 est,
2456 3807 2733 3872 subesse
2776 3828 2910 3871 cer·

604 3918 838 3980 tiorem
874 3915 1520 3980 Lacedaemoniorum
1567 3912 1866 3977 exsulum
1903 3932 2117 3976 causae
2157 3912 2718 3994 significationem,
2764 3913 2910 3978 sub·

605 4025 891 4088 stantivo
946 4023 1304 4100 inclusam,
1374 4042 1495 4085 nec
1549 4021 1619 4083 in
1676 4019 1788 4084 illo
1851 4040 2026 4084 eam
2080 4017 2262 4083 aliud
2316 4019 2484 4085 latet
2538 4022 2665 4085 nisi
2721 4042 2907 4086 cau-

661 4300 712 4365 ¹)
752 4297 782 4366 ἓ
830 4303 861 4352 3
908 4317 1010 4366 pro
1058 4298 1459 4352 acciderant
1503 4299 1594 4351 vix
1642 4299 1874 4352 dubium
1919 4304 2007 4352 est
2051 4300 2187 4366 quin
2223 4307 2321 4351 aut
2356 4298 2771 4353 accidebant
2805 4305 2903 4353 aut

741 4383 1148 4438 acciderent
1185 4382 1542 4437 scribendum
1570 4384 1665 4436 sit.
1740 4384 1942 4450 (1865.)
2114 4384 2121 4387 ’

2976 4724 3177 4867 ’ἱι
