3230 5282
1527 610 1649 670 399
2354 624 2475 678 Lib.
2514 624 2739 678 xxvn.

432 797 662 876 distat,
721 802 981 861 euntem
1029 793 1098 858 C.
1147 793 1489 872 HostiliuS,
1548 795 1659 876 qui
1706 794 1975 860 Tarenti
2024 803 2187 872 erat,
2248 796 2496 860 adoriri
2543 801 2742 880 potu-

433 901 577 984 erit,
625 926 816 970 nemo
861 902 1057 968 facile
1104 901 1364 979 dixerit,
1411 907 1479 966 et
1523 902 1716 968 haesit
1760 905 1891 968 iam
1936 903 2004 968 in
2050 924 2127 968 eo
2152 904 2738 970 Weissenbornius

431 1013 705 1079 Accedit
748 1012 1090 1076 extremi
1136 1010 1328 1073 finis
1374 1013 1640 1090 mentiO,
1689 1032 1835 1093 quae
1882 1033 2015 1094 quo
2059 1013 2126 1075 in
2171 1018 2310 1075 tam
2356 1012 2736 1095 longinquis

430 1122 593 1186 locis
648 1121 1010 1204 pertineat,
1070 1140 1200 1183 non
1260 1127 1554 1202 apparet.
1666 1119 2008 1184 Postremo
2067 1119 2297 1202 paucis
2342 1126 2496 1203 post
2539 1122 2741 1185 versi-

430 1229 569 1307 buS,
615 1228 860 1292 nullius
894 1226 1164 1292 alterius
1201 1228 1298 1292 rei
1334 1227 1727 1309 interposita
1750 1229 2098 1306 mentione,
2144 1228 2491 1308 Hannibal,
2541 1248 2739 1311 quum

426 1336 620 1402 simul
665 1337 738 1415 Q.
787 1335 1100 1401 Claudius
1146 1356 1225 1399 ex
1273 1333 1656 1399 Sallentinis
1703 1341 1932 1402 contra
1977 1356 2124 1399 eum
2169 1343 2489 1415 moveret,
2549 1345 2740 1401 nocte

431 1451 655 1510 castra
721 1466 802 1510 ex
867 1464 1026 1526 agro
1088 1442 1447 1507 Tarentino
1514 1445 1792 1508 movisse
1862 1444 2130 1522 dicitur,
2211 1463 2341 1526 quo
2410 1445 2521 1525 qui
2589 1466 2738 1509 eum

432 1553 649 1618 subito
716 1573 751 1616 e
818 1552 1118 1616 Larinati
1183 1570 1343 1631 agro
1409 1550 1790 1616 traductum
1858 1551 2259 1635 putabimus,
2340 1573 2541 1634 quum
2606 1554 2739 1617 iam

428 1661 565 1725 illic
633 1682 672 1724 a
740 1658 1017 1726 custode
1097 1658 1364 1722 Tarenti
1443 1658 1606 1723 duce
1690 1660 1986 1725 Romano
2066 1662 2441 1725 incursatus
2520 1662 2738 1725 esset?

429 1761 750 1852 Apparet,
808 1769 1072 1851 opinor,
1130 1765 1584 1842 Hannibalem,
1647 1789 1845 1851 quum
1892 1766 2286 1834 Sallentinos
2331 1788 2409 1831 ex
2453 1768 2735 1834 Lucanis

429 1876 680 1960 petenti
756 1883 997 1959 praeter
1064 1875 1422 1939 Tarentum
1503 1874 1789 1939 eundum
1871 1882 2078 1954 esset,
2155 1883 2232 1940 ut
2308 1877 2518 1941 tutius
2588 1878 2733 1954 iret,

430 1985 638 2048 vitata
696 1983 880 2069 urbis
935 1983 1458 2067 propinquitate,
1526 2003 1645 2065 per
1703 1989 2062 2048 extremum
2119 1984 2259 2066 agri
2306 1983 2735 2050 Tarentini

427 2091 625 2156 finem
717 2092 879 2157 satis
957 2110 1195 2172 magno
1277 2089 1448 2153 flexu
1528 2092 1892 2155 exercitum
1970 2092 2239 2157 duxisse
2317 2111 2437 2156 nec
2512 2099 2735 2158 tamen

430 2199 698 2265 Hostilii
757 2199 1046 2264 Tarento
1120 2198 1533 2282 praesidentis
1602 2198 2007 2281 vigilantiam
2079 2198 2382 2282 effugisse
2440 2208 2559 2265 aut
2617 2202 2733 2265 im-

429 2314 686 2391 petum;
763 2328 885 2391 pro
955 2306 1388 2371 Tarentini
1466 2308 1532 2370 in
1597 2306 1648 2370 P
1717 2314 1816 2372 est
1895 2307 2327 2392 laritanis,
2408 2309 2737 2390 quomodo

428 2416 933 2499 transponendae
1002 2415 1239 2479 litterae
1306 2416 1521 2479 notari
1591 2415 1827 2482 solent.
1941 2416 2063 2482 Sed
2137 2417 2311 2501 quod
2382 2417 2735 2483 Hostilium

430 2523 698 2588 Tarenti
763 2522 969 2587 fuisse
1039 2522 1203 2600 dixi,
1276 2531 1663 2588 occurretur
1731 2524 1924 2604 mihi,
1992 2547 2192 2610 quum
2253 2547 2330 2590 eo
2391 2528 2734 2610 superiore

428 2653 598 2698 anno
656 2631 840 2716 (208)
899 2631 1137 2696 missus
1198 2636 1376 2696 esset
1433 2631 1513 2711 (c.
1564 2636 1675 2709 35,
1737 2631 1834 2715 2),
1902 2641 2128 2716 postea
2181 2635 2242 2699 ei
2288 2635 2517 2699 eodem
2565 2658 2734 2701 anno

428 2762 545 2824 pro
614 2739 898 2805 Tarento
959 2738 1253 2823 Capuam
1321 2742 1727 2823 provinciam
1798 2741 2023 2806 datam
2091 2763 2232 2806 esse
2292 2742 2452 2822 (ibd.
2513 2742 2547 2825 ξ
2609 2742 2735 2823 14),

424 2849 647 2930 ibique
694 2870 844 2912 eum
888 2847 1013 2912 hoc
1059 2868 1228 2913 anno
1279 2849 1460 2928 (207)
1504 2846 1730 2926 fuisse,
1779 2848 2030 2912 Livium
2075 2849 2338 2913 tradere
2385 2871 2437 2913 c.
2488 2853 2588 2930 36,
2639 2856 2736 2926 13,

424 2956 693 3021 Tarenti
739 2956 814 3032 Q.
866 2954 1208 3020 Claudium
1261 2955 1341 3036 (c.
1391 2959 1489 3035 38,
1548 2960 1587 3018 8
1635 2962 1702 3019 et
1746 2960 1846 3034 40,
1909 2955 2035 3037 11).
2139 2956 2381 3021 Verum
2438 2979 2517 3022 ne
2579 2959 2732 3040 fingi

427 3064 692 3145 quidem
763 3069 1010 3146 potest,
1090 3083 1130 3127 a
1177 3062 1407 3147 Capua
1475 3064 1541 3126 in
1610 3063 2000 3128 occidentali
2069 3063 2277 3128 Italiae
2342 3071 2534 3148 parte
2604 3068 2733 3133 sita

425 3171 779 3235 Hostilium
857 3172 923 3236 in
989 3171 1426 3235 Hannibalem
1507 3192 1626 3253 per
1691 3170 2068 3236 Larinatem
2136 3180 2391 3254 a‘grum,
2475 3175 2587 3257 qui
2665 3176 2731 3238 in

422 3277 662 3361 Apulia
706 3286 823 3352 est,
872 3286 1155 3356 euntem,
1201 3286 1348 3343 toto
1396 3280 1739 3343 interiecto
1788 3280 2069 3357 Samnio,
2117 3280 2433 3362 impetum
2479 3282 2729 3362 fecisse,

422 3393 488 3452 et
536 3387 975 3451 Hannibalem
1021 3409 1100 3450 ex
1147 3408 1306 3468 agro
1352 3386 1708 3451 Tarentino
1754 3388 2056 3464 movisse,
2103 3388 2276 3469 quod
2323 3389 2602 3463 timeret,
2647 3412 2729 3456 ne

416 3495 505 3559 ibi
567 3494 881 3559 Claudius
943 3516 977 3559 e
1038 3493 1416 3559 Sallentinis
1483 3497 1746 3559 veniens
1815 3497 2139 3561 exercitus
2200 3494 2489 3579 Capuam
2561 3499 2730 3563 obti-

415 3603 631 3667 nentis
700 3603 850 3667 duci
920 3623 988 3666 se
1058 3604 1503 3687 coniungeret.
1627 3604 1713 3667 Et
1793 3609 1946 3687 post
2009 3602 2148 3668 haec
2216 3605 2476 3669 demum
2542 3615 2730 3689 gesta

416 3708 778 3775 Hostilium
837 3709 1163 3774 Tubulum
1210 3710 1493 3776 Tarento
1541 3710 1834 3795 Capuam
1891 3713 2167 3794 petisse,
2237 3720 2464 3794 aperte
2510 3714 2729 3779 Livius

415 3816 576 3881 dicit
650 3817 853 3900 paulo
934 3825 1088 3901 post
1166 3819 1291 3883 hoc
1358 3820 1503 3901 ipso
1573 3820 1789 3903 capite
1857 3818 2304 3900 (Hostilius
2372 3820 2719 3904 Capuam

415 3932 738 4007 petens,
798 3930 893 3989 et:
961 3927 1330 4008 reliquas
1388 3928 1672 4011 copias
1716 3920 2129 3992 Hostilius
2178 3925 2528 4011 Capuam
2584 3931 2723 3995 du·

412 4053 597 4097 cere
633 4032 952 4113 iussus).
1013 4034 1245 4115 ltaque
1284 4034 1405 4113 hic,
1448 4043 1522 4100 ut
1556 4036 1717 4099 alibi
1754 4055 1883 4099 non
1922 4035 2151 4117 paucis
2190 4036 2371 4115 locis,
2408 4038 2629 4103 Livius
2658 4042 2723 4105 in

411 4139 782 4206 indicandis
839 4142 1262 4225 imperiorum
1323 4164 1441 4226 per
1484 4142 1696 4207 Italiae
1742 4149 1967 4227 partes
2015 4145 2610 4226 permutationibus
2658 4160 2725 4217 et

407 4247 474 4312 in
540 4255 832 4333 tempore
901 4271 1126 4314 earum
1194 4251 1487 4316 notando
1555 4250 1979 4334 decretisque
2046 4271 2087 4314 a
2141 4250 2340 4318 rebus
2406 4258 2713 4339 perfectis
2750 4282 2899 4349 (326)

407 4358 790 4439 separandis
858 4380 1087 4442 pamm
1156 4358 1433 4441 diligens
1501 4359 1629 4424 fuit
1698 4357 1850 4439 (vid.
1926 4358 2124 4422 Periz.
2196 4366 2261 4423 et
2331 4364 2563 4430 Weiss».
2637 4368 2720 4431 ad
