3230 5282
515 539 643 594 Lib.
678 541 954 596 XXXVII.
1600 536 1723 596 534

684 711 835 795 Cap.
884 718 984 792 47,
1034 718 1070 776 ’7
1119 714 1227 794 (de
1289 718 1574 782 comitiis
1644 720 2099 784 consularibus
2160 720 2226 781 in
2286 739 2525 782 annum
2591 720 2709 780 189
2756 736 2817 780 a.

514 817 725 900 Chr.):
795 819 1130 886 Fulvius
1201 824 1484 888 consul
1551 848 1752 891 unus
1824 834 2188 904 creatur,
2257 846 2496 908 quum
2562 823 2818 887 ceteri

512 932 930 994 centurias
997 951 1149 994 non
1220 931 1728 1013 explessent3
1799 936 2031 1016 isque
2101 940 2430 1016 postero
2500 931 2627 995 die
2693 929 2815 994 Cn.

509 1037 904 1101 Manlium
982 1025 1286 1120 Lepido
1369 1039 1684 1106 deiecto
1777 1042 1994 1121 (namu
2063 1039 2460 1103 Messalla
2524 1036 2816 1117 tacuit)

512 1145 907 1228 collegam
977 1146 1201 1210 dixit.
1291 1145 1439 1210 Non
1496 1148 1717 1226 video,
1782 1149 2112 1230 quodnam
2154 1147 2320 1211 illud
2366 1149 2452 1211 sit
2496 1144 2819 1214 Messallae

512 1253 878 1332 silentium3
925 1274 1076 1318 nam
1121 1254 1455 1337 professus
1505 1277 1574 1319 se
1615 1256 2040 1320 candidatum
2074 1256 2205 1319 iam
2241 1253 2447 1318 multo
2485 1260 2636 1317 ante
2676 1259 2820 1317 erat
2938 1339 2943 1344 ·

509 1383 631 1424 nec
669 1362 749 1424 de
791 1363 1110 1443 petitione
1148 1361 1484 1426 destitisse
1522 1364 1794 1442 dicitur;
1839 1384 2052 1446 neque
2089 1362 2407 1426 Manlium
2443 1360 2823 1443 eloquentia

510 1469 741 1532 vicisse
788 1475 968 1551 puto.
1059 1469 1265 1533 Miror
1330 1471 1563 1551 igitur,
1626 1471 1869 1534 nemini
1917 1471 2273 1552 placuisse,
2334 1468 2515 1550 quod
2562 1468 2819 1531 codices

511 1575 592 1657 (B
662 1584 729 1640 et
794 1575 1026 1656 Drak.)
1098 1577 1424 1660 praebent,
1505 1579 1786 1641 iacuit.
1880 1577 2233 1659 Lepidum,
2318 1578 2619 1658 cuiuspet
2696 1575 2821 1638 tioi
2921 1641 2932 1651 ,

510 1684 760 1763 aliquid
807 1685 1041 1748 virium
1086 1684 1395 1749 habuerit
1442 1692 1509 1749 et
1566 1706 1846 1767 quocum
1911 1691 2241 1749 certamen
2300 1684 2496 1747 fuerit
2514 1731 2527 1758 ,
2601 1683 2818 1746 Livius

512 1791 842 1856 deiectum
887 1812 1028 1855 esse
1088 1791 1274 1872 dicit,
1333 1792 1711 1857 Messallam
1768 1814 1898 1858 non
1957 1793 2285 1856 deiectum
2303 1843 2316 1869 ,
2364 1791 2479 1854 sed
2540 1791 2821 1853 iacuisse

510 1893 727 1976 ipsum
774 1917 893 1960 nec
939 1899 1076 1962 ulla
1119 1921 1355 1981 magno
1405 1921 1604 1983 opere
1655 1899 1970 1982 suffragia
2016 1900 2342 1964 habuisse.

339 2024 485 2094 (432)
694 2001 850 2086 Cap.
900 2010 997 2085 51,
1046 2012 1080 2069 5
1130 2007 1240 2088 (de
1287 2007 1360 2084 Q.
1408 2007 1611 2071 Fabio
1631 2058 1644 2085 ,
1705 2007 1967 2071 flamine
2018 1995 2366 2085 Quirinali,
2417 2016 2713 2089 praetore,
2756 2006 2823 2067 in

510 2111 915 2191 provinciam
941 2113 1270 2196 proficisci
1297 2136 1336 2178 a
1371 2115 1681 2197 pontifice
1707 2117 1987 2177 maximo
2013 2116 2215 2179 vetito
2252 2123 2319 2178 et
2355 2113 2822 2196 repugnante):

510 2218 832 2300 Religio
881 2221 975 2284 ad
1022 2221 1791 2306 postremumWicit,
1838 2228 1921 2285 ut
1967 2222 2187 2286 dicto
2226 2222 2569 2286 audiens
2606 2226 2853 2284 esset·

509 2324 805 2389 flamen
851 2328 1277 2409 pontifici3
1325 2338 1402 2394 et
1449 2332 1708 2395 multa
1752 2333 1983 2396 iussu
2031 2329 2308 2411 populi
2355 2330 2424 2393 ei
2459 2329 2820 2392 remissa.

510 2434 851 2500 Postrema
894 2436 1035 2500 haec
1082 2437 1191 2518 (et
1235 2438 1486 2518 mul-ta
1523 2438 1672 2520 cet.)
1714 2461 1792 2503 ex
1815 2439 1881 2503 M
1918 2437 2314 2502 recentiores
2350 2438 2821 2513 restituerunt3

511 2544 578 2606 in
622 2543 951 2624 prioribus
999 2551 1231 2608 contra
1277 2548 1563 2610 omnium
1626 2547 1922 2611 codicum
1980 2548 2449 2611 auctoritatem
2504 2546 2825 2609 retinetur

512 2653 843 2733 scriptura
889 2654 1087 2717 etiam
1126 2656 1466 2718 sentcntiae
1491 2656 1778 2736 graviter
1802 2677 2059 2719 nocens.
2109 2655 2273 2718 Nam
2310 2654 2475 2718 hoc:
2523 2654 2822 2734 religio

507 2759 736 2835 vicit,
783 2768 867 2824 ut
924 2760 1147 2825 dicto
1206 2761 1544 2827 audiens
1602 2771 1821 2827 esset
1889 2763 2191 2827 flamen
2258 2784 2351 2845 po
2375 2763 2493 2826 nti
2516 2762 2660 2825 fici
2728 2762 2822 2824 sic

511 2868 771 2946 dicitur,
797 2874 1131 2948 tamquam
1153 2870 1296 2951 ipse
1321 2868 1557 2934 flamen
1579 2871 1893 2953 religione
1922 2873 2144 2945 victus,
2172 2872 2417 2934 omisso
2444 2871 2824 2947 certamine,

508 2975 805 3058 pontifici
851 2978 1179 3058 paruerit3
1228 2984 1297 3041 at
1344 2986 1644 3042 coactum
1678 3001 1824 3042 eum
1863 2980 2090 3061 populi
2127 2978 2464 3042 voluntate
2503 2984 2569 3040 et
2606 2984 2825 3041 cetera

513 3083 752 3147 docent
798 3091 864 3148 et
910 3084 1085 3164 quod
1133 3107 1284 3148 mox
1346 3085 1723 3163 subiicitur,
1792 3107 1938 3150 eum
1998 3086 2098 3148 ira
2154 3092 2395 3166 ereptae
2468 3085 2819 3166 provinciae

509 3199 801 3274 praetura
848 3211 916 3255 se
963 3192 1271 3256 abdicare
1318 3201 1626 3257 conatum
1674 3215 1838 3257 esse.
1930 3192 2003 3256 In
2051 3191 2392 3256 codicibus
2439 3194 2613 3255 notis
2662 3193 2819 3257 scri-

507 3300 716 3365 bitur:
765 3301 971 3363 vicit
1016 3307 1100 3363 ut
1147 3299 1372 3364 dicto
1409 3300 1751 3364 audiens
1791 3308 2015 3364 esset
2050 3300 2131 3379 (B
2169 3321 2295 3363 ess
2316 3303 2475 3381 ent)
2516 3302 2815 3366 flamen

507 3407 896 3490 pontifici
942 3408 1253 3484 iussus,
1301 3409 1368 3470 in
1415 3428 1543 3490 quo
1584 3410 1929 3491 perspicue
1964 3410 2134 3472 inest
2170 3408 2256 3485 id,
2297 3408 2472 3489 quod
2510 3409 2818 3472 Gelenius

508 3521 626 3579 aut
686 3535 762 3578 ex
821 3515 1050 3579 eadem
1097 3514 1463 3595 Moguntini
1509 3517 1840 3598 scriptura
1897 3519 2068 3581 eruit
2126 3522 2243 3578 aut
2300 3517 2515 3598 ipsum
2572 3538 2650 3579 ex
2706 3516 2817 3579 illo

509 3623 815 3704 sumpsit:
865 3628 945 3685 et
991 3622 1208 3686 dicto
1256 3623 1592 3687 audiens
1642 3645 1675 3687 e
1696 3646 1772 3687 ss
1793 3645 1826 3687 e
1873 3625 2167 3688 flamen
2227 3624 2614 3705 pontifici
2661 3625 2816 3687 ius-

510 3752 599 3795 su
616 3753 679 3807 ες
728 3729 843 3794 sed
889 3730 1079 3794 simul
1129 3731 1359 3794 addita
1405 3752 1536 3794 una
1578 3730 1802 3795 littera
1865 3731 2317 3796 scribendum:
2386 3766 2469 3775 —
2537 3731 2616 3793 iu
2633 3752 2662 3794 s
2681 3752 2711 3793 s
2728 3752 2814 3793 us

510 3844 634 3902 est
659 3863 673 3916 ς
741 3838 991 3901 multa
1059 3839 1280 3903 iussu
1347 3838 1629 3921 populi
1689 3846 1808 3902 cet.
1902 3840 1997 3902 Et
2065 3840 2351 3903 alienum
2424 3845 2541 3902 est.
2634 3837 2816 3901 Nihil

512 3966 778 4028 prorsus
826 3946 1204 4011 offensionis
1260 3945 1464 4009 habet
1520 3947 1870 4029 participio
1933 3947 2036 4025 (iu
2054 3969 2083 4011 s
2103 3970 2131 4011 s
2149 3970 2191 4010 u
2207 3945 2266 4025 s)
2337 3945 2817 4009 substantivum

510 4054 930 4135 coniugatum
996 4056 1061 4117 in
1129 4055 1336 4119 altero
1395 4055 1737 4118 sententiae
1797 4055 2086 4119 membro
2147 4054 2534 4118 subiectum.
2636 4052 2819 4117 Infra

513 4160 573 4243 (ἓ
622 4161 686 4241 9)
734 4164 799 4226 in
845 4162 949 4225 his
994 4162 1238 4226 verbis:
1289 4160 1714 4225 desierant
1769 4164 1973 4225 enim
2030 4163 2327 4226 victum
2383 4163 2458 4224 in
2509 4161 2815 4226 AEtolia

511 4291 573 4333 m
590 4278 724 4335 etu
741 4292 868 4334 ere
914 4270 1020 4332 vix
1068 4268 1356 4332 dubitari
1413 4275 1663 4350 potest,
1720 4271 1876 4351 quin
1946 4270 2260 4333 exciderit
2326 4292 2359 4333 r
2376 4290 2409 4332 e
2425 4290 2590 4351 gem
2637 4268 2732 4349 (vi
2750 4290 2814 4331 c-

512 4384 674 4441 tum
719 4379 796 4440 in
842 4377 1157 4441 AEtolia
1201 4398 1462 4458 regem
1507 4377 1889 4457 metuere)
1936 4384 2051 4441 aut
2095 4378 2283 4442 Anti
2304 4376 2613 4455 ochum3
2660 4398 2814 4441 nam
