3230 5282
1528 611 1655 672 433
2412 625 2536 681 Lib.
2572 627 2745 682 XXX.

439 793 625 875 sunt)
685 792 718 876 ξ
777 797 845 858 9:
929 792 1152 870 Quod
1224 796 1480 877 igitur
1547 816 1689 859 nos
1757 796 2088 860 maxime
2159 797 2744 879 abominamur,

439 924 582 966 vos
629 909 896 968 autem
943 909 1131 967 ante
1180 904 1443 966 omnia
1490 904 1914 985 optaretiS,
1971 904 2049 967 in
2094 905 2424 971 meliore
2469 914 2748 973 vestra

439 1009 773 1075 fortuna
832 1011 924 1075 de
978 1030 1174 1093 paee
1234 1010 1523 1092 agitur.
1629 1008 2113 1076 Condicionalis
2166 1014 2349 1078 verbi
2403 1016 2634 1081 modus
2678 1018 2747 1080 in

442 1119 850 1200 optaretis
907 1118 1155 1182 nullam
1212 1116 1414 1181 habet
1468 1119 1823 1198 rationem3
1891 1118 2053 1183 nihil
2111 1121 2283 1184 enim
2341 1124 2605 1189 omnino
2662 1123 2747 1188 ad

440 1246 577 1290 rem
635 1227 951 1309 pertinet,
1021 1225 1177 1307 quid
1235 1225 1365 1289 alio
1421 1232 1717 1309 tempore
1775 1226 2036 1310 alioque
2091 1249 2307 1293 rerum
2364 1235 2540 1295 statu
2599 1231 2740 1314 (qui
2776 1240 2918 1310 (353)
2984 1241 2987 1246 '

438 1355 571 1397 non
619 1333 1055 1415 significatur)
1105 1334 1393 1417 optaturi
1440 1333 1718 1397 Romani
1764 1333 2041 1414 fuerint3
2101 1336 2164 1399 id
2215 1359 2417 1401 unum
2464 1338 2745 1404 alicuius

443 1442 757 1505 momenti
827 1448 931 1506 est
998 1442 1218 1524 eique,
1301 1440 1479 1523 quod
1563 1441 1644 1505 de
1709 1441 1944 1506 Poenis
2015 1445 2413 1508 contrarium
2480 1447 2748 1529 ponitur

441 1548 623 1629 (nos
669 1550 1020 1613 maxime
1067 1548 1711 1628 abominamur),
1773 1550 2163 1633 respondet,
2224 1551 2365 1616 fieri
2410 1552 2509 1632 id,
2572 1554 2748 1638 quod

439 1663 561 1720 aut
607 1656 885 1721 Romani
944 1678 1114 1721 nunc
1176 1662 1408 1739 optent
1468 1662 1583 1720 aut
1641 1678 1896 1740 semper
1941 1661 2310 1742 optaverint
2355 1668 2473 1726 aut
2518 1668 2747 1746 optare

441 1785 556 1828 eos
602 1771 937 1847 oporteat,
999 1763 1124 1827 hoc
1170 1771 1302 1828 est:
1366 1786 1505 1829 vos
1551 1770 1834 1829 autem
1878 1771 2075 1830 ante
2122 1769 2397 1832 omnia
2442 1776 2747 1853 optare

437 1870 804 1936 debetis.
943 1872 1019 1936 In
1088 1872 1404 1955 proximis
1487 1873 1618 1935 tria
1687 1892 1728 1935 a
1790 1873 2321 1939 Weissenbornio
2404 1883 2558 1959 post
2638 1877 2749 1941 Al-

442 1979 874 2058 schefskium,
937 1980 1091 2044 dum
1150 1979 1486 2044 codicibus
1548 1980 2005 2063 superstitiose
2054 1981 2539 2064 obsequuntur,
2600 2007 2749 2068 gra-

441 2088 612 2151 viter
671 2095 950 2171 peccata
1009 2095 1195 2166 sunt3
1279 2088 1707 2169 omninoque,
1778 2089 1830 2152 si
1888 2088 2339 2155 Alschefskius
2399 2091 2574 2156 hunc
2633 2095 2749 2157 tri-

441 2195 754 2259 cesimum
827 2196 1068 2260 librum
1146 2216 1276 2258 non
1352 2195 1700 2274 edidisset,
1768 2195 2084 2260 nonnulla
2145 2198 2750 2265 Weissenbornium

444 2309 817 2385 spreturum
882 2303 1087 2367 fuisse
1156 2304 1385 2380 credo,
1452 2324 1599 2385 quae
1667 2302 1749 2367 ab
1818 2303 1931 2368 illo
1991 2304 2255 2370 homine
2316 2327 2350 2370 e
2413 2306 2752 2374 codicibus

444 2417 713 2494 recepta
772 2411 1006 2475 eiicere
1064 2433 1193 2476 non
1252 2411 1579 2475 sustinuit.
1694 2410 1862 2474 Nam
1909 2413 2190 2494 primum
2239 2412 2300 2495 (ἓ
2353 2413 2456 2495 10)
2503 2413 2746 2479 Hanni-

445 2517 660 2581 balem
706 2518 959 2582 inducit
1005 2517 1083 2582 de
1131 2540 1201 2583 se
1247 2519 1340 2583 sic
1384 2517 1794 2602 loquentem:
1857 2518 2089 2595 Quod
2135 2520 2235 2584 ad
2279 2542 2396 2586 me
2443 2524 2752 2588 attine-

448 2625 626 2703 bat,
707 2627 864 2692 iam
934 2632 1138 2692 aetas
1208 2648 1480 2692 senem
1552 2627 1631 2690 in
1700 2627 2070 2710 patriam
2137 2635 2752 2712 revertentem,

439 2734 661 2798 unde
707 2755 916 2819 puer
962 2734 1412 2817 profectus
1460 2757 1666 2813 sum,
1727 2736 1887 2799 iam
1932 2737 2337 2816 secundae,
2399 2738 2560 2802 iam
2606 2740 2752 2803 ad-

443 2863 704 2907 versae
764 2864 897 2907 res
959 2843 1083 2906 ita
1142 2840 1806 2921 fraudaverunt,
1870 2848 1960 2906 ut
2018 2844 2443 2909 rationem
2506 2847 2751 2929 sequi

437 2971 682 3030 quam
729 2950 1160 3015 fortunam
1207 2951 1510 3015 malim.
1615 2950 1703 3014 Et
1750 2952 1814 3013 in
1864 2950 2320 3030 attinebat,
2381 2952 2557 3033 quod
2602 2934 2753 3036 per-

441 3058 665 3138 spicue
711 3078 982 3140 pravum
1030 3063 1131 3121 est
1177 3056 1324 3140 (pro
1372 3056 1744 3138 attinet),
1791 3057 2099 3142 quoniam
2143 3057 2210 3120 id
2256 3059 2492 3140 agitur,
2541 3061 2752 3142 qualis

443 3183 619 3226 nune
664 3164 997 3227 Hannibal
1067 3166 1151 3229 sit
1214 3165 1310 3244 (et
1369 3167 1670 3249 sequitur
1715 3163 2070 3244 malim),
2141 3168 2509 3249 comparari
2569 3167 2754 3233 iubet

443 3269 761 3349 XXVIII,
822 3276 938 3350 44,
1007 3276 1118 3350 12,
1188 3272 1303 3336 ubi
1364 3279 1430 3336 et
1489 3272 1907 3337 manifestum
1955 3278 2022 3336 et
2065 3272 2147 3336 ab
2193 3273 2338 3355 ipso
2387 3276 2751 3357 expositum

437 3387 564 3457 est,
610 3378 1111 3462 pertinebat
1156 3379 1236 3444 de
1283 3379 1414 3444 alio
1460 3386 1755 3462 tempore
1802 3400 1880 3444 ac
1924 3379 2303 3444 condicione
2350 3380 2480 3446 dici
2526 3384 2624 3463 (si
2667 3418 2756 3429 -

445 3486 1038 3568 perficeretur
1096 3521 1212 3566 —,
1281 3486 1846 3570 pertinebat),
1928 3494 2002 3551 ut
2060 3509 2140 3551 ue
2199 3489 2433 3553 umbra
2492 3491 2753 3571 quidem

439 3592 894 3657 similitudinis
942 3595 1046 3657 sit.
1137 3594 1792 3658 Fraudaverunt
1835 3602 2056 3658 autem
2099 3596 2379 3678 primum
2424 3598 2519 3661 ita
2565 3620 2753 3663 enar-

439 3705 582 3778 rat,
647 3702 836 3782 quasi
882 3701 1057 3765 idem
1102 3702 1189 3765 sit
1233 3709 1433 3782 atque
1478 3701 1825 3781 fallere,
1888 3723 1927 3766 a
1974 3705 2157 3766 cuius
2202 3703 2382 3767 verbi
2429 3705 2753 3787 significa-

445 3806 626 3871 tione
688 3815 868 3872 eerto
915 3808 1046 3872 fine
1091 3808 1500 3872 fraudare
1548 3811 1958 3899 seiungitur,
2008 3831 2157 3873 nam
2220 3810 2304 3874 ad
2364 3812 2754 3893 privandum

436 3920 511 3977 et
570 3913 985 3997 spoliandum
1032 3916 1319 3999 aliquem
1368 3937 1627 3999 semper
1670 3917 1991 3999 pertinet,
2055 3938 2266 3998 neque
2324 3920 2536 3983 minus
2595 3919 2754 3983 ridi-

435 4020 586 4086 cule
632 4021 866 4086 Latine
911 4022 1181 4088 fortuna
1226 4023 1514 4106 aliquem
1560 4022 1867 4087 fraudare
1920 4024 2184 4103 dicitur,
2246 4046 2441 4107 quam
2493 4027 2545 4090 si
2593 4028 2753 4092 Ger-

441 4129 696 4192 manice
775 4129 957 4194 dieas
1033 4130 1679 4211 bevortheilen3
1756 4130 1989 4195 deinde
2065 4153 2194 4196 non
2271 4134 2752 4216 animadvertit,

437 4233 715 4299 fallendi
774 4238 1110 4302 notionem
1181 4259 1450 4321 prorsus
1508 4260 1643 4301 non
1704 4259 1899 4320 posse
1949 4239 2145 4303 simul
2190 4239 2273 4303 ad
2321 4241 2641 4305 secundas
2688 4247 2755 4306 et

436 4342 528 4407 ad
573 4342 884 4409 adversas
929 4366 1036 4409 res
1082 4345 1584 4423 accommodari,
1631 4345 1871 4410 nedum
1906 4346 1992 4410 ad
2028 4353 2290 4411 aetatem
2323 4347 2509 4429 (iam
2554 4356 2753 4413 aetas

433 4484 524 4495 —-
568 4451 728 4515 iam
776 4472 951 4532 sec.,
995 4453 1156 4517 iam
1203 4453 1375 4517 adv,
1421 4474 1573 4532 res,
1622 4474 1765 4538 quae
1812 4454 2155 4537 particulae
2198 4455 2509 4538 repetitio
2556 4456 2757 4519 etiam

2228 4572 2297 4625 28
