3230 5282
629 578 751 632 Lib.
788 577 964 632 XLII.
1714 565 1837 625 630

629 757 757 815 sta
802 770 1019 815 arma
1061 751 1190 832 pio
1238 750 1622 833 iustoque
1670 770 1749 814 se
1788 734 2274 833 ‘tutarentur
2333 747 2578 825 bello,
2650 747 2775 811 vel
2820 747 2917 811 ad

629 865 1078 923 extremum
1143 893 1229 902 —
1294 857 1536 922 semel
1597 863 2090 936 statuerent,
2159 856 2355 938 quid
2401 856 2782 919 donatum
2828 876 2922 919 ex

630 967 898 1032 alieno
944 965 1398 1030 Masinissae
1455 965 1778 1029 vellent.
1873 964 2206 1029 Orationis
2252 964 2461 1029 forma
2507 963 2919 1047 apertissime

628 1075 936 1158 postulat,
984 1081 1060 1137 ut
1104 1074 1241 1137 haec
1287 1079 1601 1154 quattuor
1648 1072 1848 1137 verba
1892 1074 2283 1142 sinerent,
2336 1071 2920 1156 disceptarent,

628 1184 1224 1267 permitterent,
1276 1189 1735 1245 statuerent
1782 1181 1864 1245 ad
1912 1182 2085 1245 idem
2131 1183 2496 1245 subiectum
2528 1180 2919 1259 referantur,

629 1292 977 1356 Romanos,
1040 1289 1278 1354 Verum
1315 1290 1588 1361 Romani
1635 1289 1844 1372 apud
1894 1292 2142 1354 socium
2189 1290 2504 1373 populum
2552 1289 2923 1373 disceptare

627 1420 754 1463 non
800 1406 1134 1490 poterant:
1205 1398 1267 1461 id
1333 1398 1500 1460 enim
1560 1419 1785 1461 eorum
1833 1407 1952 1474 est,
2002 1400 2112 1482 qui
2161 1419 2421 1462 causam
2474 1419 2659 1461 suam
2705 1404 2924 1480 agunt,

627 1507 869 1590 populo
917 1506 1094 1570 socio
1141 1506 1493 1569 iudicante.
1583 1505 1655 1568 In
1705 1506 1925 1571 codice
1973 1518 2101 1571 est:
2159 1515 2245 1570 ut
2292 1506 2415 1569 uel
2465 1528 2551 1570 ex
2600 1527 2796 1590 equo
2842 1508 2926 1570 in

627 1617 926 1679 socium
974 1613 1538 1698 populumque,
1587 1615 1776 1696 quid
1824 1617 2213 1697 cuiusque
2263 1624 2481 1679 esset
2516 1615 2923 1697 discepta-

624 1730 819 1788 rent.
927 1721 1355 1786 Scribendum
1422 1722 1623 1804 igitur
1691 1733 1792 1786 est
1859 1723 1965 1803 (de
2036 1724 2407 1800 Romanis):
2479 1729 2562 1786 ut
2631 1722 2756 1787 vel
2825 1745 2921 1785 ex

627 1852 846 1914 aequo
892 1832 1106 1896 inter
1149 1851 1412 1913 regem
1463 1832 1760 1895 socium
1808 1832 2374 1914 populumque.
2424 1853 2483 1914 q.
2534 1852 2584 1894 c.
2635 1853 2709 1908 e.‚
2757 1830 2925 1895 dis-

626 1948 1073 2024 ceptarent.
1187 1939 1392 2002 Paulo
1462 1945 1611 2002 ante
1705 1937 1764 2021 (ξ
1835 1943 1869 2002 3
1941 1949 2007 2022 et
2074 1943 2138 2020 4)
2223 1942 2317 2003 sic
2399 1940 2923 2023 interpungenda

625 2051 836 2115 oratio
882 2055 1012 2113 est:
1062 2047 1791 2130 Carthaginienses
1839 2048 2170 2112 foedere
2217 2048 2596 2128 illigatos
2644 2049 2928 2128 silere3

626 2157 1057 2242 prohiberi
1127 2157 1339 2220 enim
1410 2165 1641 2221 extra
1706 2157 1918 2221 fines
1986 2156 2283 2220 efferre
2356 2178 2602 2237 arma3
2661 2177 2930 2241 quam-

627 2287 857 2349 quam
904 2266 1168 2329 sciant
1212 2266 1290 2328 in
1340 2265 1506 2328 suis
1553 2265 1894 2341 sinibus,
1957 2267 2019 2328 si
2077 2263 2259 2328 inde
2306 2263 2696 2329 Numidas
2764 2264 2928 2348 pel-

625 2381 825 2451 rent,
875 2396 953 2437 se
999 2381 1381 2454 gesturos
1419 2372 1753 2452 bellum3
1804 2374 2154 2455 (correctio
2190 2372 2328 2437 haec
2365 2381 2481 2451 est,
2530 2381 2727 2456 caput
2762 2371 2929 2436 illud

628 2483 707 2547 de
756 2484 953 2546 armis
1002 2489 1185 2544 extra
1231 2481 1389 2545 fines
1433 2504 1560 2545 non
1601 2481 1944 2545 efferendis
1983 2483 2065 2546 ab
2105 2482 2229 2546 hac
2274 2502 2345 2545 re
2390 2502 2762 2560 remorens;
2811 2479 2924 2544 sed

626 2591 806 2656 aliud
848 2591 1160 2670 restaret)
1209 2589 1347 2655 illo
1396 2590 1608 2655 haud
1657 2590 2031 2674 ambiguo
2081 2591 2355 2675 capite
2393 2587 2742 2654 foederis
2800 2588 2920 2653 de-

626 2702 950 2777 terreri,
999 2720 1145 2781 quo
1193 2699 1499 2764 diserte
1546 2707 1929 2764 vetentur
1976 2707 2096 2765 cet.
2167 2701 2472 2764 Fortasse
2512 2699 2712 2762 etiam
2761 2699 2920 2762 scri·

628 2808 913 2873 bendum
959 2807 1167 2872 haud
1218 2809 1615 2888 ambigue,
1666 2831 1814 2872 nam
1864 2816 2061 2892 caput
2103 2809 2321 2892 ipsum
2366 2828 2495 2870 non
2542 2807 2914 2889 ambiguum

626 2940 789 2997 esse,
836 2918 1208 2982 declaratur
1256 2916 1568 2980 vocabulo
1623 2918 1945 2981 diserte.
2036 2917 2344 2980 Extremo
2404 2916 2619 2998 capite
2668 2913 2727 2997 (ξ
2774 2919 2812 2979 9
2858 2926 2925 2977 et

629 3028 734 3107 10)
782 3028 998 3091 editur
1045 3027 1166 3091 sic:
1226 3024 1507 3087 Tutam
1554 3027 2029 3090 servitutem
2078 3047 2157 3090 se
2205 3025 2373 3105 (cod.
2425 3025 2920 3087 iuventutem

625 3136 722 3216 ei)
773 3136 919 3200 sub
971 3136 1317 3199 dominis
1368 3135 1749 3198 Romanis
1797 3156 2023 3217 quam
2073 3133 2551 3198 libertatem
2599 3132 2920 3214 exposi-

621 3251 780 3309 tam
847 3244 938 3309 ad
1019 3244 1364 3306 iniurias
1448 3241 1901 3307 Masinissae
1979 3241 2238 3305 malle.
2342 3242 2621 3304 Perire
2703 3260 2917 3303 nam·

625 3374 774 3436 que
822 3351 1060 3416 semel
1109 3352 1296 3432 ipsis
1345 3353 1606 3415 satius
1656 3371 1832 3415 esse
1881 3372 2109 3433 quam
2180 3350 2323 3414 sub
2397 3347 2917 3413 acerbissimi

628 3459 795 3540 (cod.
843 3457 1404 3539 acerbissimo)
1455 3459 1890 3524 carnificis
1949 3459 2300 3523 arbitrio
2361 3458 2745 3541 spiritum
2789 3454 2912 3518 du·

625 3589 822 3632 cere.
914 3567 1138 3631 Causae
1207 3568 1593 3650 significatio
1662 3567 2058 3649 (namque)
2129 3588 2359 3650 parum
2428 3572 2586 3648 apta
2641 3563 2909 3628 videtur.

624 3678 931 3756 quoniam
965 3698 1092 3739 nou
1130 3676 1298 3740 idem
1338 3686 1434 3741 est
1471 3678 1736 3759 perire
1788 3675 2028 3740 semel
2078 3682 2143 3738 et
2175 3676 2252 3738 in
2298 3683 2482 3737 tuta
2518 3673 2914 3738 servitute

621 3785 853 3848 vivere.
945 3782 1166 3848 Codex
1214 3784 1443 3849 habet:
1513 3786 1790 3869 perire
1836 3806 2099 3867 neque
2148 3782 2386 3847 semel
2432 3784 2607 3865 ipse
2656 3781 2913 3844 satin-⁴

620 3893 793 3975 ipse
865 3914 1036 3957 esse
1105 3914 1334 3974 quam
1380 3902 1501 3957 cet.
1594 3892 1870 3956 Videtur
1916 3893 2071 3956 olim
2119 3893 2433 3975 scriptum
2481 3890 2708 3953 fuisse:
2778 3887 2916 3951 Pe·

620 4003 785 4065 rire
834 4023 1148 4084 quoque
1198 4002 1692 4084 semel-‘ipsis
1738 4002 1999 4066 satius
2047 4022 2225 4065 esse
2273 4020 2500 4081 quam
2543 4006 2663 4063 cet.
2736 3995 2913 4079 [Rec-

622 4111 750 4173 tius
799 4109 1186 4174 Vahlenius:
1259 4110 1536 4174 Perire
1585 4108 1981 4193 denique]

452 4217 597 4286 (519)
806 4216 962 4302 Cap.
1013 4223 1110 4295 24,
1165 4225 1225 4281 1:
1298 4219 1808 4302 Interrogari
1860 4218 2282 4282 Gulussam
2329 4217 2671 4300 placuit,
2733 4211 2915 4297 quid

624 4326 720 4390 ad
787 4348 877 4390 ea
945 4327 1114 4408 (quae
1185 4328 1381 4409 legati
1428 4325 1997 4409 Carthaginienses
2066 4326 2278 4407 questi
2326 4324 2541 4404 erant)
2589 4342 2912 4405 respon-

626 4434 887 4513 deret,
935 4445 1105 4503 aut,
1155 4437 1220 4499 si
1267 4436 1491 4517 prius
1538 4435 1846 4513 mallet,
1896 4441 2436 4517 expromeret,
2484 4452 2723 4515 super
2768 4450 2912 4511 qua
