3230 5282
1663 594 1784 654 592

569 785 639 841 et
686 779 812 859 34),
860 778 1307 862 quaternionis
1369 775 1577 840 XXVI
1636 775 1793 840 folia
1849 783 2162 859 quattuor
2208 777 2426 838 media
2463 774 2714 856 (XLIV,
2746 774 2872 854 35),

569 891 752 967 quat.
801 885 1045 949 XXVII
1116 887 1242 948 duo
1310 886 1530 949 media
1595 867 1844 963 (XLIV,
1905 883 2033 964 40),
2092 889 2269 966 quat.
2329 882 2605 945 XXVIII
2662 889 2874 946 extre-

573 1016 753 1056 mum
801 993 1051 1071 (XLIV,
1100 992 1228 1074 46),
1276 999 1456 1073 quat.
1503 991 1688 1054 XXX
1724 992 1854 1056 duo
1893 998 2185 1056 extrema
2223 990 2439 1070 (XLV,
2493 995 2589 1068 14,
2636 997 2701 1053 et
2746 990 2872 1070 21),

583 1108 763 1184 quat.
813 1100 1087 1164 XXXIV
1133 1102 1414 1183 primum
1462 1099 1678 1179 (XLV,
1727 1099 1867 1180 39);
1912 1120 2088 1162 nunc
2135 1099 2319 1163 deest
2365 1100 2563 1162 etiam
2610 1105 2872 1181 quater-

572 1210 684 1272 nio
733 1209 930 1288 alter,
977 1232 1012 1272 e
1058 1230 1184 1291 quo
1233 1208 1550 1289 Grynaeus
1610 1208 1910 1272 ediderat
1968 1208 2121 1271 libri
2166 1207 2314 1270 XLI
2365 1206 2590 1289 capit-a
2644 1228 2872 1270 novem

569 1315 745 1396 (quae
793 1337 833 1379 a
878 1318 1090 1399 primo
1140 1316 1596 1397 numerantur)
1646 1335 1853 1397 usque
1899 1315 1985 1378 ad
2029 1315 2169 1379 haec
2207 1314 2405 1378 verba
2439 1316 2673 1397 capitis
2721 1315 2871 1378 noni

571 1425 845 1487 extremi
914 1422 1627 1506 (§10):[edic]tum
1696 1443 1908 1486 cons,
1970 1444 2067 1487 sc.
2139 1423 2539 1485 adiectum
2611 1428 2765 1500 est,
2835 1443 2873 1486 a

567 1531 808 1611 quibus
854 1552 1027 1595 nunc
1073 1533 1278 1596 codex
1322 1532 1569 1613 incipit.
1662 1530 1895 1613 Itaque
1953 1532 2022 1594 in
2078 1530 2205 1594 illis
2262 1551 2491 1593 novem
2549 1528 2871 1611 capitibus

567 1640 902 1721 scriptura
948 1661 1079 1703 una
1125 1639 1389 1722 Grynaei
1448 1638 1576 1702 fide
1635 1637 1959 1716 nititur1).
2051 1639 2266 1720 Atque
2314 1639 2629 1718 Grynaeus
2677 1659 2872 1719 quum

564 1747 661 1810 sic
706 1746 826 1810 hos
872 1748 1078 1812 libros
1127 1747 1469 1825 edidisset,
1519 1754 1593 1811 ut
1644 1746 1807 1808 Livii
1865 1747 2229 1810 orationem
2287 1744 2717 1838 describendo
2764 1744 2871 1808 de-

567 1860 908 1937 pravatam
955 1855 1255 1937 plurimis
1300 1856 1465 1920 locis
1526 1856 1908 1918 coniectura
1953 1860 2236 1918 mutaret
2292 1853 2387 1931 (in
2436 1875 2564 1935 quo
2609 1853 2869 1935 negotio

569 1969 809 2044 praeter
874 1963 1201 2025 minorum
1269 1968 1336 2026 et
1401 1962 1699 2025 facilium
1758 1961 2142 2026 mendorum
2199 1983 2405 2044 prope
2471 1961 2872 2025 infinitorum

568 2072 1054 2148 correctionem·
1104 2072 1302 2133 etiam
1359 2071 1665 2151 graviora
1722 2076 1787 2133 et
1845 2070 2221 2133 obscuriora
2278 2070 2558 2151 plurima
2614 2069 2870 2150 egregio

567 2179 864 2242 acumine
933 2185 999 2240 et
1057 2180 1420 2259 sagacitate
1481 2177 1780 2255 sustulit,
1848 2179 1914 2241 in
1982 2178 2129 2241 aliis
2197 2177 2527 2240 aberravit
2585 2177 2870 2256 vitiaque

567 2285 1030 2366 interpolando
1079 2285 1288 2364 auxit)
1336 2305 1456 2347 nec
1500 2291 1741 2362 tamen,
1789 2285 1964 2366 quod
2009 2285 2185 2348 illius
2227 2286 2443 2349 aetatis
2479 2305 2620 2347 mos
2660 2285 2870 2346 minus

565 2392 982 2474 postulabat,
1031 2392 1185 2472 quid
1252 2394 1318 2454 in
1377 2392 1600 2455 codice
1647 2389 2011 2474 repertum,
2074 2392 2230 2472 quid
2288 2414 2328 2456 a
2384 2413 2452 2456 se
2509 2392 2871 2473 profectum

571 2505 760 2574 esset,
809 2499 1150 2572 indicaret,
1199 2506 1584 2582 oportuerat
1619 2501 1891 2583 pridem,
1937 2507 2288 2583 postquam
2325 2500 2702 2582 diligentius
2736 2500 2871 2562 haec

569 2612 637 2670 et
683 2607 996 2671 minutius
1032 2608 1304 2671 tractari
1345 2614 1581 2692 coepta
1614 2616 1784 2687 sunt,
1833 2607 2123 2673 codicem
2157 2629 2306 2672 cum
2344 2608 2536 2672 editis
2563 2608 2871 2671 collatum

571 2715 838 2796 eiusque
889 2718 1285 2798 scripturam
1324 2716 1674 2797 diligenter
1708 2717 2098 2781 adnotatam
2134 2738 2297 2793 esse,
2344 2723 2419 2780 ut
2454 2724 2705 2780 certum
2747 2714 2880 2778 effi-

572 2829 829 2886 ceretur
875 2824 1253 2907 praesidium
1293 2832 1359 2888 et
1397 2825 1633 2887 veteris
1668 2825 2143 2890 emendationis
2178 2824 2545 2888 iudicandae
2591 2833 2656 2887 et
2703 2844 2878 2886 novae

569 2931 918 2995 tentandae.
989 2932 1066 2994 Ei
1117 2934 1210 2995 rei
1261 2954 1462 3013 quum
1508 2953 1717 3013 usque
1767 2932 1850 2995 ad
1896 2939 2121 2996 nostra
2155 2954 2360 3015 prope
2398 2940 2696 3013 tempora
2737 2952 2880 3014 par-

568 3038 690 3101 tim
735 3039 1072 3103 hominum
1120 3042 1375 3103 incuria
1423 3038 1813 3117 obstitisset,
1863 3041 2104 3123 partim
2152 3062 2378 3104 eorum
2427 3040 2721 3122 pravitas
2769 3046 2881 3100 aut

569 3146 843 3219 invidia,
893 3148 1004 3229 qui
1052 3147 1422 3210 huiusmodi
1484 3147 1833 3211 thesauros
1890 3148 2260 3211 litterarum
2321 3148 2596 3212 utilitati
2659 3146 2879 3209 deberi

571 3254 967 3334 ignorabant
1014 3256 1228 3337 iisque
1281 3255 1821 3331 committendOS‚
1879 3257 1989 3336 qui
2037 3262 2215 3320 recte
2262 3256 2344 3319 iis
2391 3257 2489 3319 uti
2536 3263 2601 3318 et
2646 3255 2882 3318 vellent

571 3369 639 3424 et
683 3368 988 3444 possent,
1051 3363 1297 3443 primus
1372 3361 1462 3424 Io.
1512 3362 1799 3444 Theoph.
1859 3363 2305 3445 KreyssigiuS,
2376 3364 2619 3446 partim
2684 3384 2881 3445 quum

573 3468 930 3532 editionem
973 3469 1137 3561 Livii
1185 3468 1648 3533 Ernestianam
1685 3477 1992 3551 quartum
2036 3470 2240 3553 (Lips.
2283 3472 2731 3552 1823—1827)
2778 3493 2864 3535 re·

571 3576 925 3658 petendam
970 3582 1252 3653 curaret,
1302 3577 1543 3659 partim
1591 3600 1795 3660 quum
1840 3579 2158 3645 minorem
2202 3579 2367 3641 Livii
2414 3579 2770 3643 editionem
2814 3578 2882 3658 (a

571 3681 998 3747 Tauchnitzio
1047 3705 1103 3746 a.
1159 3688 1320 3746 1828
1368 3686 1782 3768 impressam)
1817 3686 2192 3765 adornaret,
2239 3708 2401 3751 usus
2440 3695 2540 3751 est
2576 3687 2879 3771 scipturis

576 3789 821 3855 codicis
888 3812 928 3856 a
994 3790 1340 3873 Kopitario
1421 3791 1602 3856 facta
1672 3794 2025 3858 collatione
2085 3798 2367 3860 enotatis
2427 3798 2881 3880 permultaque

571 3919 797 3963 earum
843 3920 985 3981 ope,
1035 3899 1337 3962 adhibita
1383 3901 1584 3963 etiam
1632 3901 1715 3965 ad
1762 3902 2004 3965 codicis
2051 3905 2324 3985 vestigia
2372 3907 2593 3986 sagaci
2630 3906 2882 3969 coniec-

391 4018 540 4090 (486)
576 4012 729 4069 tura
766 4008 1022 4089 egregie
1055 4008 1375 4083 restituit3
1424 4008 1682 4072 addidit
1717 4009 2014 4089 quaedam
2047 4011 2229 4075 Imm.
2278 4012 2616 4078 Bekkerus
2653 4014 2883 4076 eadem

618 4275 666 4341 ¹)
702 4275 972 4330 Extrema
1012 4295 1138 4346 pars
1175 4278 1303 4330 libri
1341 4278 1469 4331 XLI
1505 4278 1618 4332 iam
1655 4284 1787 4335 ante
1823 4281 2208 4347 interciderat,
2248 4301 2411 4351 quam
2449 4285 2627 4339 codex
2664 4284 2875 4339 Vindo-

705 4362 973 4416 bonensis
1012 4364 1258 4432 scriptus
1297 4374 1399 4430 est,
1437 4364 1496 4417 in
1534 4382 1644 4434 quo
1681 4366 1778 4419 illo
1816 4367 1944 4419 loco
1993 4384 2177 4435 neque
2223 4368 2357 4422 folia
2404 4371 2607 4424 desunt
2654 4377 2711 4424 et
2757 4371 2885 4423 sub-

705 4447 942 4516 scriptio
994 4448 1170 4502 solita
1204 4449 1447 4518 ponitur.
