3230 5282
1545 629 1668 690 393
2377 642 2500 696 Lib.
2539 642 2765 698 XXVII.

449 813 800 879 honores
869 814 963 879 ad
1035 812 1611 878 exsolvendam
1677 814 1920 879 fidem
1987 835 2029 879 a
2094 816 2428 880 consule
2488 815 2752 881 habiti
2790 822 2937 894 (321)

451 945 582 988 non
626 923 1121 1006 intellegantur,
1168 922 1346 1006 quod
1395 923 1714 987 sermonis
1758 929 2001 988 natura
2046 923 2358 1006 postulat,
2408 945 2450 990 a
2494 925 2764 990 consule

451 1032 682 1112 habiti,
719 1032 833 1096 sed
869 1031 1078 1096 habiti
1116 1029 1200 1095 ad
1235 1029 1699 1095 exsolvendam
1735 1029 1931 1094 fidem
1966 1031 2274 1097 consulis.
2343 1031 2761 1098 Manifestum

452 1146 584 1220 est,
656 1139 980 1204 excidisse
1038 1138 1304 1203 datam
1361 1144 1515 1203 ante
1572 1138 1853 1203 habiti.
1955 1138 2042 1204 Et
2099 1146 2175 1204 ut
2232 1141 2493 1204 omnino
2550 1142 2614 1205 in
2661 1142 2764 1206 his

452 1247 677 1313 decem
734 1248 922 1312 libris
969 1248 1310 1330 permultis
1354 1247 1519 1312 locis
1565 1247 1766 1312 verba
1811 1247 1952 1311 sine
1997 1246 2161 1326 ulla,
2229 1268 2373 1329 quae
2419 1257 2762 1332 appareat,

451 1356 714 1421 errandi
773 1375 975 1421 causa
1030 1338 1271 1420 omissa
1317 1361 1471 1420 sunt
1519 1352 1692 1433 (vid.,
1739 1375 1884 1438 quae
1930 1355 2235 1439 exposita
2281 1362 2434 1420 sunt
2479 1380 2541 1439 p.
2592 1357 2762 1438 208),

453 1466 543 1529 sic
599 1464 665 1528 in
711 1464 837 1528 hac
881 1464 1028 1546 ipsa
1071 1464 1309 1527 vicinia
1353 1461 1848 1546 pei-frequentia
1895 1469 2050 1528 sunt
2095 1463 2237 1528 eius
2283 1464 2379 1528 rei
2425 1465 2760 1548 exempla3

453 1593 605 1638 nam
652 1579 718 1637 et
741 1592 793 1636 c.
824 1577 880 1650 7,
934 1576 997 1633 1:
1048 1571 1297 1653 (exitu
1344 1572 1517 1635 eius
1565 1572 1752 1635 anni
1799 1570 2095 1634 (Lloellus
2143 1570 2269 1636 die
2316 1571 2644 1653 quarto)
2692 1579 2760 1638 et

450 1681 678 1745 eodem
759 1681 975 1764 capite
1057 1678 1090 1762 ἓ
1160 1687 1200 1744 4
1291 1678 1405 1760 (ob
1484 1700 1612 1743 res
1689 1678 2063 1743 feliciter
2138 1701 2179 1744 a
2241 1678 2311 1743 P.
2380 1679 2761 1764 Scipione

448 1796 725 1872 gestas
782 1787 1284 1869 supplicatione·
1342 1788 1420 1853 in
1476 1808 1711 1851 unum
1767 1786 1999 1867 diem)
2059 1793 2126 1851 et
2181 1785 2215 1869 ξ
2278 1792 2364 1852 10
2425 1787 2525 1871 (C.
2577 1787 2761 1853 Cal-

448 1898 791 1981 purnius
851 1895 1232 1977 praefuisset,
1285 1897 1556 1958 «leci-etse.
1662 1895 1927 1957 urba-us
1973 1896 2342 1959 exercitu
2359 1894 2419 1976 s)
2477 1902 2546 1960 et
2601 1896 2633 1978 ξ
2685 1903 2761 1960 14

448 2004 922 2089 (additaque
969 2004 1186 2069 eaden
1232 2002 1583 2085 ign-lala,
1635 2001 1781 2067 sub
1828 2001 2011 2085 qua)
2059 2009 2125 2067 et
2169 2025 2222 2067 c.
2267 2009 2361 2083 11,
2410 2009 2447 2068 9
2497 2003 2607 2085 (ut
2651 2004 2757 2082 qul

446 2114 754 2197 primus
801 2111 1111 2193 censor)
1158 2118 1227 2178 et
1270 2111 1501 2177 eodem
1548 2112 1767 2193 capite
1814 2108 1952 2192 §12
2001 2111 2216 2193 (post
2262 2110 2761 2177 Cannensem

446 2221 700 2284 ‹lade--
760 2221 846 2285 In
882 2219 1441 2302 equestribus)
1479 2240 1558 2284 ea
1590 2219 1811 2298 verba,
1846 2240 1990 2301 quae
2029 2219 2403 2284 litterarum
2425 2219 2637 2284 forma
2662 2201 2760 2285 in-

447 2330 697 2412 signivi,
722 2349 781 2410 va
814 2328 1152 2393 codicibus
1190 2329 1450 2408 absunt,
1486 2329 1571 2392 ab
1600 2327 1963 2393 editoribus
2001 2347 2321 2392 consensu
2348 2328 2758 2411 supplentur.

448 2437 577 2501 Cur
609 2439 816 2520 igitur
848 2438 916 2501 in
954 2458 1082 2501 uno
1116 2437 1262 2502 loco
1298 2436 1717 2501 incredibilia
1751 2436 1970 2518 potius
2006 2434 2344 2518 finguntur
2367 2457 2564 2520 quam
2587 2437 2762 2501 idem

447 2544 794 2623 accidisse,
878 2545 1206 2610 sententia
1272 2550 1338 2609 et
1405 2545 1701 2608 oratione
1771 2543 2299 2623 demonstrante,
2379 2546 2759 2609 statuatur?

404 2723 406 2725 .
452 2654 640 2733 Quid,
689 2655 864 2737 quod
909 2655 976 2718 in
1022 2654 1148 2717 hoc
1194 2654 1339 2735 ipso
1385 2654 1603 2736 capite
1649 2653 1929 2717 alterum
1972 2653 2231 2718 videtur
2275 2674 2416 2717 esse
2462 2654 2684 2718 omissi
2722 2675 2763 2717 a

448 2762 724 2827 librario
792 2761 975 2826 verbi
1042 2760 1455 2844 exemplum?
1542 2760 1711 2824 Nam
1779 2760 1954 2843 quod
2013 2758 2047 2842 ἓ
2105 2764 2142 2824 9
2212 2782 2247 2825 e
2304 2759 2424 2824 PM
2481 2761 2760 2841 aliisque

449 2870 787 2936 codicibus
854 2890 1063 2952 nuper
1129 2868 1375 2933 editum
1443 2875 1574 2934 est:
1667 2868 1762 2932 ad
1834 2866 2210 2932 Siciliam
2276 2870 2758 2947 transmisit,

449 2979 701 3042 tertio
748 2977 1056 3042 decimo
1104 2976 1252 3055 die,
1314 2996 1547 3057 quam
1591 2974 2021 3059 profectus
2068 2976 2272 3054 inde,
2320 2975 2760 3058 Lilybaeum

449 3092 842 3163 revectus,
888 3105 1121 3167 parum
1167 3083 1499 3148 credibilis
1545 3083 1815 3165 fingitur
1859 3084 1926 3147 in
1971 3084 2095 3147 hoc
2141 3084 2480 3147 sententiae
2525 3104 2761 3165 genere

451 3192 631 3256 verbi
689 3192 1084 3257 substantivi
1142 3192 1435 3270 omissio,
1504 3192 1872 3274 praesertim
1940 3192 2006 3254 in
2074 3191 2189 3255 illa
2259 3190 2760 3273 participiorum

451 3300 786 3365 vicinitate
879 3299 1333 3383 (profectus
1424 3299 1643 3377 inde,
1733 3296 2166 3381 Lilybaeum
2254 3298 2754 3379 revectus).¹)

448 3409 679 3489 Itaque
726 3415 840 3473 aut
886 3415 1011 3473 est
1056 3408 1433 3472 addendum
1482 3404 1845 3487 (indest),
1915 3406 2093 3490 quod
2147 3405 2409 3471 facilius
2456 3405 2761 3470 excidere

448 3518 685 3599 potuit,
733 3521 870 3595 aut,
920 3515 1098 3598 quod
1128 3516 1522 3598 superiores
1569 3515 1857 3579 editores
1902 3512 2314 3591 addiderant,
2362 3521 2556 3592 erat,
2605 3535 2761 3579 con-

449 3625 814 3689 venientius
873 3624 1002 3688 hoc
1058 3623 1227 3687 Livii
1286 3621 1768 3687 consuetudini.
1878 3622 2048 3687 Nam
2107 3628 2182 3687 ut
2237 3623 2760 3687 constantissime

449 3731 720 3796 dicitur:
781 3730 1079 3795 Tribus
1126 3729 1430 3809 diebus,
1488 3729 1788 3813 quibus
1835 3728 2085 3793 Gaius
2130 3730 2349 3793 venit
2395 3728 2540 3812 (qu.
2588 3750 2762 3793 ven-

449 3845 611 3902 tum
658 3838 827 3919 est),
874 3838 1154 3902 urbem
1201 3840 1441 3921 cepit,
1487 3840 1600 3916 ita,
1646 3838 1866 3920 posito
1915 3837 2162 3902 ordinis
2206 3857 2498 3917 numero,
2540 3836 2762 3901 Livius

448 3951 515 4010 et
564 3946 920 4010 Sallustius
965 3946 1059 4009 sic
1104 3944 1322 4010 dicere
1368 3946 1611 4010 solent:
1671 3942 1799 4010 die
1856 3945 2173 4025 quinto,
2233 3964 2463 4026 quam
2510 3943 2763 4009 Gaius

504 4152 557 4219 ¹)
593 4152 782 4207 Unum
839 4158 927 4207 est
980 4159 1256 4222 praeterea
1300 4153 1360 4208 in
1405 4153 1516 4207 hoc
1563 4169 1794 4221 genere,
1851 4151 2001 4219 quod
2048 4151 2563 4220 frequentissimum
2609 4153 2762 4219 apud

583 4238 806 4290 Livium
843 4243 956 4305 est,
1007 4239 1202 4292 omissi
1249 4238 1408 4293 verbi
1454 4238 1769 4307 exemplum
1807 4238 1865 4290 in
1901 4237 1998 4290 lib.
2036 4235 2194 4303 XXI,
2249 4240 2336 4303 15,
2383 4239 2437 4290 3:
2494 4235 2755 4291 Octavo

582 4339 843 4389 mense,
921 4341 1116 4391 quam
1180 4329 1499 4392 coeptum
1565 4322 1978 4393 oppugnari,
2044 4327 2311 4390 captum
2376 4320 2759 4391 Saguntum

584 4407 858 4475 quidam
904 4410 1264 4478 scripsere.
1346 4406 1642 4477 [Similiter
1677 4407 1802 4473 VII,
1849 4408 1900 4474 6,
1938 4410 1972 4460 2
2015 4408 2248 4460 verbum
2296 4407 2580 4461 omittitur
2626 4414 2761 4476 post

581 4492 1022 4562 priusquam]
