<?xml version="1.0" encoding="UTF-8"?>
<!DOCTYPE html PUBLIC "-//W3C//DTD XHTML 1.0 Transitional//EN"
    "http://www.w3.org/TR/xhtml1/DTD/xhtml1-transitional.dtd">
<html xmlns="http://www.w3.org/1999/xhtml" xml:lang="en" lang="en">
 <head>
  <title>
</title>
<meta http-equiv="Content-Type" content="text/html;charset=utf-8" />
  <meta name='ocr-system' content='tesseract 3.04.00' />
  <meta name='ocr-capabilities' content='ocr_page ocr_carea ocr_par ocr_line ocrx_word'/>
</head>
<body>
  <div class='ocr_page' id='page_1' title='image "./emendationesliv03madvgoog_0278.png"; bbox 0 0 3230 5282; ppageno 0'>
   <div class='ocr_carea' id='block_1_1' title="bbox 654 612 1873 681">
    <p class='ocr_par' dir='ltr' id='par_1_1' title="bbox 654 612 1873 681">
     <span class='ocr_line' id='line_1_1' title="bbox 654 612 1873 681; baseline -0.005 -1"><span class='ocrx_word' id='word_1_1' title='bbox 654 626 779 681; x_wconf 87' lang='lat' dir='ltr'><strong>Lib.</strong></span> <span class='ocrx_word' id='word_1_2' title='bbox 816 625 963 680; x_wconf 83' lang='lat' dir='ltr'><strong>XXI.</strong></span> <span class='ocrx_word' id='word_1_3' title='bbox 1748 612 1873 674; x_wconf 76' lang='lat'><strong>268</strong></span> 
     </span>
    </p>
   </div>
   <div class='ocr_carea' id='block_1_2' title="bbox 487 793 3037 4009">
    <p class='ocr_par' dir='ltr' id='par_1_2' title="bbox 487 793 3037 4009">
     <span class='ocr_line' id='line_1_2' title="bbox 656 793 2954 881; baseline -0 -19"><span class='ocrx_word' id='word_1_4' title='bbox 656 796 1200 876; x_wconf 74' lang='lat' dir='ltr'><strong>titubassent,</strong></span> <span class='ocrx_word' id='word_1_5' title='bbox 1265 796 1573 862; x_wconf 77' lang='lat' dir='ltr'><strong>haerere</strong></span> <span class='ocrx_word' id='word_1_6' title='bbox 1633 793 1966 860; x_wconf 83' lang='lat' dir='ltr'><strong>adflicti</strong></span> <span class='ocrx_word' id='word_1_7' title='bbox 2010 797 2363 880; x_wconf 86' lang='lat' dir='ltr'><strong>vestigio</strong></span> <span class='ocrx_word' id='word_1_8' title='bbox 2413 817 2588 877; x_wconf 87' lang='lat' dir='ltr'><strong>suc,</strong></span> <span class='ocrx_word' id='word_1_9' title='bbox 2653 796 2954 881; x_wconf 89' lang='lat' dir='ltr'><strong>aliique</strong></span> 
     </span>
     <span class='ocr_line' id='line_1_3' title="bbox 658 904 2953 989; baseline -0.001 -19"><span class='ocrx_word' id='word_1_10' title='bbox 658 926 903 989; x_wconf 89' lang='lat' dir='ltr'><strong>super</strong></span> <span class='ocrx_word' id='word_1_11' title='bbox 984 904 1197 971; x_wconf 89' lang='lat' dir='ltr'><strong>alios</strong></span> <span class='ocrx_word' id='word_1_12' title='bbox 1276 910 1356 969; x_wconf 91' lang='lat' dir='ltr'><strong>et</strong></span> <span class='ocrx_word' id='word_1_13' title='bbox 1430 904 1791 969; x_wconf 91' lang='lat' dir='ltr'><strong>iumenta</strong></span> <span class='ocrx_word' id='word_1_14' title='bbox 1864 904 1943 968; x_wconf 92' lang='lat' dir='ltr'><strong>in</strong></span> <span class='ocrx_word' id='word_1_15' title='bbox 2008 904 2282 971; x_wconf 92' lang='lat' dir='ltr'><strong>homin</strong></span> <span class='ocrx_word' id='word_1_16' title='bbox 2302 926 2387 970; x_wconf 91' lang='lat' dir='ltr'><strong>es</strong></span> <span class='ocrx_word' id='word_1_17' title='bbox 2457 904 2953 984; x_wconf 88' lang='lat' dir='ltr'><strong>occiderent;</strong></span> 
     </span>
     <span class='ocr_line' id='line_1_4' title="bbox 655 1011 3037 1097; baseline 0 -20"><span class='ocrx_word' id='word_1_18' title='bbox 655 1019 966 1096; x_wconf 91' lang='lat' dir='ltr'><strong>recteque</strong></span> <span class='ocrx_word' id='word_1_19' title='bbox 1011 1012 1587 1077; x_wconf 88' lang='lat' dir='ltr'><strong>Weissenbornius</strong></span> <span class='ocrx_word' id='word_1_20' title='bbox 1633 1012 1715 1075; x_wconf 90' lang='lat' dir='ltr'><strong>in</strong></span> <span class='ocrx_word' id='word_1_21' title='bbox 1757 1011 1801 1075; x_wconf 86' lang='lat' dir='ltr'><strong>h</strong></span> <span class='ocrx_word' id='word_1_22' title='bbox 1814 1032 1930 1076; x_wconf 90' lang='lat' dir='ltr'><strong>om</strong></span> <span class='ocrx_word' id='word_1_23' title='bbox 1944 1013 1967 1075; x_wconf 93' lang='lat' dir='ltr'><strong>i</strong></span> <span class='ocrx_word' id='word_1_24' title='bbox 1982 1035 2026 1077; x_wconf 91' lang='lat' dir='ltr'><strong>n</strong></span> <span class='ocrx_word' id='word_1_25' title='bbox 2041 1033 2076 1077; x_wconf 93' lang='lat' dir='ltr'><strong>e</strong></span> <span class='ocrx_word' id='word_1_26' title='bbox 2093 1034 2124 1077; x_wconf 90' lang='lat' dir='ltr'><strong>s</strong></span> <span class='ocrx_word' id='word_1_27' title='bbox 2167 1013 2482 1092; x_wconf 81' lang='lat' dir='ltr'><strong>restituit,</strong></span> <span class='ocrx_word' id='word_1_28' title='bbox 2529 1034 2728 1097; x_wconf 89' lang='lat' dir='ltr'><strong>quum</strong></span> <span class='ocrx_word' id='word_1_29' title='bbox 2771 1012 2954 1095; x_wconf 81' lang='lat' dir='ltr'><strong>vulgo</strong></span> <span class='ocrx_word' id='word_1_30' title='bbox 3029 1037 3037 1045; x_wconf 92' lang='lat'><strong>·</strong></span> 
     </span>
     <span class='ocr_line' id='line_1_5' title="bbox 658 1119 2956 1203; baseline -0.001 -18"><span class='ocrx_word' id='word_1_31' title='bbox 658 1121 967 1188; x_wconf 83' lang='lat' dir='ltr'><strong>ederetur</strong></span> <span class='ocrx_word' id='word_1_32' title='bbox 1009 1126 1091 1185; x_wconf 89' lang='lat' dir='ltr'><strong>et</strong></span> <span class='ocrx_word' id='word_1_33' title='bbox 1132 1122 1292 1185; x_wconf 92' lang='lat' dir='ltr'><strong>ium</strong></span> <span class='ocrx_word' id='word_1_34' title='bbox 1310 1127 1500 1185; x_wconf 89' lang='lat' dir='ltr'><strong>enta</strong></span> <span class='ocrx_word' id='word_1_35' title='bbox 1544 1124 1625 1185; x_wconf 93' lang='lat' dir='ltr'><strong>et</strong></span> <span class='ocrx_word' id='word_1_36' title='bbox 1668 1119 2063 1201; x_wconf 89' lang='lat' dir='ltr'><strong>homines;</strong></span> <span class='ocrx_word' id='word_1_37' title='bbox 2131 1140 2342 1203; x_wconf 88' lang='lat' dir='ltr'><strong>neque</strong></span> <span class='ocrx_word' id='word_1_38' title='bbox 2388 1120 2563 1185; x_wconf 90' lang='lat' dir='ltr'><strong>enim</strong></span> <span class='ocrx_word' id='word_1_39' title='bbox 2606 1119 2772 1185; x_wconf 90' lang='lat' dir='ltr'><strong>illud</strong></span> <span class='ocrx_word' id='word_1_40' title='bbox 2816 1120 2956 1186; x_wconf 90' lang='lat' dir='ltr'><strong>alii</strong></span> 
     </span>
     <span class='ocr_line' id='line_1_6' title="bbox 659 1227 2958 1312; baseline -0 -18"><span class='ocrx_word' id='word_1_41' title='bbox 659 1251 690 1294; x_wconf 89' lang='lat' dir='ltr'><strong>s</strong></span> <span class='ocrx_word' id='word_1_42' title='bbox 704 1251 804 1312; x_wconf 93' lang='lat' dir='ltr'><strong>up</strong></span> <span class='ocrx_word' id='word_1_43' title='bbox 823 1250 857 1294; x_wconf 89' lang='lat' dir='ltr'><strong>e</strong></span> <span class='ocrx_word' id='word_1_44' title='bbox 871 1251 906 1292; x_wconf 94' lang='lat' dir='ltr'><strong>r</strong></span> <span class='ocrx_word' id='word_1_45' title='bbox 971 1249 1013 1293; x_wconf 92' lang='lat' dir='ltr'><strong>a</strong></span> <span class='ocrx_word' id='word_1_46' title='bbox 1027 1228 1139 1294; x_wconf 91' lang='lat' dir='ltr'><strong>lio</strong></span> <span class='ocrx_word' id='word_1_47' title='bbox 1157 1250 1188 1293; x_wconf 89' lang='lat' dir='ltr'><strong>s</strong></span> <span class='ocrx_word' id='word_1_48' title='bbox 1244 1227 1382 1293; x_wconf 92' lang='lat' dir='ltr'><strong>ullo</strong></span> <span class='ocrx_word' id='word_1_49' title='bbox 1441 1227 1636 1293; x_wconf 91' lang='lat' dir='ltr'><strong>modo</strong></span> <span class='ocrx_word' id='word_1_50' title='bbox 1694 1229 1778 1292; x_wconf 92' lang='lat' dir='ltr'><strong>iu</strong></span> <span class='ocrx_word' id='word_1_51' title='bbox 1792 1250 1858 1292; x_wconf 99' lang='lat' dir='ltr'><strong>m</strong></span> <span class='ocrx_word' id='word_1_52' title='bbox 1872 1249 1906 1292; x_wconf 92' lang='lat' dir='ltr'><strong>e</strong></span> <span class='ocrx_word' id='word_1_53' title='bbox 1920 1234 2007 1292; x_wconf 92' lang='lat' dir='ltr'><strong>nt</strong></span> <span class='ocrx_word' id='word_1_54' title='bbox 2023 1249 2065 1292; x_wconf 89' lang='lat' dir='ltr'><strong>a</strong></span> <span class='ocrx_word' id='word_1_55' title='bbox 2119 1227 2669 1311; x_wconf 82' lang='lat' dir='ltr'><strong>comprehendere</strong></span> <span class='ocrx_word' id='word_1_56' title='bbox 2720 1234 2958 1312; x_wconf 84' lang='lat' dir='ltr'><strong>potest,</strong></span> 
     </span>
     <span class='ocr_line' id='line_1_7' title="bbox 487 1334 2959 1421; baseline -0 -20"><span class='ocrx_word' id='word_1_57' title='bbox 487 1349 626 1417; x_wconf 82' lang='lat'>(218)</span> <span class='ocrx_word' id='word_1_58' title='bbox 666 1338 780 1402; x_wconf 88' lang='lat' dir='ltr'><strong>sed</strong></span> <span class='ocrx_word' id='word_1_59' title='bbox 827 1338 1110 1421; x_wconf 89' lang='lat' dir='ltr'><strong>primum</strong></span> <span class='ocrx_word' id='word_1_60' title='bbox 1154 1335 1452 1400; x_wconf 90' lang='lat' dir='ltr'><strong>homines</strong></span> <span class='ocrx_word' id='word_1_61' title='bbox 1497 1334 1614 1400; x_wconf 92' lang='lat' dir='ltr'><strong>alii</strong></span> <span class='ocrx_word' id='word_1_62' title='bbox 1662 1357 1860 1419; x_wconf 90' lang='lat' dir='ltr'><strong>super</strong></span> <span class='ocrx_word' id='word_1_63' title='bbox 1903 1336 2088 1415; x_wconf 89' lang='lat' dir='ltr'><strong>alios,</strong></span> <span class='ocrx_word' id='word_1_64' title='bbox 2146 1336 2382 1401; x_wconf 87' lang='lat' dir='ltr'><strong>deinde</strong></span> <span class='ocrx_word' id='word_1_65' title='bbox 2428 1337 2631 1401; x_wconf 89' lang='lat' dir='ltr'><strong>etiam</strong></span> <span class='ocrx_word' id='word_1_66' title='bbox 2674 1337 2959 1401; x_wconf 83' lang='lat' dir='ltr'><strong>iumenta</strong></span> 
     </span>
     <span class='ocr_line' id='line_1_8' title="bbox 656 1442 2957 1527; baseline -0.001 -17"><span class='ocrx_word' id='word_1_67' title='bbox 656 1447 725 1510; x_wconf 92' lang='lat' dir='ltr'><strong>in</strong></span> <span class='ocrx_word' id='word_1_68' title='bbox 790 1444 1091 1509; x_wconf 89' lang='lat' dir='ltr'><strong>homines</strong></span> <span class='ocrx_word' id='word_1_69' title='bbox 1157 1442 1470 1508; x_wconf 83' lang='lat' dir='ltr'><strong>incidisse</strong></span> <span class='ocrx_word' id='word_1_70' title='bbox 1539 1442 1870 1508; x_wconf 85' lang='lat' dir='ltr'><strong>dicuntur.</strong></span> <span class='ocrx_word' id='word_1_71' title='bbox 1983 1443 2111 1509; x_wconf 90' lang='lat' dir='ltr'><strong>Sed</strong></span> <span class='ocrx_word' id='word_1_72' title='bbox 2169 1443 2350 1527; x_wconf 91' lang='lat' dir='ltr'><strong>quod</strong></span> <span class='ocrx_word' id='word_1_73' title='bbox 2393 1444 2957 1508; x_wconf 88' lang='lat' dir='ltr'><strong>Weissenbornius</strong></span> 
     </span>
     <span class='ocr_line' id='line_1_9' title="bbox 659 1550 2961 1633; baseline -0.001 -16"><span class='ocrx_word' id='word_1_74' title='bbox 659 1552 1039 1618; x_wconf 88' lang='lat' dir='ltr'><strong>occidere</strong></span> <span class='ocrx_word' id='word_1_75' title='bbox 1097 1553 1175 1616; x_wconf 94' lang='lat' dir='ltr'><strong>in</strong></span> <span class='ocrx_word' id='word_1_76' title='bbox 1233 1550 1587 1633; x_wconf 80' lang='lat' dir='ltr'><strong>aliquem</strong></span> <span class='ocrx_word' id='word_1_77' title='bbox 1644 1550 1785 1616; x_wconf 89' lang='lat' dir='ltr'><strong>vult</strong></span> <span class='ocrx_word' id='word_1_78' title='bbox 1840 1572 1985 1617; x_wconf 91' lang='lat' dir='ltr'><strong>esse</strong></span> <span class='ocrx_word' id='word_1_79' title='bbox 2029 1551 2428 1631; x_wconf 87' lang='lat' dir='ltr'><strong>incidere,</strong></span> <span class='ocrx_word' id='word_1_80' title='bbox 2498 1553 2701 1616; x_wconf 88' lang='lat' dir='ltr'><strong>ceteri</strong></span> <span class='ocrx_word' id='word_1_81' title='bbox 2748 1558 2961 1616; x_wconf 86' lang='lat' dir='ltr'><strong>autem</strong></span> 
     </span>
     <span class='ocr_line' id='line_1_10' title="bbox 659 1659 2962 1744; baseline -0.001 -18"><span class='ocrx_word' id='word_1_82' title='bbox 659 1681 697 1726; x_wconf 94' lang='lat' dir='ltr'><strong>o</strong></span> <span class='ocrx_word' id='word_1_83' title='bbox 713 1682 746 1725; x_wconf 94' lang='lat' dir='ltr'><strong>c</strong></span> <span class='ocrx_word' id='word_1_84' title='bbox 763 1662 834 1725; x_wconf 93' lang='lat' dir='ltr'><strong>ci</strong></span> <span class='ocrx_word' id='word_1_85' title='bbox 849 1659 893 1725; x_wconf 91' lang='lat' dir='ltr'><strong>d</strong></span> <span class='ocrx_word' id='word_1_86' title='bbox 906 1682 940 1724; x_wconf 91' lang='lat' dir='ltr'><strong>e</strong></span> <span class='ocrx_word' id='word_1_87' title='bbox 953 1683 988 1724; x_wconf 89' lang='lat' dir='ltr'><strong>r</strong></span> <span class='ocrx_word' id='word_1_88' title='bbox 1000 1682 1034 1724; x_wconf 92' lang='lat' dir='ltr'><strong>e</strong></span> <span class='ocrx_word' id='word_1_89' title='bbox 1081 1679 1202 1744; x_wconf 91' lang='lat' dir='ltr'><strong>pro</strong></span> <span class='ocrx_word' id='word_1_90' title='bbox 1247 1680 1290 1742; x_wconf 88' lang='lat' dir='ltr'>p</span> <span class='ocrx_word' id='word_1_91' title='bbox 1305 1681 1340 1722; x_wconf 94' lang='lat' dir='ltr'><strong>r</strong></span> <span class='ocrx_word' id='word_1_92' title='bbox 1353 1679 1407 1722; x_wconf 81' lang='lat' dir='ltr'>ae</span> <span class='ocrx_word' id='word_1_93' title='bbox 1421 1660 1490 1722; x_wconf 91' lang='lat' dir='ltr'><strong>ci</strong></span> <span class='ocrx_word' id='word_1_94' title='bbox 1504 1681 1546 1742; x_wconf 93' lang='lat' dir='ltr'>p</span> <span class='ocrx_word' id='word_1_95' title='bbox 1560 1660 1583 1722; x_wconf 94' lang='lat' dir='ltr'><strong>i</strong></span> <span class='ocrx_word' id='word_1_96' title='bbox 1597 1665 1627 1720; x_wconf 93' lang='lat' dir='ltr'><strong>t</strong></span> <span class='ocrx_word' id='word_1_97' title='bbox 1639 1679 1680 1724; x_wconf 91' lang='lat' dir='ltr'><strong>a</strong></span> <span class='ocrx_word' id='word_1_98' title='bbox 1691 1660 1761 1723; x_wconf 90' lang='lat' dir='ltr'><strong>ri</strong></span> <span class='ocrx_word' id='word_1_99' title='bbox 1795 1660 2147 1743; x_wconf 87' lang='lat' dir='ltr'><strong>accipiunt,</strong></span> <span class='ocrx_word' id='word_1_100' title='bbox 2191 1668 2465 1744; x_wconf 82' lang='lat' dir='ltr'><strong>prorsus</strong></span> <span class='ocrx_word' id='word_1_101' title='bbox 2499 1659 2962 1724; x_wconf 82' lang='lat' dir='ltr'><strong>incredibiliter</strong></span> 
     </span>
     <span class='ocr_line' id='line_1_11' title="bbox 659 1765 2959 1851; baseline 0 -19"><span class='ocrx_word' id='word_1_102' title='bbox 659 1768 857 1833; x_wconf 86' lang='lat' dir='ltr'><strong>verbo</strong></span> <span class='ocrx_word' id='word_1_103' title='bbox 914 1769 981 1832; x_wconf 91' lang='lat' dir='ltr'><strong>in</strong></span> <span class='ocrx_word' id='word_1_104' title='bbox 1037 1767 1171 1832; x_wconf 91' lang='lat' dir='ltr'><strong>alia</strong></span> <span class='ocrx_word' id='word_1_105' title='bbox 1224 1787 1296 1832; x_wconf 89' lang='lat' dir='ltr'><strong>re</strong></span> <span class='ocrx_word' id='word_1_106' title='bbox 1356 1766 1435 1831; x_wconf 93' lang='lat' dir='ltr'><strong>de</strong></span> <span class='ocrx_word' id='word_1_107' title='bbox 1481 1765 1715 1832; x_wconf 91' lang='lat' dir='ltr'><strong>eodem</strong></span> <span class='ocrx_word' id='word_1_108' title='bbox 1760 1767 2201 1833; x_wconf 86' lang='lat' dir='ltr'><strong>subiectorum</strong></span> <span class='ocrx_word' id='word_1_109' title='bbox 2249 1788 2487 1851; x_wconf 83' lang='lat' dir='ltr'><strong>genere</strong></span> <span class='ocrx_word' id='word_1_110' title='bbox 2533 1768 2959 1833; x_wconf 89' lang='lat' dir='ltr'><strong>usitatissimo</strong></span> 
     </span>
     <span class='ocr_line' id='line_1_12' title="bbox 659 1873 2965 1959; baseline -0.001 -19"><span class='ocrx_word' id='word_1_111' title='bbox 659 1877 1028 1942; x_wconf 82' lang='lat' dir='ltr'><strong>inauditam</strong></span> <span class='ocrx_word' id='word_1_112' title='bbox 1085 1874 1431 1956; x_wconf 84' lang='lat' dir='ltr'><strong>adfingunt</strong></span> <span class='ocrx_word' id='word_1_113' title='bbox 1487 1873 2057 1958; x_wconf 87' lang='lat' dir='ltr'><strong>significationem.</strong></span> <span class='ocrx_word' id='word_1_114' title='bbox 2145 1875 2370 1941; x_wconf 90' lang='lat' dir='ltr'><strong>Livius</strong></span> <span class='ocrx_word' id='word_1_115' title='bbox 2431 1876 2828 1959; x_wconf 86' lang='lat' dir='ltr'><strong>scripserat:</strong></span> <span class='ocrx_word' id='word_1_116' title='bbox 2894 1881 2965 1938; x_wconf 88' lang='lat' dir='ltr'><strong>et</strong></span> 
     </span>
     <span class='ocr_line' id='line_1_13' title="bbox 659 1982 2961 2064; baseline -0.001 -16"><span class='ocrx_word' id='word_1_117' title='bbox 659 1986 1020 2048; x_wconf 88' lang='lat' dir='ltr'><strong>iumenta</strong></span> <span class='ocrx_word' id='word_1_118' title='bbox 1085 1984 1165 2046; x_wconf 89' lang='lat' dir='ltr'><strong>in</strong></span> <span class='ocrx_word' id='word_1_119' title='bbox 1232 1982 1593 2047; x_wconf 88' lang='lat' dir='ltr'><strong>homines</strong></span> <span class='ocrx_word' id='word_1_120' title='bbox 1663 2004 1755 2046; x_wconf 91' lang='lat' dir='ltr'><strong>su</strong></span> <span class='ocrx_word' id='word_1_121' title='bbox 1774 1982 2198 2047; x_wconf 86' lang='lat' dir='ltr'><strong>cciderent</strong></span> <span class='ocrx_word' id='word_1_122' title='bbox 2253 1982 2404 2064; x_wconf 85' lang='lat' dir='ltr'><strong>(auf</strong></span> <span class='ocrx_word' id='word_1_123' title='bbox 2457 1983 2561 2047; x_wconf 90' lang='lat' dir='ltr'><strong>die</strong></span> <span class='ocrx_word' id='word_1_124' title='bbox 2610 1982 2961 2048; x_wconf 88' lang='lat' dir='ltr'><strong>Menschen</strong></span> 
     </span>
     <span class='ocr_line' id='line_1_14' title="bbox 658 2089 2963 2175; baseline 0 -20"><span class='ocrx_word' id='word_1_125' title='bbox 658 2089 1318 2172; x_wconf 86' lang='lat' dir='ltr'><strong>herunterstiirzten).</strong></span> <span class='ocrx_word' id='word_1_126' title='bbox 1418 2091 1675 2155; x_wconf 88' lang='lat' dir='ltr'><strong>Littera</strong></span> <span class='ocrx_word' id='word_1_127' title='bbox 1730 2111 1759 2151; x_wconf 76' lang='lat' dir='ltr'><strong>s</strong></span> <span class='ocrx_word' id='word_1_128' title='bbox 1818 2090 2022 2155; x_wconf 90' lang='lat' dir='ltr'><strong>semel</strong></span> <span class='ocrx_word' id='word_1_129' title='bbox 2081 2092 2331 2175; x_wconf 88' lang='lat' dir='ltr'><strong>scripta</strong></span> <span class='ocrx_word' id='word_1_130' title='bbox 2346 2142 2359 2169; x_wconf 91' lang='lat'><strong>,</strong></span> <span class='ocrx_word' id='word_1_131' title='bbox 2428 2112 2507 2155; x_wconf 79' lang='lat' dir='ltr'><strong>ex</strong></span> <span class='ocrx_word' id='word_1_132' title='bbox 2562 2090 2607 2155; x_wconf 89' lang='lat' dir='ltr'><strong>h</strong></span> <span class='ocrx_word' id='word_1_133' title='bbox 2622 2113 2661 2155; x_wconf 93' lang='lat' dir='ltr'><strong>o</strong></span> <span class='ocrx_word' id='word_1_134' title='bbox 2676 2114 2740 2155; x_wconf 94' lang='lat' dir='ltr'><strong>m</strong></span> <span class='ocrx_word' id='word_1_135' title='bbox 2757 2093 2835 2155; x_wconf 92' lang='lat' dir='ltr'><strong>in</strong></span> <span class='ocrx_word' id='word_1_136' title='bbox 2848 2111 2882 2155; x_wconf 88' lang='lat' dir='ltr'><strong>e</strong></span> <span class='ocrx_word' id='word_1_137' title='bbox 2898 2112 2926 2154; x_wconf 89' lang='lat' dir='ltr'><strong>s</strong></span> <span class='ocrx_word' id='word_1_138' title='bbox 2938 2123 2963 2134; x_wconf 91' lang='lat'>-</span> 
     </span>
     <span class='ocr_line' id='line_1_15' title="bbox 660 2198 2964 2282; baseline -0 -20"><span class='ocrx_word' id='word_1_139' title='bbox 660 2198 1140 2263; x_wconf 79' lang='lat' dir='ltr'><strong>acciderent</strong></span> <span class='ocrx_word' id='word_1_140' title='bbox 1218 2205 1439 2263; x_wconf 90' lang='lat' dir='ltr'><strong>ortum</strong></span> <span class='ocrx_word' id='word_1_141' title='bbox 1506 2203 1611 2262; x_wconf 88' lang='lat' dir='ltr'><strong>est</strong></span> <span class='ocrx_word' id='word_1_142' title='bbox 1680 2198 2154 2264; x_wconf 88' lang='lat' dir='ltr'><strong>occiderent</strong></span> <span class='ocrx_word' id='word_1_143' title='bbox 2222 2219 2493 2282; x_wconf 89' lang='lat' dir='ltr'><strong>prorsus</strong></span> <span class='ocrx_word' id='word_1_144' title='bbox 2561 2198 2800 2264; x_wconf 87' lang='lat' dir='ltr'><strong>eodem</strong></span> <span class='ocrx_word' id='word_1_145' title='bbox 2874 2219 2964 2262; x_wconf 88' lang='lat' dir='ltr'><strong>er·</strong></span> 
     </span>
     <span class='ocr_line' id='line_1_16' title="bbox 659 2304 2966 2390; baseline 0 -20"><span class='ocrx_word' id='word_1_146' title='bbox 659 2327 828 2386; x_wconf 90' lang='lat' dir='ltr'><strong>rore,</strong></span> <span class='ocrx_word' id='word_1_147' title='bbox 885 2328 1018 2390; x_wconf 92' lang='lat' dir='ltr'><strong>quo</strong></span> <span class='ocrx_word' id='word_1_148' title='bbox 1077 2304 1286 2384; x_wconf 89' lang='lat' dir='ltr'><strong>XXII,</strong></span> <span class='ocrx_word' id='word_1_149' title='bbox 1351 2309 1446 2385; x_wconf 79' lang='lat'><strong>12,</strong></span> <span class='ocrx_word' id='word_1_150' title='bbox 1498 2309 1535 2369; x_wconf 78' lang='lat'><strong>’7</strong></span> <span class='ocrx_word' id='word_1_151' title='bbox 1580 2327 1662 2370; x_wconf 84' lang='lat' dir='ltr'><strong>ex</strong></span> <span class='ocrx_word' id='word_1_152' title='bbox 1720 2307 2096 2372; x_wconf 88' lang='lat' dir='ltr'><strong>occultus</strong></span> <span class='ocrx_word' id='word_1_153' title='bbox 2156 2329 2185 2372; x_wconf 94' lang='lat' dir='ltr'><strong>s</strong></span> <span class='ocrx_word' id='word_1_154' title='bbox 2203 2306 2686 2372; x_wconf 90' lang='lat' dir='ltr'><strong>ubsistebat</strong></span> <span class='ocrx_word' id='word_1_155' title='bbox 2730 2307 2966 2371; x_wconf 88' lang='lat' dir='ltr'><strong>factum</strong></span> 
     </span>
     <span class='ocr_line' id='line_1_17' title="bbox 662 2404 2965 2495; baseline -0 -16"><span class='ocrx_word' id='word_1_156' title='bbox 662 2420 794 2479; x_wconf 89' lang='lat' dir='ltr'><strong>est:</strong></span> <span class='ocrx_word' id='word_1_157' title='bbox 875 2412 1207 2478; x_wconf 91' lang='lat' dir='ltr'><strong>occultu</strong></span> <span class='ocrx_word' id='word_1_158' title='bbox 1226 2434 1256 2476; x_wconf 88' lang='lat' dir='ltr'><strong>s</strong></span> <span class='ocrx_word' id='word_1_159' title='bbox 1337 2412 1810 2478; x_wconf 89' lang='lat' dir='ltr'><strong>obsistebat</strong></span> <span class='ocrx_word' id='word_1_160' title='bbox 1889 2420 1956 2478; x_wconf 92' lang='lat' dir='ltr'><strong>et</strong></span> <span class='ocrx_word' id='word_1_161' title='bbox 2020 2414 2294 2478; x_wconf 84' lang='lat' dir='ltr'><strong>XXXIV</strong></span> <span class='ocrx_word' id='word_1_162' title='bbox 2311 2404 2335 2493; x_wconf 59' lang='lat'><strong>,&#39;</strong></span> <span class='ocrx_word' id='word_1_163' title='bbox 2405 2417 2517 2495; x_wconf 80' lang='lat'><strong>29,</strong></span> <span class='ocrx_word' id='word_1_164' title='bbox 2601 2418 2638 2477; x_wconf 90' lang='lat'><strong>6</strong></span> <span class='ocrx_word' id='word_1_165' title='bbox 2708 2434 2965 2480; x_wconf 86' lang='lat' dir='ltr'><strong>murus</strong></span> 
     </span>
     <span class='ocr_line' id='line_1_18' title="bbox 664 2520 2966 2605; baseline -0.001 -19"><span class='ocrx_word' id='word_1_166' title='bbox 664 2520 1172 2586; x_wconf 85' lang='lat' dir='ltr'><strong>obruebatur</strong></span> <span class='ocrx_word' id='word_1_167' title='bbox 1227 2540 1305 2583; x_wconf 81' lang='lat' dir='ltr'><strong>ex</strong></span> <span class='ocrx_word' id='word_1_168' title='bbox 1362 2542 1586 2585; x_wconf 91' lang='lat' dir='ltr'><strong>muru</strong></span> <span class='ocrx_word' id='word_1_169' title='bbox 1604 2544 1635 2587; x_wconf 86' lang='lat' dir='ltr'><strong>s</strong></span> <span class='ocrx_word' id='word_1_170' title='bbox 1682 2522 1926 2586; x_wconf 89' lang='lat' dir='ltr'><strong>subru</strong></span> <span class='ocrx_word' id='word_1_171' title='bbox 1944 2522 2236 2587; x_wconf 87' lang='lat' dir='ltr'><strong>ebatur</strong></span> <span class='ocrx_word' id='word_1_172' title='bbox 2283 2521 2378 2605; x_wconf 92' lang='lat' dir='ltr'><strong>[et</strong></span> <span class='ocrx_word' id='word_1_173' title='bbox 2423 2520 2603 2605; x_wconf 90' lang='lat' dir='ltr'><strong>apud</strong></span> <span class='ocrx_word' id='word_1_174' title='bbox 2646 2521 2966 2587; x_wconf 89' lang='lat' dir='ltr'><strong>Iustinum</strong></span> 
     </span>
     <span class='ocr_line' id='line_1_19' title="bbox 662 2628 2968 2715; baseline 0 -21"><span class='ocrx_word' id='word_1_175' title='bbox 662 2629 813 2709; x_wconf 87' lang='lat' dir='ltr'><strong>VH,</strong></span> <span class='ocrx_word' id='word_1_176' title='bbox 873 2632 942 2709; x_wconf 90' lang='lat'><strong>3,</strong></span> <span class='ocrx_word' id='word_1_177' title='bbox 1001 2632 1070 2693; x_wconf 85' lang='lat'><strong>6:</strong></span> <span class='ocrx_word' id='word_1_178' title='bbox 1138 2628 1219 2693; x_wconf 90' lang='lat' dir='ltr'><strong>in</strong></span> <span class='ocrx_word' id='word_1_179' title='bbox 1276 2650 1622 2713; x_wconf 88' lang='lat' dir='ltr'><strong>quarum</strong></span> <span class='ocrx_word' id='word_1_180' title='bbox 1665 2629 1930 2695; x_wconf 92' lang='lat' dir='ltr'><strong>locum</strong></span> <span class='ocrx_word' id='word_1_181' title='bbox 1974 2630 2306 2696; x_wconf 88' lang='lat' dir='ltr'><strong>iuvenes</strong></span> <span class='ocrx_word' id='word_1_182' title='bbox 2355 2652 2507 2715; x_wconf 89' lang='lat' dir='ltr'><strong>opp</strong></span> <span class='ocrx_word' id='word_1_183' title='bbox 2528 2630 2738 2710; x_wconf 83' lang='lat' dir='ltr'><strong>cuit,</strong></span> <span class='ocrx_word' id='word_1_184' title='bbox 2799 2628 2968 2715; x_wconf 89' lang='lat' dir='ltr'><strong>quod</strong></span> 
     </span>
     <span class='ocr_line' id='line_1_20' title="bbox 661 2735 2968 2823; baseline -0 -21"><span class='ocrx_word' id='word_1_185' title='bbox 661 2758 872 2821; x_wconf 91' lang='lat' dir='ltr'><strong>nuper</strong></span> <span class='ocrx_word' id='word_1_186' title='bbox 927 2742 1304 2803; x_wconf 88' lang='lat' dir='ltr'><strong>revocatum</strong></span> <span class='ocrx_word' id='word_1_187' title='bbox 1349 2744 1479 2818; x_wconf 89' lang='lat' dir='ltr'><strong>est,</strong></span> <span class='ocrx_word' id='word_1_188' title='bbox 1548 2759 1629 2801; x_wconf 83' lang='lat' dir='ltr'><strong>ex</strong></span> <span class='ocrx_word' id='word_1_189' title='bbox 1696 2739 1774 2802; x_wconf 93' lang='lat' dir='ltr'><strong>iu</strong></span> <span class='ocrx_word' id='word_1_190' title='bbox 1792 2760 1828 2800; x_wconf 83' lang='lat' dir='ltr'>v</span> <span class='ocrx_word' id='word_1_191' title='bbox 1844 2760 1879 2802; x_wconf 93' lang='lat' dir='ltr'><strong>e</strong></span> <span class='ocrx_word' id='word_1_192' title='bbox 1895 2760 1938 2802; x_wconf 99' lang='lat' dir='ltr'><strong>n</strong></span> <span class='ocrx_word' id='word_1_193' title='bbox 1954 2758 1990 2801; x_wconf 91' lang='lat' dir='ltr'><strong>e</strong></span> <span class='ocrx_word' id='word_1_194' title='bbox 2008 2759 2038 2801; x_wconf 90' lang='lat' dir='ltr'><strong>s</strong></span> <span class='ocrx_word' id='word_1_195' title='bbox 2098 2759 2129 2802; x_wconf 92' lang='lat' dir='ltr'><strong>s</strong></span> <span class='ocrx_word' id='word_1_196' title='bbox 2144 2759 2243 2822; x_wconf 91' lang='lat' dir='ltr'><strong>up</strong></span> <span class='ocrx_word' id='word_1_197' title='bbox 2259 2760 2301 2821; x_wconf 93' lang='lat' dir='ltr'><strong>p</strong></span> <span class='ocrx_word' id='word_1_198' title='bbox 2320 2761 2356 2804; x_wconf 95' lang='lat' dir='ltr'><strong>o</strong></span> <span class='ocrx_word' id='word_1_199' title='bbox 2371 2735 2542 2820; x_wconf 89' lang='lat' dir='ltr'><strong>nit].</strong></span> <span class='ocrx_word' id='word_1_200' title='bbox 2634 2737 2771 2804; x_wconf 88' lang='lat' dir='ltr'><strong>Sed</strong></span> <span class='ocrx_word' id='word_1_201' title='bbox 2812 2759 2968 2823; x_wconf 86' lang='lat' dir='ltr'><strong>prae-</strong></span> 
     </span>
     <span class='ocr_line' id='line_1_21' title="bbox 660 2844 2969 2928; baseline 0 -18"><span class='ocrx_word' id='word_1_202' title='bbox 660 2853 847 2910; x_wconf 87' lang='lat' dir='ltr'><strong>terea</strong></span> <span class='ocrx_word' id='word_1_203' title='bbox 902 2844 1383 2910; x_wconf 87' lang='lat' dir='ltr'><strong>restituendum</strong></span> <span class='ocrx_word' id='word_1_204' title='bbox 1399 2896 1413 2923; x_wconf 91' lang='lat'><strong>,</strong></span> <span class='ocrx_word' id='word_1_205' title='bbox 1481 2845 1659 2928; x_wconf 91' lang='lat' dir='ltr'><strong>quod</strong></span> <span class='ocrx_word' id='word_1_206' title='bbox 1712 2844 2257 2910; x_wconf 87' lang='lat' dir='ltr'><strong>Drakenborchio</strong></span> <span class='ocrx_word' id='word_1_207' title='bbox 2314 2847 2384 2910; x_wconf 90' lang='lat' dir='ltr'><strong>in</strong></span> <span class='ocrx_word' id='word_1_208' title='bbox 2439 2852 2727 2911; x_wconf 88' lang='lat' dir='ltr'><strong>mentem</strong></span> <span class='ocrx_word' id='word_1_209' title='bbox 2783 2847 2969 2923; x_wconf 80' lang='lat' dir='ltr'><strong>venit,</strong></span> 
     </span>
     <span class='ocr_line' id='line_1_22' title="bbox 661 2951 2968 3044; baseline -0.001 -25"><span class='ocrx_word' id='word_1_210' title='bbox 661 2977 702 3019; x_wconf 91' lang='lat' dir='ltr'><strong>a</strong></span> <span class='ocrx_word' id='word_1_211' title='bbox 717 2955 758 3019; x_wconf 90' lang='lat' dir='ltr'><strong>d</strong></span> <span class='ocrx_word' id='word_1_212' title='bbox 772 2954 940 3018; x_wconf 81' lang='lat' dir='ltr'><strong>fixi.</strong></span> <span class='ocrx_word' id='word_1_213' title='bbox 1067 2951 1192 3029; x_wconf 85' lang='lat' dir='ltr'><strong>Qui</strong></span> <span class='ocrx_word' id='word_1_214' title='bbox 1259 2952 1359 3044; x_wconf 82' lang='lat' dir='ltr'><strong>vel</strong></span> <span class='ocrx_word' id='word_1_215' title='bbox 1426 2952 1767 3037; x_wconf 91' lang='lat' dir='ltr'><strong>paululum</strong></span> <span class='ocrx_word' id='word_1_216' title='bbox 1836 2953 2243 3019; x_wconf 87' lang='lat' dir='ltr'><strong>titubassent</strong></span> <span class='ocrx_word' id='word_1_217' title='bbox 2256 3004 2271 3032; x_wconf 94' lang='lat'><strong>,</strong></span> <span class='ocrx_word' id='word_1_218' title='bbox 2350 2954 2573 3018; x_wconf 83' lang='lat' dir='ltr'><strong>Livius</strong></span> <span class='ocrx_word' id='word_1_219' title='bbox 2640 2961 2844 3037; x_wconf 86' lang='lat' dir='ltr'><strong>negat</strong></span> <span class='ocrx_word' id='word_1_220' title='bbox 2906 2954 2968 3016; x_wconf 91' lang='lat' dir='ltr'><strong>in</strong></span> 
     </span>
     <span class='ocr_line' id='line_1_23' title="bbox 659 3059 2968 3145; baseline -0.001 -20"><span class='ocrx_word' id='word_1_221' title='bbox 659 3061 922 3126; x_wconf 89' lang='lat' dir='ltr'><strong>lubrica</strong></span> <span class='ocrx_word' id='word_1_222' title='bbox 1000 3060 1209 3142; x_wconf 89' lang='lat' dir='ltr'><strong>glacie</strong></span> <span class='ocrx_word' id='word_1_223' title='bbox 1285 3059 1503 3125; x_wconf 87' lang='lat' dir='ltr'><strong>facere</strong></span> <span class='ocrx_word' id='word_1_224' title='bbox 1570 3062 1868 3144; x_wconf 72' lang='lat' dir='ltr'><strong>potuisse</strong></span> <span class='ocrx_word' id='word_1_225' title='bbox 1883 3111 1898 3141; x_wconf 92' lang='lat'><strong>,</strong></span> <span class='ocrx_word' id='word_1_226' title='bbox 1977 3062 2157 3145; x_wconf 91' lang='lat' dir='ltr'><strong>quod</strong></span> <span class='ocrx_word' id='word_1_227' title='bbox 2227 3061 2521 3145; x_wconf 88' lang='lat' dir='ltr'><strong>alioquin</strong></span> <span class='ocrx_word' id='word_1_228' title='bbox 2537 3111 2554 3140; x_wconf 92' lang='lat'><strong>,</strong></span> <span class='ocrx_word' id='word_1_229' title='bbox 2632 3063 2751 3145; x_wconf 89' lang='lat' dir='ltr'><strong>qui</strong></span> <span class='ocrx_word' id='word_1_230' title='bbox 2816 3062 2968 3126; x_wconf 88' lang='lat' dir='ltr'><strong>titu-</strong></span> 
     </span>
     <span class='ocr_line' id='line_1_24' title="bbox 659 3167 2965 3254; baseline -0.001 -21"><span class='ocrx_word' id='word_1_231' title='bbox 659 3169 901 3247; x_wconf 86' lang='lat' dir='ltr'><strong>barint,</strong></span> <span class='ocrx_word' id='word_1_232' title='bbox 955 3168 1175 3233; x_wconf 89' lang='lat' dir='ltr'><strong>facere</strong></span> <span class='ocrx_word' id='word_1_233' title='bbox 1234 3167 1509 3248; x_wconf 87' lang='lat' dir='ltr'><strong>soleant,</strong></span> <span class='ocrx_word' id='word_1_234' title='bbox 1566 3175 1643 3233; x_wconf 93' lang='lat' dir='ltr'><strong>ut</strong></span> <span class='ocrx_word' id='word_1_235' title='bbox 1686 3170 1969 3252; x_wconf 85' lang='lat' dir='ltr'><strong>vestigio</strong></span> <span class='ocrx_word' id='word_1_236' title='bbox 2015 3168 2295 3234; x_wconf 89' lang='lat' dir='ltr'><strong>firmiter</strong></span> <span class='ocrx_word' id='word_1_237' title='bbox 2341 3190 2566 3254; x_wconf 89' lang='lat' dir='ltr'><strong>presso</strong></span> <span class='ocrx_word' id='word_1_238' title='bbox 2614 3171 2812 3251; x_wconf 88' lang='lat' dir='ltr'><strong>quasi</strong></span> <span class='ocrx_word' id='word_1_239' title='bbox 2855 3167 2965 3233; x_wconf 92' lang='lat' dir='ltr'><strong>ad-</strong></span> 
     </span>
     <span class='ocr_line' id='line_1_25' title="bbox 660 3276 2969 3360; baseline -0.001 -20"><span class='ocrx_word' id='word_1_240' title='bbox 660 3276 772 3340; x_wconf 81' lang='lat' dir='ltr'><strong>fixi</strong></span> <span class='ocrx_word' id='word_1_241' title='bbox 817 3276 1130 3354; x_wconf 75' lang='lat' dir='ltr'><strong>haereant,</strong></span> <span class='ocrx_word' id='word_1_242' title='bbox 1177 3297 1258 3340; x_wconf 91' lang='lat' dir='ltr'><strong>ne</strong></span> <span class='ocrx_word' id='word_1_243' title='bbox 1306 3298 1582 3360; x_wconf 88' lang='lat' dir='ltr'><strong>prorsus</strong></span> <span class='ocrx_word' id='word_1_244' title='bbox 1631 3277 1893 3342; x_wconf 88' lang='lat' dir='ltr'><strong>cadant.</strong></span> <span class='ocrx_word' id='word_1_245' title='bbox 1995 3277 2162 3342; x_wconf 90' lang='lat' dir='ltr'><strong>Mire</strong></span> <span class='ocrx_word' id='word_1_246' title='bbox 2206 3277 2428 3342; x_wconf 87' lang='lat' dir='ltr'><strong>Livius</strong></span> <span class='ocrx_word' id='word_1_247' title='bbox 2474 3298 2609 3358; x_wconf 78' lang='lat' dir='ltr'><strong>ece,</strong></span> <span class='ocrx_word' id='word_1_248' title='bbox 2656 3279 2771 3360; x_wconf 89' lang='lat' dir='ltr'><strong>qui</strong></span> <span class='ocrx_word' id='word_1_249' title='bbox 2818 3278 2969 3341; x_wconf 86' lang='lat' dir='ltr'><strong>titu-</strong></span> 
     </span>
     <span class='ocr_line' id='line_1_26' title="bbox 660 3383 2971 3470; baseline 0 -21"><span class='ocrx_word' id='word_1_250' title='bbox 660 3384 948 3464; x_wconf 87' lang='lat' dir='ltr'><strong>bassent,</strong></span> <span class='ocrx_word' id='word_1_251' title='bbox 993 3391 1265 3466; x_wconf 86' lang='lat' dir='ltr'><strong>negaret</strong></span> <span class='ocrx_word' id='word_1_252' title='bbox 1310 3383 1613 3449; x_wconf 85' lang='lat' dir='ltr'><strong>adflictos</strong></span> <span class='ocrx_word' id='word_1_253' title='bbox 1661 3384 1746 3449; x_wconf 91' lang='lat' dir='ltr'><strong>ad</strong></span> <span class='ocrx_word' id='word_1_254' title='bbox 1793 3392 2043 3449; x_wconf 89' lang='lat' dir='ltr'><strong>terram</strong></span> <span class='ocrx_word' id='word_1_255' title='bbox 2077 3386 2291 3450; x_wconf 90' lang='lat' dir='ltr'><strong>iacere</strong></span> <span class='ocrx_word' id='word_1_256' title='bbox 2325 3387 2620 3470; x_wconf 87' lang='lat' dir='ltr'><strong>potuisse</strong></span> <span class='ocrx_word' id='word_1_257' title='bbox 2636 3410 2651 3465; x_wconf 84' lang='lat'>3</span> <span class='ocrx_word' id='word_1_258' title='bbox 2699 3385 2770 3449; x_wconf 92' lang='lat' dir='ltr'><strong>id</strong></span> <span class='ocrx_word' id='word_1_259' title='bbox 2807 3384 2971 3450; x_wconf 89' lang='lat' dir='ltr'><strong>enim</strong></span> 
     </span>
     <span class='ocr_line' id='line_1_27' title="bbox 660 3490 2354 3574; baseline 0.001 -19"><span class='ocrx_word' id='word_1_260' title='bbox 660 3494 894 3574; x_wconf 91' lang='lat' dir='ltr'><strong>ipsum,</strong></span> <span class='ocrx_word' id='word_1_261' title='bbox 937 3512 1020 3555; x_wconf 92' lang='lat' dir='ltr'><strong>ne</strong></span> <span class='ocrx_word' id='word_1_262' title='bbox 1065 3490 1553 3573; x_wconf 86' lang='lat' dir='ltr'><strong>adfligerentur,</strong></span> <span class='ocrx_word' id='word_1_263' title='bbox 1597 3492 1804 3556; x_wconf 83' lang='lat' dir='ltr'><strong>vitare</strong></span> <span class='ocrx_word' id='word_1_264' title='bbox 1851 3492 2280 3559; x_wconf 89' lang='lat' dir='ltr'><strong>conabantur.</strong></span> <span class='ocrx_word' id='word_1_265' title='bbox 2294 3492 2354 3573; x_wconf 88' lang='lat'><strong>¹)</strong></span> 
     </span>
     <span class='ocr_line' id='line_1_28' title="bbox 833 3597 2969 3684; baseline -0.001 -20"><span class='ocrx_word' id='word_1_266' title='bbox 833 3597 989 3681; x_wconf 90' lang='lat' dir='ltr'><strong>Cap.</strong></span> <span class='ocrx_word' id='word_1_267' title='bbox 1040 3603 1139 3677; x_wconf 87' lang='lat'><strong>37,</strong></span> <span class='ocrx_word' id='word_1_268' title='bbox 1188 3604 1256 3662; x_wconf 87' lang='lat'><strong>5:</strong></span> <span class='ocrx_word' id='word_1_269' title='bbox 1327 3599 1582 3664; x_wconf 87' lang='lat' dir='ltr'><strong>Inferi</strong></span> <span class='ocrx_word' id='word_1_270' title='bbox 1601 3620 1748 3665; x_wconf 90' lang='lat' dir='ltr'><strong>ora</strong></span> <span class='ocrx_word' id='word_1_271' title='bbox 1793 3599 2116 3683; x_wconf 85' lang='lat' dir='ltr'><strong>(Alpium)</strong></span> <span class='ocrx_word' id='word_1_272' title='bbox 2163 3601 2376 3665; x_wconf 86' lang='lat' dir='ltr'><strong>valle</strong></span> <span class='ocrx_word' id='word_1_273' title='bbox 2395 3623 2424 3665; x_wconf 93' lang='lat' dir='ltr'><strong>s</strong></span> <span class='ocrx_word' id='word_1_274' title='bbox 2472 3600 2969 3684; x_wconf 89' lang='lat' dir='ltr'><strong>apricosque</strong></span> 
     </span>
     <span class='ocr_line' id='line_1_29' title="bbox 582 3705 2972 3793; baseline -0.002 -19"><span class='ocrx_word' id='word_1_275' title='bbox 582 3759 596 3774; x_wconf 90' lang='lat'><strong>.</strong></span> <span class='ocrx_word' id='word_1_276' title='bbox 660 3706 1049 3790; x_wconf 87' lang='lat' dir='ltr'><strong>quosdam</strong></span> <span class='ocrx_word' id='word_1_277' title='bbox 1116 3705 1374 3772; x_wconf 92' lang='lat' dir='ltr'><strong>colles</strong></span> <span class='ocrx_word' id='word_1_278' title='bbox 1442 3706 1755 3772; x_wconf 91' lang='lat' dir='ltr'><strong>habent</strong></span> <span class='ocrx_word' id='word_1_279' title='bbox 1820 3709 2205 3791; x_wconf 90' lang='lat' dir='ltr'><strong>rivosque</strong></span> <span class='ocrx_word' id='word_1_280' title='bbox 2272 3729 2523 3793; x_wconf 89' lang='lat' dir='ltr'><strong>prope</strong></span> <span class='ocrx_word' id='word_1_281' title='bbox 2584 3706 2842 3773; x_wconf 81' lang='lat' dir='ltr'><strong>silvas</strong></span> <span class='ocrx_word' id='word_1_282' title='bbox 2898 3712 2972 3771; x_wconf 90' lang='lat' dir='ltr'><strong>et</strong></span> 
     </span>
     <span class='ocr_line' id='line_1_30' title="bbox 658 3813 2971 3897; baseline 0.001 -20"><span class='ocrx_word' id='word_1_283' title='bbox 658 3815 812 3878; x_wconf 91' lang='lat' dir='ltr'><strong>iam</strong></span> <span class='ocrx_word' id='word_1_284' title='bbox 869 3813 1212 3878; x_wconf 88' lang='lat' dir='ltr'><strong>humano</strong></span> <span class='ocrx_word' id='word_1_285' title='bbox 1275 3814 1506 3879; x_wconf 90' lang='lat' dir='ltr'><strong>cultu</strong></span> <span class='ocrx_word' id='word_1_286' title='bbox 1565 3815 1947 3897; x_wconf 86' lang='lat' dir='ltr'><strong>digniora</strong></span> <span class='ocrx_word' id='word_1_287' title='bbox 1989 3816 2063 3882; x_wconf 93' lang='lat' dir='ltr'><strong>lo</strong></span> <span class='ocrx_word' id='word_1_288' title='bbox 2086 3837 2192 3881; x_wconf 87' lang='lat' dir='ltr'><strong>ca.</strong></span> <span class='ocrx_word' id='word_1_289' title='bbox 2293 3815 2718 3881; x_wconf 89' lang='lat' dir='ltr'><strong>Probabilius</strong></span> <span class='ocrx_word' id='word_1_290' title='bbox 2767 3816 2971 3880; x_wconf 87' lang='lat' dir='ltr'><strong>Weis-</strong></span> 
     </span>
     <span class='ocr_line' id='line_1_31' title="bbox 661 3921 2973 4009; baseline -0 -23"><span class='ocrx_word' id='word_1_291' title='bbox 661 3921 1054 3987; x_wconf 88' lang='lat' dir='ltr'><strong>senbornius</strong></span> <span class='ocrx_word' id='word_1_292' title='bbox 1099 3921 1404 4006; x_wconf 91' lang='lat' dir='ltr'><strong>copulam</strong></span> <span class='ocrx_word' id='word_1_293' title='bbox 1450 3921 1713 3987; x_wconf 86' lang='lat' dir='ltr'><strong>addidit</strong></span> <span class='ocrx_word' id='word_1_294' title='bbox 1757 3922 1826 4004; x_wconf 87' lang='lat' dir='ltr'><strong>(a</strong></span> <span class='ocrx_word' id='word_1_295' title='bbox 1836 3946 1880 4007; x_wconf 88' lang='lat' dir='ltr'><strong>p</strong></span> <span class='ocrx_word' id='word_1_296' title='bbox 1894 3924 2009 3988; x_wconf 91' lang='lat' dir='ltr'><strong>ric</strong></span> <span class='ocrx_word' id='word_1_297' title='bbox 2026 3946 2064 3989; x_wconf 94' lang='lat' dir='ltr'><strong>o</strong></span> <span class='ocrx_word' id='word_1_298' title='bbox 2083 3946 2113 3989; x_wconf 94' lang='lat' dir='ltr'><strong>s</strong></span> <span class='ocrx_word' id='word_1_299' title='bbox 2130 3947 2173 4009; x_wconf 92' lang='lat' dir='ltr'><strong>q</strong></span> <span class='ocrx_word' id='word_1_300' title='bbox 2187 3946 2231 3988; x_wconf 91' lang='lat' dir='ltr'><strong>u</strong></span> <span class='ocrx_word' id='word_1_301' title='bbox 2245 3924 2308 4006; x_wconf 91' lang='lat' dir='ltr'><strong>e)</strong></span> <span class='ocrx_word' id='word_1_302' title='bbox 2355 3945 2551 4007; x_wconf 89' lang='lat' dir='ltr'><strong>quam</strong></span> <span class='ocrx_word' id='word_1_303' title='bbox 2595 3925 2973 4007; x_wconf 83' lang='lat' dir='ltr'><strong>superiores</strong></span> 
     </span>
    </p>
   </div>
   <div class='ocr_carea' id='block_1_3' title="bbox 670 4095 1115 4104">
    <p class='ocr_par' dir='ltr' id='par_1_3' title="bbox 670 4095 1115 4104">
     <span class='ocr_line' id='line_1_32' title="bbox 670 4095 1115 4104; baseline 0 1178"><span class='ocrx_word' id='word_1_304' title='bbox 670 4095 1115 4104; x_wconf 95' lang='lat' dir='ltr'><strong> </strong></span> 
     </span>
    </p>
   </div>
   <div class='ocr_carea' id='block_1_4' title="bbox 716 4190 2971 4517">
    <p class='ocr_par' dir='ltr' id='par_1_4' title="bbox 716 4190 2971 4517">
     <span class='ocr_line' id='line_1_33' title="bbox 716 4190 2968 4265; baseline 0 -20"><span class='ocrx_word' id='word_1_305' title='bbox 716 4192 761 4259; x_wconf 87' lang='lat'><strong>¹)</strong></span> <span class='ocrx_word' id='word_1_306' title='bbox 801 4190 929 4260; x_wconf 85' lang='lat' dir='ltr'><strong>Cap.</strong></span> <span class='ocrx_word' id='word_1_307' title='bbox 976 4193 1070 4258; x_wconf 86' lang='lat'><strong>36,</strong></span> <span class='ocrx_word' id='word_1_308' title='bbox 1119 4194 1153 4244; x_wconf 80' lang='lat'><strong>7</strong></span> <span class='ocrx_word' id='word_1_309' title='bbox 1199 4192 1353 4261; x_wconf 85' lang='lat' dir='ltr'><strong>quod</strong></span> <span class='ocrx_word' id='word_1_310' title='bbox 1402 4193 1892 4248; x_wconf 84' lang='lat' dir='ltr'><strong>Weissenbornius</strong></span> <span class='ocrx_word' id='word_1_311' title='bbox 1939 4212 1973 4247; x_wconf 87' lang='lat' dir='ltr'><strong>a</strong></span> <span class='ocrx_word' id='word_1_312' title='bbox 2020 4195 2268 4264; x_wconf 88' lang='lat' dir='ltr'><strong>Sauppio</strong></span> <span class='ocrx_word' id='word_1_313' title='bbox 2313 4196 2553 4265; x_wconf 85' lang='lat' dir='ltr'><strong>sumpsit</strong></span> <span class='ocrx_word' id='word_1_314' title='bbox 2598 4196 2736 4262; x_wconf 83' lang='lat' dir='ltr'><strong>via,</strong></span> <span class='ocrx_word' id='word_1_315' title='bbox 2783 4194 2968 4263; x_wconf 83' lang='lat' dir='ltr'><strong>expel-</strong></span> 
     </span>
     <span class='ocr_line' id='line_1_34' title="bbox 794 4275 2969 4349; baseline 0.001 -20"><span class='ocrx_word' id='word_1_316' title='bbox 794 4275 1022 4330; x_wconf 87' lang='lat' dir='ltr'><strong>lendum</strong></span> <span class='ocrx_word' id='word_1_317' title='bbox 1068 4282 1179 4342; x_wconf 82' lang='lat' dir='ltr'><strong>est3</strong></span> <span class='ocrx_word' id='word_1_318' title='bbox 1226 4295 1341 4331; x_wconf 91' lang='lat' dir='ltr'><strong>non</strong></span> <span class='ocrx_word' id='word_1_319' title='bbox 1387 4279 1577 4347; x_wconf 81' lang='lat' dir='ltr'><strong>agitur</strong></span> <span class='ocrx_word' id='word_1_320' title='bbox 1623 4278 1694 4333; x_wconf 91' lang='lat' dir='ltr'><strong>de</strong></span> <span class='ocrx_word' id='word_1_321' title='bbox 1739 4280 1832 4333; x_wconf 86' lang='lat' dir='ltr'><strong>via</strong></span> <span class='ocrx_word' id='word_1_322' title='bbox 1875 4281 2091 4334; x_wconf 87' lang='lat' dir='ltr'><strong>lubrica</strong></span> <span class='ocrx_word' id='word_1_323' title='bbox 2135 4280 2319 4349; x_wconf 83' lang='lat' dir='ltr'><strong>glacie</strong></span> <span class='ocrx_word' id='word_1_324' title='bbox 2364 4280 2539 4348; x_wconf 84' lang='lat' dir='ltr'><strong>(nulla</strong></span> <span class='ocrx_word' id='word_1_325' title='bbox 2587 4281 2739 4335; x_wconf 88' lang='lat' dir='ltr'><strong>enim</strong></span> <span class='ocrx_word' id='word_1_326' title='bbox 2778 4281 2840 4334; x_wconf 87' lang='lat' dir='ltr'><strong>in</strong></span> <span class='ocrx_word' id='word_1_327' title='bbox 2875 4279 2969 4333; x_wconf 79' lang='lat' dir='ltr'><strong>Al·</strong></span> 
     </span>
     <span class='ocr_line' id='line_1_35' title="bbox 793 4361 2971 4435; baseline 0.001 -21"><span class='ocrx_word' id='word_1_328' title='bbox 793 4361 948 4430; x_wconf 89' lang='lat' dir='ltr'><strong>pium</strong></span> <span class='ocrx_word' id='word_1_329' title='bbox 993 4363 1376 4416; x_wconf 81' lang='lat' dir='ltr'><strong>cacuminibus</strong></span> <span class='ocrx_word' id='word_1_330' title='bbox 1421 4369 1479 4417; x_wconf 90' lang='lat' dir='ltr'><strong>et</strong></span> <span class='ocrx_word' id='word_1_331' title='bbox 1520 4364 1670 4432; x_wconf 84' lang='lat' dir='ltr'><strong>iugis</strong></span> <span class='ocrx_word' id='word_1_332' title='bbox 1717 4365 1811 4417; x_wconf 84' lang='lat' dir='ltr'><strong>via</strong></span> <span class='ocrx_word' id='word_1_333' title='bbox 1855 4365 2027 4432; x_wconf 85' lang='lat' dir='ltr'><strong>erat),</strong></span> <span class='ocrx_word' id='word_1_334' title='bbox 2081 4365 2180 4419; x_wconf 76' lang='lat' dir='ltr'><strong>sed</strong></span> <span class='ocrx_word' id='word_1_335' title='bbox 2226 4365 2295 4420; x_wconf 89' lang='lat' dir='ltr'><strong>de</strong></span> <span class='ocrx_word' id='word_1_336' title='bbox 2339 4366 2462 4435; x_wconf 79' lang='lat' dir='ltr'><strong>ipsa</strong></span> <span class='ocrx_word' id='word_1_337' title='bbox 2504 4365 2683 4433; x_wconf 80' lang='lat' dir='ltr'><strong>glacie</strong></span> <span class='ocrx_word' id='word_1_338' title='bbox 2737 4365 2971 4420; x_wconf 86' lang='lat' dir='ltr'><strong>lubrica.</strong></span> 
     </span>
     <span class='ocr_line' id='line_1_36' title="bbox 792 4447 2558 4517; baseline 0.001 -16"><span class='ocrx_word' id='word_1_339' title='bbox 792 4447 1029 4502; x_wconf 82' lang='lat' dir='ltr'><strong>Litterae</strong></span> <span class='ocrx_word' id='word_1_340' title='bbox 1066 4453 1183 4501; x_wconf 87' lang='lat' dir='ltr'><strong>uta</strong></span> <span class='ocrx_word' id='word_1_341' title='bbox 1218 4454 1359 4502; x_wconf 80' lang='lat' dir='ltr'><strong>ortae</strong></span> <span class='ocrx_word' id='word_1_342' title='bbox 1394 4448 1661 4503; x_wconf 84' lang='lat' dir='ltr'><strong>videntur</strong></span> <span class='ocrx_word' id='word_1_343' title='bbox 1695 4467 1764 4503; x_wconf 87' lang='lat' dir='ltr'><strong>ex</strong></span> <span class='ocrx_word' id='word_1_344' title='bbox 1799 4451 1998 4504; x_wconf 81' lang='lat' dir='ltr'><strong>vicinis</strong></span> <span class='ocrx_word' id='word_1_345' title='bbox 2035 4450 2205 4517; x_wconf 89' lang='lat' dir='ltr'><strong>(erat</strong></span> <span class='ocrx_word' id='word_1_346' title='bbox 2238 4450 2558 4516; x_wconf 82' lang='lat' dir='ltr'><strong>lubrica).</strong></span> 
     </span>
    </p>
   </div>
  </div>
 </body>
</html>
