3230 5282
622 594 747 649 Lib.
786 594 850 648 V.
1724 581 1844 642 144

625 766 877 831 Deinde
939 767 1112 832 eius
1170 787 1301 831 non
1357 771 1581 850 potest
1635 766 1763 831 nisi
1821 764 1909 830 ad
1953 764 2365 830 Bellovesum
2420 764 2683 846 referri3
2750 766 2941 848 atqui

445 884 594 953 (122)
634 875 775 940 eius
820 873 986 939 nulli
1033 881 1224 940 erant
1268 873 1525 959 populi,
1583 873 1700 938 sed
1746 874 2138 957 permissum
2188 873 2247 938 ei
2293 873 2379 938 ab
2425 873 2801 957 Ambigat0‚
2861 880 2944 939 ut

625 1005 707 1048 ex
750 983 1027 1067 imperio
1075 1005 1194 1049 suo
1240 983 1538 1047 homines
1584 982 1849 1047 exciret.
1953 979 2205 1065 Opinor
2246 980 2505 1046 Livium
2561 982 2940 1066 scripsisse:

623 1092 733 1170 Is,
815 1091 1029 1175 quod
1111 1091 1186 1153 ln
1261 1110 1381 1153 sex
1468 1090 1802 1174 populis
1892 1088 2401 1169 abundabat,
2490 1090 2944 1174 Bituriges,

626 1200 1064 1280 Arvernos,
1133 1200 1460 1279 AEduOS,
1527 1198 1633 1277 A.,
1706 1195 1813 1277 G„
1872 1196 2041 1262 Aul.
2102 1198 2407 1262 excivit
2472 1196 2618 1279 (aut
2682 1199 2942 1283 potius:

624 1308 841 1389 quod
908 1326 942 1369 e
1007 1326 1147 1371 sex.
1248 1306 1478 1389 1861.).
1607 1307 1814 1371 Recte
1892 1310 2116 1370 autem
2180 1327 2455 1390 prorsus
2521 1308 2944 1374 accusativus

623 1416 921 1499 ponitur;
999 1416 1240 1480 excivit
1320 1417 1491 1479 enim
1556 1413 1888 1498 Bituriges
1967 1419 2388 1497 ceterosque,
2466 1415 2647 1497 quod
2712 1435 2945 1481 eorum

624 1523 1032 1588 abundabat.
1878 1578 1887 1586 .

798 1630 1112 1714 Sequitur
1170 1631 1398 1697 eodem
1457 1632 1676 1715 capite
1732 1628 1766 1713 ἓ
1823 1634 1862 1694 8
1908 1636 1976 1695 et
2022 1634 2090 1693 9:
2159 1628 2247 1693 Id
2304 1628 2523 1694 Galli
2580 1629 2942 1697 fortunae

621 1760 780 1805 suae
826 1761 1050 1805 omen
1096 1740 1280 1819 rati,
1327 1739 1750 1819 adiuvere,
1809 1744 1925 1818 ut,
1986 1759 2213 1821 quem
2258 1737 2600 1822 primum
2646 1739 2723 1803 in
2768 1745 2942 1804 ter-

623 1868 788 1912 ram
835 1848 1148 1930 egressi
1197 1852 1804 1931 occupaverant
1845 1845 2125 1926 locum,
2170 1845 2654 1929 patentibus
2701 1847 2941 1913 silvis

623 1956 1239 2020 communirent.
1341 1956 1512 2039 Ipsi
1567 1976 1708 2038 per
1753 1954 2162 2019 Taurinos
2223 1953 2659 2037 saltusque
2704 1954 2941 2020 Iuliae

624 2063 852 2147 Alpis
923 2064 1619 2129 transcenderunt
1696 2069 1819 2128 cet.
1933 2060 2105 2139 Quid
2160 2062 2248 2126 sit
2302 2061 2570 2126 locum
2627 2063 2939 2129 munire

625 2171 1117 2255 patentibus
1162 2171 1413 2251 silvis,
1474 2192 1750 2255 prorsus
1795 2172 2046 2254 ignom,
2103 2170 2361 2235 etiamsi
2405 2169 2711 2249 addatur,
2759 2171 2939 2253 quod

625 2278 858 2344 abesse
914 2301 1048 2344 non
1104 2285 1356 2364 potest,
1422 2280 1533 2360 in;
1601 2301 1755 2344 nam
1810 2278 2023 2363 campi
2078 2284 2304 2362 patere
2361 2277 2699 2357 dicuntur,
2767 2300 2938 2361 quos

626 2409 757 2451 non
792 2392 1049 2451 montes
1083 2407 1203 2451 nec
1244 2387 1419 2452 silvae
1446 2388 1966 2471 interrumpunt3
2002 2386 2196 2466 silvae,
2232 2391 2307 2450 ut
2328 2407 2550 2469 rupeS,
2587 2386 2933 2467 claudunt:

621 2493 804 2577 quod
881 2494 1455 2560 Weissenbornius
1534 2496 2039 2580 interpretatur:
2136 2494 2241 2574 „in
2322 2491 2612 2574 offenen,
2696 2492 2939 2559 keinen

620 2601 863 2669 Schutz
918 2602 1394 2687 gewahrenden
1440 2603 1827 2684 Wa'lderffl,
1894 2623 2015 2668 nec
2070 2602 2164 2669 sic
2221 2607 2511 2686 patere
2568 2601 2744 2668 silvae
2801 2602 2935 2669 dici

622 2718 964 2795 poterant,
1023 2719 1088 2777 et
1146 2712 1306 2795 quid
1355 2733 1519 2796 opus
1567 2718 1713 2777 erat
1757 2711 1888 2776 dici
1934 2717 2052 2776 aut
2095 2711 2359 2777 omnino
2407 2710 2607 2776 silvas
2653 2732 2936 2776 comme-

623 2819 914 2884 morari?
980 2819 1151 2884 Nam
1217 2819 1512 2900 Graecos,
1582 2820 2085 2885 muniendarum
2153 2819 2416 2884 urbium
2481 2819 2938 2902 peritissimOS,

619 2948 741 3010 pro
809 2929 1212 2995 munimento
1283 2928 1481 2993 silvas
1538 2927 1886 2994 habituros
1942 2927 2177 3006 fuisse,
2244 2926 2491 2992 nemini
2534 2928 2602 2992 in
2646 2934 2935 2992 mentem

621 3035 840 3100 venire
885 3042 1174 3120 poterat.
1290 3033 1679 3102 Certissima
1736 3035 2198 3101 emendatione
2254 3055 2476 3100 veram
2536 3034 2933 3118 scripturam

617 3144 687 3206 in
764 3144 1025 3209 nomine
1104 3145 1373 3228 proprio
1454 3150 1837 3227 corruptam
1905 3143 2201 3208 restituit
2266 3148 2421 3208 ante
2489 3142 2617 3206 duo
2686 3143 2935 3208 saecula

617 3251 996 3317 Hadrianus
1042 3251 1375 3317 Valesius:
1446 3251 1962 3335 patientibus
2012 3249 2279 3335 Salyis
2328 3249 2683 3333 (Saluis).
2785 3250 2931 3317 Hoc

619 3357 842 3424 Livius
912 3360 1102 3439 dicit,
1173 3357 1433 3443 Salyoe,
1501 3361 1614 3443 qui
1670 3360 1856 3424 initio
1903 3358 2166 3424 Graecos
2214 3379 2505 3442 egressos
2553 3380 2930 3442 oppugnas-

613 3472 793 3544 sent,
874 3487 1074 3548 quum
1143 3465 1315 3532 Galli
1393 3466 1515 3532 hos
1583 3467 1997 3543 adiuvarent,
2087 3466 2309 3532 locum
2386 3467 2776 3531 communiri
2862 3474 2932 3532 et

615 3573 977 3638 Massiliam
1026 3575 1221 3640 condi
1265 3595 1499 3658 passos
1546 3596 1707 3641 esse.
1772 3573 2033 3660 (Salyos
2069 3573 2297 3639 eadem
2337 3572 2772 3639 declinatione
2796 3574 2928 3640 Pli-

613 3680 758 3744 nius
795 3680 986 3762 dicit3
1022 3682 1199 3765 apud
1224 3682 1478 3747 Livium
1503 3684 1736 3748 eodem
1758 3684 2091 3766 pertinent
2115 3680 2510 3762 Salluvii.)
2567 3680 2696 3747 Sed
2719 3689 2931 3748 restat

613 3787 946 3854 dubitatio
992 3789 1058 3853 in
1102 3791 1364 3855 nomine
1407 3790 1555 3871 loci,
1604 3812 1736 3875 quo
1782 3791 1980 3875 Alpes
2028 3790 2204 3855 Galli
2250 3789 2674 3855 transierunt.
2756 3790 2930 3855 Nam

611 3917 827 3980 neque
871 3897 1151 3981 Alpem
1196 3898 1510 3981 singulari
1556 3921 1832 3965 numero
1881 3899 2103 3964 Livius
2151 3905 2268 3963 aut
2314 3898 2665 3981 quisquam
2709 3920 2927 3982 prosae

616 4005 936 4070 orationis
984 4007 1268 4089 scriptor
1315 4006 1494 4084 dixit,
1553 4029 1632 4071 ex
1677 4028 1807 4089 quo
1855 4007 2156 4091 sequitur
2198 4005 2425 4090 Alpis
2473 4007 2925 4071 accusativum

611 4133 788 4191 esse,
859 4119 926 4177 et
980 4113 1207 4178 Iuliae
1250 4113 1499 4198 Alpes
1552 4115 1937 4198 longissime
1995 4114 2079 4179 ab
2141 4115 2222 4179 iis
2279 4115 2474 4194 locis,
2543 4113 2624 4178 de
2682 4113 2924 4197 quibus

612 4220 868 4302 agitur,
939 4221 1207 4285 distant.
1321 4222 1553 4307 Itaque
1612 4223 1823 4288 multa
1878 4223 2252 4305 excogitata
2312 4228 2494 4301 sunt,
2563 4242 2708 4304 quae
2767 4222 2921 4287 sub-

608 4329 1075 4409 stituerentu13
1145 4330 1260 4394 sed
1318 4351 1397 4395 ea
1453 4332 1673 4395 omnia
1716 4336 1833 4396 aut
1877 4330 2011 4396 alia
2054 4331 2305 4396 habent
2348 4330 2763 4396 incommoda
2810 4330 2925 4412 (—

609 4434 789 4500 velut
857 4436 1086 4500 inviae
1143 4438 1428 4518 regionis
1487 4438 1882 4519 significatio
1942 4445 2008 4503 et
2068 4459 2335 4522 prorsus
2393 4445 2545 4521 post
2600 4458 2704 4518 ea,
2771 4459 2923 4521 quae
