3230 5282
1825 569 1907 628 30

569 756 675 823 (28)
713 749 1281 834 Interpolationis‚
1338 772 1484 833 quae
1541 752 1807 834 quidem
1863 752 2128 837 proprie
2174 752 2418 819 dicitur
2461 753 2641 836 (nam
2683 754 2849 820 illud
2891 756 3013 821 La-

706 859 881 925 tinas
948 880 1138 924 voces
1207 859 1694 944 qualescunque
1762 860 2086 926 efficiendi
2154 861 2446 926 studium
2513 884 2642 928 non
2697 863 3014 946 numero),

706 968 1042 1032 rarissima
1084 968 1359 1051 vestigia
1405 975 1559 1034 sunt
1602 991 1724 1034 nec
1767 975 1990 1035 tamen
2033 969 2237 1035 nulla.
2328 969 2498 1035 Nam
2548 969 3012 1056 [praeterquam

708 1075 890 1159 quod
920 1075 1029 1156 IV,
1078 1080 1177 1157 35,
1214 1067 1310 1141 '10
1346 1084 1413 1143 et
1463 1076 1537 1158 V,
1574 1082 1632 1157 3,
1672 1082 1709 1141 2
1747 1078 2144 1143 omittuntur
2186 1078 2446 1158 litterae,
2493 1078 2617 1144 sub
2666 1079 2901 1162 quibus
2943 1081 3012 1144 in

705 1183 978 1268 reliquis
1043 1186 1220 1250 varie
1287 1188 1615 1270 corruptis
1683 1184 1894 1251 latent
1961 1207 2048 1251 os
2105 1193 2174 1251 et
2230 1185 2625 1271 Quirites]
2673 1187 2789 1269 VI,
2845 1192 2912 1266 2,
2969 1194 3010 1252 5

708 1314 911 1373 quum
979 1292 1203 1358 Livius
1284 1295 1692 1378 scripsisset,
1774 1293 1952 1378 quod
2028 1295 2094 1358 in
2174 1294 2611 1361 deterioribus
2678 1296 3012 1362 codicibus

705 1401 1035 1467 nonnullis
1097 1403 1475 1467 coniectura
1530 1402 1915 1468 restitutum
1973 1410 2076 1468 est
2120 1410 2188 1468 et
2232 1426 2432 1487 quum
2480 1404 2635 1469 olim
2679 1412 2821 1470 tum
2865 1412 3016 1489 post

709 1510 1109 1574 Grronovium
1176 1510 1261 1574 ad
1318 1517 1555 1575 nostra
1605 1519 1908 1595 tempora
1965 1510 2246 1576 editum:
2315 1513 2641 1595 placuit
2706 1514 3009 1579 eisdem

706 1619 1110 1702 auspiciis
1147 1617 1479 1683 defendi
1526 1639 1687 1683 rem
1722 1619 2156 1703 publicam,
2203 1618 2494 1704 quibus
2528 1627 3010 1705 recuperata

707 1734 959 1805 esset,
1018 1748 1135 1811 pro
1195 1726 1560 1791 eiusdem
1605 1726 1957 1792 hominis
2004 1728 2404 1811 auspiciis
2454 1728 2676 1793 dicens
2723 1730 3007 1809 eadem,

705 1841 907 1917 atque
972 1835 1123 1899 inde
1191 1836 1257 1899 in
1328 1835 1554 1900 codice
1610 1835 1969 1920 archetypo
2026 1857 2160 1900 una
2213 1835 2441 1901 littera
2492 1872 2579 1881 --
2635 1838 2871 1902 calami
2924 1860 3006 1903 an

705 1943 908 2007 animi
954 1964 1205 2024 errore,
1264 1943 1524 2007 dicam?
1568 1979 1656 1988 —-
1699 1944 1945 2023 addita,
2005 1951 2223 2009 ortum
2269 1950 2460 2024 esset,
2518 1945 2694 2027 quod
2740 1946 2806 2009 in
2858 1946 3004 2011 ΡΗ1

704 2053 981 2116 mansit:
1051 2051 1417 2116 eiusdem
1486 2053 1899 2135 auspiciis
1966 2087 2052 2096 ——
2120 2052 2452 2134 quibus,
2517 2054 2585 2117 in
2642 2053 2800 2117 MLl
2864 2054 3010 2119 aliis

704 2159 951 2224 factum
1020 2166 1146 2223 est:
1218 2160 1581 2224 eiusdem
1652 2160 2059 2242 auspiciis
2114 2195 2202 2204 —
2257 2160 2491 2224 cuius
2545 2160 2745 2243 idque
2803 2183 3011 2245 nuper

705 2267 1087 2351 probatum,
1156 2288 1354 2351 quam
1408 2267 1688 2331 formam
1744 2268 1799 2331 si
1847 2267 2070 2332 Livius
2127 2275 2390 2332 secutus
2439 2275 2645 2348 esset,
2711 2276 2829 2334 aut
2872 2270 3012 2335 ho-

709 2376 949 2440 minis
1007 2383 1125 2440 aut
1178 2376 1331 2439 viri
1390 2374 1860 2457 addidisset.¹)
1961 2375 2332 2440 Admodum
2388 2378 2589 2443 etiam
2636 2384 3010 2461 suspectum

708 2492 837 2564 est,
896 2483 1072 2566 quod
1118 2482 1207 2563 X,
1274 2487 1379 2563 13,
1440 2486 1508 2562 3,
1568 2482 1685 2547 ubi
1739 2484 1805 2547 in
1866 2485 2098 2548 ceteris
2145 2484 2482 2550 codicibus
2530 2486 2831 2551 omnibus
2879 2493 3007 2550 est:

706 2594 1153 2658 exercitum
1219 2592 1625 2657 Lucanum
1702 2589 2018 2658 hostem
2087 2600 2673 2679 comparatum,
2729 2593 2797 2659 M
2842 2615 3010 2659 unus

705 2702 934 2766 habet:
975 2701 1428 2766 exercitum
1464 2700 1862 2765 adversus
1898 2701 2075 2765 Luc.
2114 2701 2175 2766 h.
2215 2724 2457 2787 comp.
2526 2702 2806 2768 Videtur
2841 2703 3010 2768 enim

705 2809 958 2893 potiuS,
1028 2809 1205 2894 quod
1265 2809 1633 2874 Gronovius
1702 2809 2053 2890 intellexit,
2119 2811 2198 2874 in
2267 2816 2419 2893 post
2474 2830 2530 2870 m
2589 2810 3010 2893 excidissefl)

706 2919 828 2998 (De
875 2919 1085 2983 altera
1132 2939 1328 2982 manu
1374 2918 1620 2983 codicis
1654 2916 1739 2996 M,
1788 2938 1934 3001 quae
1983 2917 2314 2982 interdum
2359 2918 2530 2983 levia
2563 2919 2799 2983 menda
2833 2926 3012 2984 recte

706 3026 1006 3104 sustulit,
1066 3027 1397 3092 interdum
1441 3025 1903 3109 interpolando
1950 3026 2254 3108 graviora
2296 3026 2615 3106 reddidit,
2671 3027 2834 3091 nihil
2882 3027 3012 3092 dici

704 3156 869 3218 opus
917 3133 1066 3215 est.)
1168 3134 1384 3198 Unum
1432 3140 1751 3218 superest,
1809 3135 1983 3216 quod
2030 3134 2115 3200 ad
2160 3133 2229 3198 M
2271 3136 2577 3217 pertinet,
2624 3156 3012 3201 commemo-

701 3244 1015 3322 randum,
1083 3243 1150 3306 in
1222 3242 1512 3325 antiquis
1580 3241 1803 3306 saeculi
1863 3243 2078 3324 quinti
2135 3243 2372 3307 decimi
2428 3242 2861 3324 editionibuS‚
2926 3244 3013 3309 ad

840 3430 1110 3498 letalia,
1157 3429 1381 3498 poetica
1424 3444 1565 3482 voce
1609 3428 1670 3481 111
1706 3428 1856 3482 Livii
1900 3429 2214 3483 orationem
2259 3429 2421 3483 illata
2467 3434 2527 3483 et
2560 3447 2706 3485 nove
2744 3448 2848 3499 pro
2885 3432 3016 3485 sub-

838 3515 1083 3568 stantivo
1121 3514 1335 3582 posita,
1376 3530 1481 3566 nec
1517 3517 1710 3567 tamen
1748 3517 1846 3566 aut
1889 3513 2425 3583 animadverterunt,
2463 3519 2527 3568 ut
2551 3515 2669 3582 illa,
2710 3532 2879 3584 quam
2907 3532 3010 3570 vo-

836 3600 981 3665 lunt,
1023 3599 1338 3653 efficeretur
1364 3599 1661 3652 verborum
1693 3600 2034 3667 coniunctio,
2064 3599 2367 3654 dicendum
2393 3599 2589 3654 fuisse:
2621 3606 3014 3669 coquentes

837 3685 1164 3753 quasdam
1211 3691 1280 3738 et
1326 3683 1841 3738 medicamenta
1886 3691 1952 3738 et
2001 3685 2368 3740 recondita
2401 3684 2678 3753 letalia,
2725 3692 2823 3739 aut
2860 3686 3017 3741 dixe-

834 3777 983 3836 runt,
1021 3787 1147 3838 quae
1185 3775 1375 3824 essent
1409 3770 1608 3824 letalia
1644 3787 1678 3842 a
1710 3769 2136 3825 medicamentis
2174 3770 2483 3843 (φαρμάκοις)
2521 3777 2799 3839 separata.
2887 3770 2941 3841 (ξ
2979 3774 3016 3825 8

837 3856 961 3910 sola
1006 3856 1429 3910 medicamen
1445 3861 1513 3909 ta
1557 3856 2104 3924 commemorantur.)
2199 3856 2441 3910 Tantum
2489 3872 2738 3910 errorum
2782 3857 3018 3926 peperit

840 3942 1233 4009 superstitiosa
1269 3940 1471 4009 optimi
1506 3940 1720 3995 codicis
1756 3943 2063 3996 veneratiO.

760 4027 802 4094 ¹)
843 4025 1175 4095 [eiusdem
1197 4068 1208 4080 .
1230 4067 1241 4079 .
1265 4067 1275 4079 .
1297 4027 1492 4081 cuius
1529 4026 1701 4080 etiam
1729 4026 1795 4092 V,
1828 4044 1931 4081 nec
1968 4034 2158 4082 tamen
2191 4032 2350 4081 muto
2387 4028 2674 4096 iudicium,
2710 4027 2819 4082 11181
2857 4027 3016 4096 quod

838 4112 925 4166 bis
963 4112 1157 4165 eadem
1194 4111 1347 4167 facta
1382 4113 1662 4167 correctio
1702 4110 1826 4180 est.]

1943 4198 2128 4252 altus

752 4284 802 4351 ⁹)
839 4283 903 4336 In
949 4282 1029 4350 X,
1066 4285 1125 4350 9,
1162 4287 1195 4336 8
1242 4284 1301 4336 in
1349 4283 1656 4353 archetypo
1712 4283 1887 4338 fuisse
1942 4284 2201 4338 arduus
2256 4289 2465 4354 atque
2516 4285 2585 4337 111
2636 4291 2835 4353 parte
2881 4302 3020 4339 una

835 4384 1166 4437 praeceps,
1222 4373 1483 4438 apparet,
1539 4370 1692 4436 quod
1746 4387 1873 4424 cum
1909 4368 1970 4422 M
2013 4369 2074 4423 111
2119 4369 2378 4425 addendo
2428 4370 2608 4424 altus
2644 4370 3022 4425 consentiunt

835 4454 913 4508 L1
957 4458 1015 4509 et
1052 4470 1149 4507 sex
1188 4459 1473 4522 septemve
1510 4453 1833 4509 deteriores.
1906 4455 1950 4509 P
1989 4460 2142 4510 recte
2176 4455 2558 4526 praetermisit.
