3230 5282
1402 624 1485 686 59
2391 636 2518 692 Lib.
2553 636 2595 690 1.

292 808 489 888 tine;
545 806 662 887 111,
721 812 825 888 50,
886 813 924 873 6
980 808 1245 874 libere
1290 830 1379 875 ac
1423 810 1720 893 pudice
1764 831 1885 894 pro
1932 808 2212 875 liberae
2257 815 2326 876 et
2368 809 2597 875 simili-

293 922 393 981 ter
433 915 719 998 alibi.)¹)

456 1022 617 1110 Cap.
663 1028 778 1104 41,
844 1030 908 1089 1:
979 1023 1303 1091 Clamor
1370 1026 1561 1091 inde
1629 1046 2242 1111 concursusque
2309 1024 2597 1110 populi

290 1134 793 1214 mirantium,
861 1132 1058 1217 quid
1122 1134 1241 1200 rei
1298 1140 1532 1200 esset.
1644 1134 1866 1200 Livius
1924 1135 2287 1219 scripserat
2339 1140 2599 1199 tantum

288 1263 893 1327 concursusque
964 1243 1453 1308 mirantium.
1570 1241 2066 1309 Substantivum
2133 1242 2423 1323 addidit,
2492 1244 2597 1308 cui

290 1372 417 1416 uon
469 1349 776 1417 sufficere
831 1349 1184 1417 videbatur
1238 1352 1663 1436 participium
1717 1351 2018 1417 habitum
2074 1352 2597 1417 concurrentium

287 1458 684 1543 significans.
782 1459 921 1525 Nec
968 1459 1189 1525 Livius
1244 1481 1367 1525 nec
1420 1459 1589 1525 alius
1649 1462 2000 1543 quisquam
2054 1459 2409 1544 populus
2456 1460 2596 1524 mi-

287 1576 562 1634 rantes
632 1568 827 1647 dixit3
893 1589 977 1633 ne
1040 1566 1393 1652 populus
1449 1568 1735 1634 iubent
1788 1569 2073 1652 quidem.
2175 1568 2425 1647 Eritne,
2485 1568 2596 1650 qui

286 1677 669 1761 populum
715 1676 1185 1742 mirantium
1229 1675 1478 1760 fingat?
1525 1676 1774 1759 (1861.)

449 1783 655 1869 *Cap.
701 1787 803 1863 43,
853 1788 923 1849 5:
969 1783 1267 1850 Tertiae
1314 1784 1607 1851 classis
1654 1787 1734 1850 in
1779 1785 2385 1869 quinquaginta
2427 1784 2595 1849 mil·

283 1893 470 1959 lium
518 1914 849 1958 censum
894 1914 1074 1958 esse
1117 1892 1401 1958 voluit.
1490 1892 1744 1959 Horum
1787 1894 2158 1971 verborum,
2206 1893 2445 1977 quibus
2491 1914 2597 1958 res

282 2009 510 2087 aperta
580 2000 873 2066 breviter
935 2001 1295 2080 indicatur,
1366 2003 1743 2068 coniunctio
1811 2003 2240 2086 grammatica
2306 2001 2599 2085 expediri

282 2112 538 2193 nequit;
577 2106 764 2174 ‘nam
818 2129 964 2192 quae
1011 2108 1298 2175 editores
1342 2110 1642 2175 nonnulli
1687 2110 2212 2195 adscripserunt,
2280 2111 2600 2176 eiusmodi

286 2226 456 2299 sunt,
525 2225 609 2284 ut
676 2225 908 2283 contra
972 2217 1106 2282 dici
1172 2240 1337 2303 opus
1405 2240 1538 2285 non
1606 2220 1794 2299 sit.²)
1904 2219 2160 2284 Livium
2217 2219 2594 2303 scripsisse:

282 2326 584 2394 Tertiae
643 2326 948 2392 classis
1006 2326 1608 2410 quinquaginta
1652 2327 1997 2393 millium
2043 2349 2367 2394 censum
2413 2349 2588 2394 esse
2627 2337 2735 2409 (49)

282 2438 546 2503 voluit
594 2435 749 2516 (hoc
795 2440 925 2513 est,
996 2434 1055 2500 si
1099 2435 1541 2500 enarrandum
1587 2442 1721 2516 est,
1791 2438 2004 2502 tertiae
2050 2436 2283 2503 classis
2330 2457 2598 2502 censum

337 2710 383 2774 ¹)
422 2707 539 2778 [Tu
552 2706 925 2761 multuosis
940 2706 1121 2760 simae
1151 2705 1369 2776 Bauer-‚J
1422 2707 1490 2761 In
1526 2707 1727 2763 eodem
1760 2710 1887 2764 loco
1916 2708 2037 2776 fuit,
2074 2710 2170 2779 qui
2199 2710 2269 2764 de
2293 2707 2383 2765 his
2410 2709 2600 2764 verbis

417 2795 740 2848 dubitaret:
787 2792 1039 2860 quibus
1088 2792 1411 2847 consueti
1458 2799 1653 2849 erant
1688 2800 1976 2864 uterque
2012 2796 2418 2867 agrestibus
2454 2794 2596 2849 fer·

415 2879 788 2942 ramentis3
836 2894 1035 2946 neque,
1082 2877 1235 2947 quod
1270 2879 1373 2933 uti
1409 2879 1604 2934 audire
1640 2880 1912 2949 iubemur,
1958 2899 2046 2936 res
2085 2882 2403 2952 expeditum
2453 2880 2600 2934 unde

420 2967 575 3021 enim
612 2963 711 3019 ille
749 2962 1062 3018 infinitivus
1100 2965 1381 3019 sumitur?
1418 2964 1530 3019 Sed
1563 2983 1681 3020 non
1717 2965 1897 3021 audeo
1935 2974 2153 3022 mutare
2183 2966 2333 3037 apud
2359 2966 2600 3032 Livium,

417 3050 573 3119 quod
636 3049 958 3104 Columelloe
1014 3050 1216 3103 saltem
1269 3055 1328 3104 et
1382 3050 1554 3105 Plinii
1599 3051 1837 3105 Minoris
1892 3054 2228 3108 auctoritate
2285 3051 2602 3107 defenditur

417 3135 927 3202 (consuescere
962 3135 1063 3189 rei
1100 3140 1159 3189 et
1188 3151 1277 3204 re,
1314 3142 1699 3192 consuetus
1736 3137 1873 3204 rei).

337 3223 387 3286 ²)
421 3220 926 3276 Drakenborchius
972 3222 1039 3274 in
1087 3221 1598 3290 quinquaginta
1643 3222 1936 3276 millium
1987 3221 2312 3289 „commode
2355 3222 2602 3290 positum

419 3308 609 3377 accipi
656 3322 827 3376 posse
868 3323 974 3376 pro
1020 3324 1236 3375 usque
1272 3307 1344 3361 in
1379 3325 1695 3362 summam
1731 3307 2238 3377 quinquaginta
2272 3306 2600 3361 millium“

419 3397 608 3463 putat,
647 3409 817 3461 quam
854 3408 959 3461 ego
998 3391 1227 3461 ellipsin
1264 3391 1628 3464 ignorabam3
1677 3394 1776 3448 sed
1811 3395 1930 3463 ipse
1968 3410 2001 3446 a
2036 3410 2096 3446 se
2132 3391 2449 3448 desciscens
2484 3391 2598 3446 for·

415 3483 574 3534 tasse
622 3476 853 3531 millia
899 3476 1260 3532 scribendum
1306 3494 1427 3531 esse
1473 3478 1718 3533 coniicit.
1800 3477 2283 3533 Weissenbornius
2328 3495 2603 3533 censum

422 3565 600 3618 etiam
639 3563 713 3617 ad
747 3563 985 3617 tertiae
1022 3562 1273 3617 classis
1309 3562 1457 3616 trahi
1491 3564 1633 3631 vult,
1668 3569 1736 3619 ut
1771 3564 2026 3618 adhibita
2061 3564 2166 3618 hac
2203 3564 2602 3633 geminatione,

419 3668 533 3719 qua
599 3648 957 3703 accusativus
1011 3648 1072 3703 in
1122 3647 1234 3702 fine
1287 3649 1583 3703 sententioe
1623 3667 1656 3703 a
1690 3649 2092 3720 praepositione
2145 3648 2394 3718 pendens
2443 3654 2608 3704 antea
2721 3691 2730 3704 ,

422 3735 677 3791 subiecti
731 3734 858 3789 loco
917 3734 991 3788 sit
1033 3738 1091 3786 et
1135 3735 1458 3802 genetivum
1504 3740 1690 3804 regat,
1744 3736 1868 3791 hoec
1916 3734 2194 3789 efficiatur
2237 3735 2515 3790 sententia
2551 3741 2608 3789 et

419 3822 634 3876 oratio:
716 3836 967 3875 census
1042 3819 1112 3873 in
1175 3820 1682 3890 quinquaginta
1742 3821 2043 3875 millium
2107 3837 2383 3874 censum
2447 3820 2604 3875 fuit.

421 3905 817 3962 Alschefskius
852 3911 1058 3962 autem.
1102 3904 1369 3960 mirificus
1404 3906 1590 3974 homo,
1628 3906 1699 3960 ad
1736 3907 2055 3976 genetivum
2092 3905 2320 3960 tertiae
2358 3906 2605 3960 classis

426 3992 624 4048 nescio
644 3990 797 4046 unde
814 3991 975 4045 audit
1001 3991 1205 4059 cives,
1235 3996 1301 4045 ut
1328 4008 1474 4046 esse
1502 3991 1571 4046 in
1597 3992 2109 4061 quinquaginta
2136 3992 2431 4046 millium
2458 4009 2607 4046 cen-

421 4096 567 4132 sum
625 4078 702 4132 sit
755 4077 1274 4148 quinquaginta
1324 4077 1620 4131 millium
1674 4094 1953 4133 censum
2005 4077 2387 4148 possidere.
2475 4075 2609 4131 Non

418 4162 652 4218 ridiculi
703 4180 872 4217 causa
916 4162 1035 4217 ludi
1082 4163 1321 4217 credas?
1388 4161 1451 4217 Si
1491 4163 1614 4233 quis
1661 4169 1848 4218 autem
1894 4164 1976 4219 ita
2019 4165 2193 4219 verba
2229 4163 2609 4233 intellegenda

420 4249 737 4319 putaverit,
785 4254 851 4303 ut
887 4247 1111 4303 Servius
1157 4248 1378 4303 dicatur
1421 4248 1607 4303 tertiae
1653 4249 1847 4303 classis
1885 4266 2005 4303 esse
2040 4248 2233 4316 (tertia
2268 4249 2446 4304 classe
2480 4265 2608 4303 con-

421 4333 617 4401 tineri)
656 4333 897 4389 voluisse
935 4352 1129 4388 omnes
1165 4351 1377 4403 usque
1414 4333 1495 4388 ad
1529 4334 1576 4388 L
1614 4333 1854 4389 millium
1881 4352 2128 4402 censum,
2165 4352 2292 4388 eum
2322 4339 2605 4400 conatum,

420 4437 495 4474 ne
531 4420 646 4474 alia
680 4437 1137 4486 commemorem,
1182 4424 1400 4474 evertet
1434 4420 1501 4474 in
1536 4421 1865 4490 praepositio
1903 4420 2157 4475 inaudita
2195 4420 2604 4491 significatione

424 4507 634 4575 posita,
670 4506 730 4560 in
768 4504 1158 4561 descendendo
1194 4506 1529 4574 praesertim.
