3230 5282
1360 575 1485 638 239
2356 586 2481 643 Lib.
2519 586 2586 641 X.

288 757 469 838 vallo,
525 780 660 824 non
717 759 1121 825 stationibus
1180 758 1465 825 firmata.
1574 757 1812 825 Omnia
1854 765 2038 825 recta
2082 765 2277 825 erunt
2321 758 2585 824 sublato

287 868 731 951 conspecti,
789 872 866 933 ut
911 866 1271 933 scribatur:
1331 868 1414 932 in
1471 866 1744 950 fugam
1791 872 2440 932 consternantur
2486 866 2584 932 ab

286 974 717 1057 equitibus,
764 975 905 1058 qui
962 980 1084 1040 cet.
1185 975 1506 1059 Apertum
1550 981 1655 1040 est
1698 980 1948 1054 autem,
2002 974 2178 1040 unde
2223 981 2453 1040 natum
2499 976 2587 1040 sit

282 1080 460 1147 huius
533 1082 717 1148 vocis
797 1081 1116 1148 addendae
1182 1082 1553 1148 consilium.
1682 1080 1997 1167 Sequitur
2064 1083 2265 1161 enim,
2345 1089 2587 1166 praeter

227 1253 235 1263 ,
286 1190 517 1271 equites
562 1189 736 1269 illos,
793 1191 910 1274 qui
952 1190 1021 1254 in
1069 1187 1400 1255 Samnites
1446 1191 1624 1255 visos
1669 1190 2108 1279 incurrerunt,
2168 1191 2370 1255 etiam
2415 1190 2583 1257 alios

286 1295 628 1378 Romanos,
691 1316 895 1383 quum
953 1297 1218 1364 eosdem
1275 1318 1354 1362 ex
1397 1296 1766 1381 Apolloniae
1811 1299 2017 1363 muris
2064 1299 2581 1382 conspexissent,

289 1403 365 1469 ad
435 1426 542 1471 eos
622 1405 1092 1491 opprimendos
1171 1406 1407 1471 exisse.
1529 1404 1811 1489 Propter
1875 1405 2015 1470 haec
2079 1406 2282 1489 igitur
2346 1406 2573 1471 verba:
2613 1420 2754 1490 (198)

291 1507 730 1597 Conspecta
787 1520 865 1579 et
905 1548 993 1559 —
1037 1534 1129 1579 ea
1183 1513 1668 1592 multitudo,
1728 1534 1875 1598 quae
1933 1512 2112 1597 apud
2170 1513 2427 1578 Livium
2482 1535 2583 1578 re-

291 1620 596 1703 spondent
639 1621 805 1687 illis:
853 1623 992 1704 qui
1026 1656 1114 1667 —
1146 1621 1532 1687 viderant
1577 1627 1721 1702 cet„
1767 1621 2205 1705 interpolator
2248 1622 2381 1687 iam
2427 1628 2584 1686 ante

287 1728 426 1809 poni
471 1727 713 1794 debere
760 1730 1020 1813 putavit
1063 1730 1510 1813 conspecti.

441 1832 595 1920 Cap.
654 1841 740 1902 44
806 1838 991 1922 piget
1060 1858 1247 1922 paene
1315 1837 1532 1902 dicere
1590 1843 1658 1901 et
1713 1834 1746 1925 5
1807 1841 1844 1901 2
1903 1834 2382 1901 emendandam
2437 1858 2580 1902 esse

288 1944 586 2010 orationis
674 1944 1276 2028 interpunctionem
1367 1944 1521 2025 (hoc
1599 1944 1830 2010 modo:
1924 1944 2373 2028 eodemque
2453 1944 2580 2010 die

287 2050 721 2133 Aquilonia
778 2059 857 2117 et
914 2050 1374 2118 Cominium
1430 2051 2003 2131 deflagravere
2062 2059 2141 2117 et
2197 2052 2578 2118 consules

285 2190 361 2201 —-
400 2168 676 2226 castra
737 2160 1276 2243 coniunxere)
1337 2167 1405 2225 et
1464 2159 1498 2243 5
1557 2164 1594 2224 6
1655 2156 2135 2240 (Consilium
2190 2159 2380 2225 inde
2438 2160 2578 2225 ha-

286 2263 541 2332 bitum.
672 2266 920 2345 Quum
999 2268 1154 2333 iam
1235 2276 1559 2352 tempus
1641 2274 1861 2332 esset
1937 2267 2401 2333 deducendi
2481 2268 2576 2333 ab

288 2369 578 2441 Samnio
628 2376 1046 2442 exercitus
1091 2383 1230 2441 aut
1274 2377 1717 2460 utriusque
1761 2382 1900 2440 aut
1947 2381 2166 2440 certe
2212 2375 2575 2455 alteriuS‚

286 2484 663 2564 optimum
728 2483 986 2550 visum
1041 2482 1214 2566 cet.).
1326 2481 1484 2565 (Sed
1552 2484 1621 2547 in
1688 2482 1792 2548 his
1856 2484 2018 2568 ipsis
2083 2482 2299 2549 verbis
2353 2484 2578 2551 insoli-

284 2594 411 2654 tum
471 2613 614 2658 esse
682 2590 1134 2659 deducendi
1201 2591 1294 2658 ab
1353 2590 1673 2658 Samnio
1720 2590 2298 2658 Weissenbornius
2366 2594 2577 2658 anim·

286 2697 570 2766 advertit.
704 2699 855 2766 Non
933 2699 1208 2766 dubium
1286 2699 1574 2780 videtur,
1658 2700 1815 2783 quin
1906 2716 2026 2783 pro
2106 2700 2193 2762 ab
2286 2700 2577 2767 scriben-

286 2804 424 2871 dum
478 2809 565 2873 sit
620 2808 735 2888 «le,
804 2827 936 2891 qua
1006 2807 1242 2873 vocula
1304 2814 1457 2891 post
1525 2807 1602 2871 di
1674 2808 1920 2872 extrita
1984 2807 2102 2872 ina
2167 2828 2366 2892 prave
2424 2830 2576 2890 sup-

283 2912 445 2994 pleta
533 2922 658 2982 est.
769 2914 927 2999 Cap.
1001 2920 1113 2996 46,
1200 2919 1229 2978 1
1301 2921 1480 2980 recte
1549 2914 1892 2980 scribitur:
1973 2917 2417 2981 exercitum
2485 2915 2576 2981 de

285 3017 592 3088 Samnio
653 3022 1012 3088 deduxit.
1106 3020 1269 3103 cfr„
1325 3043 1470 3106 quae
1529 3023 1666 3088 dixi
1711 3022 1796 3087 ad
1843 3021 1971 3088 Cic.
2018 3023 2160 3088 Fin.
2206 3022 2323 3104 IV,
2388 3027 2467 3088 56
2511 3046 2575 3108 p.

283 3131 414 3193 562.
506 3130 719 3213 18⁷5.)
2689 3148 2692 3151 ·

438 3234 591 3323 Cap.
640 3242 753 3319 46,
811 3243 880 3304 6;
961 3244 1367 3322 auctaque
1423 3260 1514 3304 ea
1568 3238 1881 3303 invidia
1908 3237 2148 3322 -(quod
2205 3238 2274 3303 in
2334 3237 2406 3302 L.
2452 3237 2575 3303 Pa-

276 3343 414 3425 pirii
487 3346 823 3430 triumpho
903 3347 1069 3411 nihil
1134 3368 1215 3412 ex
1281 3345 1505 3431 praeda
1569 3346 1890 3412 militibus
1947 3346 2176 3411 datum
2235 3344 2404 3427 erat)
2451 3352 2577 3412 est
2693 3432 2698 3436 ,

278 3451 369 3516 ad
432 3454 782 3536 plebem,
847 3454 1067 3539 quod
1132 3454 1546 3520 tributum
1614 3454 1865 3520 etiam
1931 3454 2014 3518 in
2068 3453 2575 3537 stipendium

276 3559 616 3626 militum
696 3561 1104 3628 collatum
1193 3567 1347 3643 est,
1439 3580 1705 3647 quum,
1797 3562 1865 3626 si
1954 3567 2234 3646 spreta
2308 3561 2576 3645 gloria

276 3663 558 3734 fuisset
644 3670 993 3755 captivae
1072 3671 1440 3755 pecuniae
1520 3670 1602 3734 in
1678 3670 2045 3734 aerarium
2121 3668 2415 3749 illatae,
2497 3678 2575 3736 et

273 3774 520 3841 militi
576 3783 743 3843 tum
800 3777 982 3842 dari
1035 3799 1130 3843 ex
1183 3778 1459 3863 praeda
1517 3784 1597 3844 et
1641 3777 2154 3861 stipendium
2197 3777 2572 3843 militare

274 3886 646 3963 praestari
699 3886 1138 3970 potuisset.
1250 3885 1592 3952 Particula
1645 3891 1811 3950 tum
1866 3884 2030 3949 nihil
2086 3883 2318 3966 babet,
2391 3885 2574 3968 quod

273 3997 448 4074 agat,
504 3994 816 4076 quoniam
873 3993 954 4060 de
1001 3993 1180 4060 nullo
1226 3994 1358 4060 alio
1405 4000 1704 4077 tempore
1750 3992 2025 4075 cogitari
2067 3999 2325 4076 potest;
2394 3993 2573 4058 dari

275 4097 364 4161 sic
427 4099 754 4181 absolute,
835 4101 1017 4167 nullo
1096 4101 1327 4167 addito
1407 4100 1705 4168 subiecto
1787 4100 2068 4181 (militi
2144 4121 2237 4165 ex
2303 4101 2573 4185 praeda

272 4203 565 4289 datur),
624 4208 755 4274 dici
809 4211 1056 4294 nequit.
1168 4207 1596 4275 Manifestum
1653 4215 1782 4288 est,
1840 4210 1907 4274 in
1953 4215 2122 4273 tum
2164 4208 2373 4274 latere
2419 4209 2571 4274 sub·

274 4316 620 4380 stantivum
700 4317 1102 4382 contrarium
1171 4317 1610 4401 stipendio.
1737 4316 1815 4382 Id
1895 4323 2015 4381 aut
2093 4317 2388 4383 donum
2456 4322 2572 4381 aut
