3230 5282
1499 1234 1909 1318 INDEX

644 1417 908 1476 RERUM
941 1419 1040 1474 ΕΤ
1075 1418 1506 1487 VERBORUM,
1540 1418 1643 1473 DE
1679 1415 1939 1486 QUIBUS
1975 1416 2057 1472 IN
2089 1412 2746 1470 EMENDATIONIBUS

1273 1503 1600 1561 LIVIANIS
1636 1501 2127 1560 DISPUTATUR..

549 1733 663 1814 Ab
707 1752 1202 1819 admiratione,
1253 1753 1333 1808 ab
1381 1752 1485 1807 11⁵2
1518 1752 1663 1808 ‘Vul-
1719 1761 2009 1830 Adoeque
2042 1777 2158 1815 non
2190 1758 2487 1815 Livignnm
2528 1760 2641 1813 124,

616 1863 878 1912 nerum,
930 1845 1107 1898 eimm.
1164 1846 1292 1913 188,
1349 1846 1477 1911 201,
1534 1845 1663 1913 277;
1719 1846 2121 1901 Additamenta
2145 1846 2205 1900 in
2233 1846 2521 1901 codicibus
2549 1844 2696 1899 Livii
2733 1845 2848 1914 pri-

621 1934 701 1988 ab
755 1930 984 2000 equite
1048 1930 1127 1983 ad
1181 1930 1665 1985 centurionem
1791 1950 1895 1987 mee
1932 1931 2160 1988 decadis
2198 1933 2263 1986 15
2298 1949 2379 2000 eq.
2417 1929 2607 2001 (supra
2632 1931 2850 2000 scripta

621 2020 745 2086 1193
800 2018 880 2072 ab
923 2016 1290 2083 Heraclea,
1337 2015 1369 2068 i.
1416 2033 1459 2069 e.
1498 2015 1667 2070 Hera·
1794 2021 1857 2072 17
1899 2018 2022 2088 eq.),
2061 2019 2120 2072 in
2157 2017 2341 2072 tertiae
2377 2018 2495 2084 248,
2532 2017 2591 2070 in
2629 2023 2850 2085 quarta

619 2104 853 2160 cleeneie
899 2105 1029 2169 6513
1075 2102 1154 2156 ab
1201 2100 1443 2171 Sipylo
1479 2101 1663 2171 (Mag-
1788 2105 1904 2172 501,
1943 2105 2002 2157 in
2026 2102 2446 2158 vindobonensi
2481 2102 2692 2171 quintoe
2721 2103 2852 2169 5993

616 2190 800 2253 netes)
836 2191 936 2244 533
971 2207 1050 2255 n.;
1098 2186 1274 2242 fides
1311 2205 1344 2240 a
1378 2187 1668 2242 consule
1788 2206 1961 2261 prave
1996 2188 2130 2244 ficta
2167 2191 2264 2244 105
2300 2206 2374 2257 n.,
2410 2190 2509 2244 303
2545 2205 2624 2256 ιι.,
2658 2189 2781 2243 457.

615 2276 993 2345 improbatum
1028 2276 1146 2330 392.
1720 2275 2074 2346 Adfigere‚
2110 2274 2462 2345 adfligere
2496 2276 2599 2330 612
2632 2292 2688 2329 n.

546 2362 966 2417 Abalienare
999 2363 1118 2416 310.
1721 2361 2126 2418 Admodum:
2207 2362 2384 2415 satie
2458 2359 2851 2426 admodum;

546 2448 839 2503 Ablativus
891 2449 950 2501 et
1002 2446 1350 2501 aceueativus
1406 2443 1476 2500 de
1529 2448 1670 2498 tem-
1790 2447 1951 2517 impr.
1986 2449 2102 2502 498.

613 2550 751 2604 pore
790 2535 911 2600 1183
966 2532 1071 2587 abl.
1110 2532 1260 2586 eolus
1310 2534 1370 2586 et
1404 2530 1669 2585 adiuncto
1723 2533 2133 2589 Adnotationes
2185 2533 2517 2603 marginales
2572 2532 2633 2586 in
2686 2529 2850 2587 codd.

614 2636 759 2675 cum
789 2620 902 2687 136,
920 2620 1027 2673 209
1046 2635 1100 2673 n.
1152 2616 1400 2672 Ablativi
1428 2614 1673 2671 absoluti
1791 2619 1937 2676 Livii
1955 2619 2152 2689 primae
2183 2618 2409 2674 decadis
2429 2620 2496 2674 22
2523 2636 2622 2687 eq„
2658 2619 2726 2672 32
2744 2634 2847 2687 eq„

614 2706 740 2761 aliis
777 2705 883 2761 abl.
921 2704 1034 2760 abe.
1083 2704 1332 2759 adiuncti
1375 2704 1503 2771 4063
1553 2702 1673 2756 sine
1791 2708 1877 2775 89,
1911 2707 1972 2761 in
2005 2705 2243 2761 vindob.
2279 2706 2405 2773 640;
2453 2705 2658 2760 iniuria
2699 2703 2847 2759 flctae

613 2797 769 2848 certo
797 2791 1050 2848 subiecto
1075 2792 1203 2857 4173
1239 2787 1373 2859 perf.
1402 2793 1572 2858 temp.
1600 2787 1672 2842 de
1794 2794 1897 2847 498
1931 2810 2009 2853 n.,
2047 2794 2149 2847 575
2181 2810 2236 2846 n.

613 2895 672 2934 re
697 2878 1019 2949 primariam
1056 2876 1336 2931 actionem
1370 2874 1673 2930 comitante
1727 2877 2081 2932 Adsuetus
2142 2895 2187 2932 c.
2255 2882 2441 2946 genet.
2507 2877 2665 2946 impr.
2721 2878 2851 2943 542ς

618 2967 730 3027 135,
766 2965 884 3018 465.
953 2962 1245 3018 Ablativue
1280 2977 1483 3031 pravus
1522 2958 1672 3028 apud
1794 2979 1902 3018 res
1940 2963 2154 3019 alicui
2190 2963 2482 3017 adsueta
2517 2964 2633 3017 543.

615 3066 932 3105 erescere
972 3051 1084 3117 162,
1120 3048 1270 3119 apud
1298 3050 1455 3101 ente
1490 3046 1675 3112 (ante
1727 3047 1951 3105 AEneae
1988 3053 2233 3119 portus
2264 3047 2337 3102 ad
2380 3052 2630 3103 montem
2655 3048 2853 3101 Athon

615 3136 825 3190 annis
862 3133 1042 3201 octo)
1079 3136 1196 3189 580.
1794 3136 1984 3190 nullus
2021 3136 2135 3189 733.

545 3221 909 3276 Abeietere
943 3236 1058 3275 non
1087 3219 1156 3273 de
1185 3217 1525 3273 discedendo
1555 3219 1673 3272 401.
1728 3220 2073 3276 AEtolicue
2106 3235 2262 3288 ager,
2301 3237 2416 3275 non
2444 3217 2719 3274 AEtolue
2748 3220 2855 3274 674

545 3308 660 3370 Ae,
700 3312 916 3375 atque
963 3306 1070 3360 vid.
1109 3303 1545 3360 coniunctiones
1584 3320 1675 3358 cc·
1796 3310 1916 3361 not.

612 3392 896 3462 puletivae.
1726 3393 1949 3462 Agere
2001 3389 2253 3445 absolute
2311 3394 2436 3458 128;
2491 3407 2698 3461 agere
2741 3408 2851 3460 po-

547 3477 1026 3532 Accommodandi
1055 3477 1127 3531 ad
1152 3476 1410 3546 proxima
1435 3476 1496 3530 in
1514 3475 1669 3530 codi-
1795 3482 2151 3543 testatem,
2188 3476 2468 3544 bellum,
2504 3476 2852 3546 proelium

614 3564 771 3618 cibus
793 3580 950 3618 error
981 3564 1058 3630 (in
1087 3564 1324 3629 canibus,
1355 3562 1671 3631 generibus,
1792 3580 1968 3634 prava
2007 3564 2101 3615 127
2139 3579 2244 3631 eq„
2280 3565 2395 3618 289.

614 3650 863 3705 numerio
900 3649 1204 3714 nominum,
1240 3649 1484 3702 numeria
1521 3648 1673 3702 aliis-
1725 3648 2272 3711 Alabandensis,
2363 3665 2477 3702 non
2553 3648 2855 3703 Alaban·

579 3733 586 3740 ’
616 3752 724 3803 que
756 3734 953 3788 formio
981 3733 1307 3800 verborum)
1348 3737 1408 3788 11
1447 3751 1547 3802 eq„
1585 3736 1672 3800 47,
1794 3735 2011 3789 denus
2045 3735 2163 3788 727.

615 3821 712 3887 51,
767 3821 861 3887 55,
920 3822 1045 3888 104,
1107 3819 1230 3888 125,
1292 3822 1388 3874 128
1432 3837 1510 3885 ιι.,
1554 3821 1674 3886 247,
1725 3819 1980 3874 Alariae
2034 3819 2393 3886 cohortes,
2448 3836 2563 3874 non
2621 3818 2854 3873 alaree

615 3907 734 3974 280,
769 3907 887 3973 310,
922 3907 1041 3971 418,
1090 3905 1194 3958 469
1227 3924 1303 3973 n.,
1354 3906 1450 3958 571
1489 3923 1562 3972 n.,
1605 3905 1674 3959 al.
1795 3906 1911 3959 237.

545 3992 917 4046 Accusativue
953 3994 1010 4044 et
1035 3989 1411 4045 nominativus
1447 3995 1677 4045 neutro·
1726 3990 1921 4044 Alius
1959 3986 2251 4059 (reliquus)
2285 3992 2381 4058 813
2421 3989 2608 4045 aliun
2641 3995 2858 4060 etque

613 4094 737 4131 rum
765 4075 1026 4131 confusus
1045 4077 1138 4142 7⁹73
1168 4093 1281 4130 acc.
1301 4093 1506 4146 pravus
1528 4077 1679 4147 apud
1798 4077 1987 4143 alius,
2024 4076 2200 4130 alius
2238 4074 2552 4144 aliusque
2584 4077 2688 4131 679
2722 4094 2777 4130 ιι.

613 4163 918 4232 post6233
942 4178 1052 4216 aec.
1082 4178 1357 4216 meneurae
1378 4162 1539 4233 impr.
1561 4164 1677 4217 389.
1730 4162 1927 4233 Alpis
1965 4163 2106 4232 sing.
2143 4180 2294 4217 num.
2330 4162 2613 4233 poeticum
2653 4164 2766 4217 144.

546 4247 646 4302 Ad
682 4253 976 4316 tempus,
1022 4246 1107 4300 ed
1141 4248 1210 4302 id
1245 4252 1510 4318 tempus
1545 4248 1676 4317 8693
1732 4247 2131 4316 Alschefskius‚
2165 4247 2311 4302 Livii
2347 4248 2532 4302 editor
2564 4250 2629 4303 41
2667 4265 2749 4317 eq.

616 4332 697 4388 ad
734 4332 1046 4388 Siciliam
1082 4334 1212 4402 89⁴3
1263 4332 1344 4387 ad
1381 4334 1676 4401 animos,

613 4419 648 4472 i.
687 4436 732 4472 e.
770 4417 921 4489 apud
957 4434 1044 4473 an.
1080 4420 1206 4486 4753
1267 4418 1346 4473 ad
1391 4418 1675 4490 supple·

613 4508 942 4574 mentum,
979 4504 1155 4558 eimm.
1194 4506 1309 4560 756.

1732 4333 2198 4389 Altitudinem
2287 4333 2630 4403 aliquam
2709 4349 2857 4388 cre-

1760 4479 1777 4497 ⁶
1801 4436 1990 4474 scere
2025 4419 2185 4488 impr.
2221 4421 2340 4473 418.

1730 4507 1827 4560 An
1860 4509 1992 4576 poet
2026 4509 2096 4559 at
2125 4501 2457 4574 (hercule)
2477 4508 2536 4559 et
2565 4504 2856 4559 scilicet
