3230 5282
1450 640 1529 701 '75
2415 655 2539 709 Lib.
2576 655 2645 710 11.

312 823 818 907 Quamquam
874 824 1086 890 haud
1135 845 1323 889 sane
1370 823 1583 888 liber
1631 830 1812 889 erat
1856 824 2255 908 religione
2301 829 2644 907 animuS,

314 933 817 999 verecundia
881 941 1153 998 tamen
1208 932 1677 997 maiestatis
1734 933 2362 1016 magistratuum
2407 937 2644 1001 timo-

314 1062 486 1105 rem
533 1042 774 1120 vicit,
831 1062 925 1105 ne
984 1041 1064 1105 in
1109 1061 1250 1106 ora
1293 1040 1697 1106 hominum
1743 1062 1887 1124 pro
1932 1040 2306 1107 ludibrio
2355 1041 2641 1109 abiret.

314 1148 487 1213 Mire
510 1171 634 1233 pro
657 1150 997 1233 religione,
1036 1169 1182 1232 quae
1205 1149 1301 1212 ire
1326 1147 1413 1211 ad
1438 1147 1742 1213 consules
1766 1148 2178 1230 hortabatur,
2218 1151 2646 1217 substituitur

318 1260 522 1323 timor
540 1310 554 1338 ,
612 1258 813 1343 idque
869 1264 1009 1322 tam
1070 1250 1406 1338 ambigue,
1465 1263 1539 1320 ut
1595 1256 1795 1320 timor
1815 1308 1829 1335 ,
1892 1278 1972 1321 ne
2032 1258 2099 1322 in
2147 1279 2264 1323 ora
2307 1258 2644 1324 hominum

314 1367 603 1446 veniret,
669 1368 881 1431 victus
963 1364 1093 1429 dici
1162 1364 1496 1443 videatur,
1567 1363 1745 1446 quod
1815 1372 2046 1430 contra
2113 1372 2248 1447 est3
2317 1388 2467 1431 nam
2535 1369 2644 1433 hic

315 1475 522 1539 timor
554 1473 1076 1555 verecundiaque
1112 1473 1624 1554 magistratuum
1647 1473 1801 1537 vicit
1826 1472 2206 1555 religionem
2232 1474 2643 1559 obstititque,

317 1603 401 1645 ne
461 1583 609 1646 iret.
712 1581 949 1666 Itaque
1009 1587 1128 1645 aut
1183 1602 1217 1644 e
1233 1586 1262 1643 t
1316 1581 1506 1643 timo
1522 1596 1561 1642 r
1619 1580 2037 1645 scribendum
2096 1588 2200 1645 est
2259 1590 2376 1647 aut
2421 1584 2643 1666 potius

313 1688 686 1754 tollendum
731 1695 761 1754 t
777 1690 877 1753 im
895 1709 1028 1753 ore
1044 1710 1136 1768 m,
1193 1686 1491 1752 additum
1507 1738 1521 1766 ,
1582 1708 1784 1771 quum
1829 1708 1959 1752 non
2006 1688 2643 1755 animadverteretur

314 1797 624 1862 vincendi
656 1797 922 1862 verbum
956 1795 1259 1861 absolute
1298 1795 1428 1859 dici
1463 1796 1833 1878 victamque
1870 1794 2252 1878 religionem
2289 1797 2640 1879 significari

313 1928 357 1971 a
404 1904 802 1970 verecundia
845 1903 1347 1984 magistratuum
1395 1903 1588 1966 simul
1634 1904 1838 1967 risum
1883 1903 2238 1985 vitanti.)²)
2330 1903 2575 1987 (1866.)

497 2011 655 2097 Cap.
703 2018 804 2091 41,
861 2018 900 2076 4
944 2010 1187 2075 multas
1234 2010 1464 2075 turbas
1508 2031 1615 2075 res
1663 2032 1865 2094 parva
1910 2011 2129 2089 movit,
2188 2014 2632 2096 interpunctio
2671 2021 2776 2090 (61)

318 2143 455 2185 non
500 2127 680 2186 recte
722 2120 932 2199 facta3
1001 2120 1219 2183 omnia
1276 2118 1448 2182 enim
1504 2119 1719 2201 plana>
1767 2126 1987 2198 erunt,
2056 2121 2111 2183 si
2171 2119 2265 2184 sic
2323 2120 2640 2204 scriptum

316 2229 560 2293 suerit:
629 2249 798 2312 quae
857 2226 1103 2311 (plebs)
1161 2226 1414 2310 primo
1473 2232 1860 2309 coeperat
1917 2226 2308 2292 fastidire
2355 2250 2590 2294 munu
2611 2252 2638 2292 s

318 2337 774 2419 vulgatum:
835 2357 875 2400 a
920 2335 1238 2400 civibus
1284 2335 1448 2398 isse
1494 2335 1571 2397 in
1621 2337 1908 2400 socios.
2011 2335 2110 2401 Ea
2155 2338 2302 2419 ipsa
2348 2337 2637 2420 vulgatio

312 2452 465 2510 erat
510 2443 724 2528 plebis
770 2442 1030 2508 iudicio.
1123 2443 1196 2507 Is
1214 2463 1292 2507 se
1338 2442 1541 2507 habet
1584 2442 1634 2506 P
1680 2443 2049 2527 habuitque
2097 2466 2136 2508 a
2181 2445 2396 2528 prima
2441 2466 2638 2510 manu

314 2554 394 2632 R,
441 2555 511 2616 in
560 2574 692 2634 quo
743 2551 1050 2634 „quidam
1097 2551 1515 2634 scripserat“‚
1562 2550 1689 2615 hoc
1734 2558 1851 2630 est,
1897 2553 2283 2636 corrigendo
2332 2551 2640 2618 effecerat

316 2684 355 2725 e
371 2685 401 2726 s
418 2684 450 2726 s
470 2683 523 2738 e,
570 2668 647 2726 ut
692 2661 1195 2743 coniungeretur
1242 2680 1390 2723 cum
1435 2659 1770 2741 vulgatu
1790 2683 1870 2740 m,
1919 2661 2224 2745 idemque
2269 2662 2337 2724 in
2381 2661 2471 2725 Ll
2516 2670 2634 2727 est.

314 2769 375 2834 E
389 2770 513 2852 gis
529 2791 560 2833 s
578 2790 612 2833 e
670 2789 959 2852 quoque,
1028 2767 1206 2850 quod
1265 2767 1471 2832 habet
1515 2766 1584 2831 M
1632 2774 1697 2832 et
1744 2768 1827 2832 ab
1878 2768 1933 2831 R
1978 2774 2045 2832 et
2088 2768 2173 2833 ab
2220 2771 2453 2833 ceteris
2505 2771 2637 2835 dis-

311 2877 582 2956 cedenS,
631 2898 711 2940 ex
755 2878 825 2940 is
841 2898 871 2940 s
889 2897 924 2940 e
972 2882 1188 2941 ortum
1236 2881 1355 2940 est.

457 3065 662 3117 litterae
709 3063 780 3131 s),
835 3062 1063 3128 deinde,
1120 3079 1290 3131 quum
1335 3062 1696 3130 intellegeret
1738 3061 1790 3114 h.
1838 3061 1872 3114 l.
1922 3061 2199 3130 pluralem
2245 3061 2486 3116 formam
2523 3082 2638 3117 non

456 3153 610 3202 recte
683 3149 838 3218 poni,
892 3147 1133 3202 fortasse
1210 3147 1475 3201 laudem
1539 3165 1722 3201 suam
1789 3147 2146 3202 scribendum
2210 3164 2332 3201 esse
2392 3154 2631 3216 putaret.

455 3219 710 3289 Movstne
765 3252 892 3289 eum
948 3233 1265 3302 Spalding-ii
1312 3231 1604 3298 iudicium,
1659 3232 1881 3286 Livium
1927 3234 2078 3286 inter
2122 3239 2391 3287 veteres
2437 3251 2629 3287 nume-

455 3320 662 3386 rantis,
711 3338 850 3389 quos
900 3318 1277 3387 Quintilianus
1315 3316 1441 3384 (IX,
1488 3320 1536 3383 3,
1587 3317 1635 3383 1)
1686 3318 1897 3371 scribat
1946 3318 2219 3373 invideo
2276 3318 2453 3371 hanc
2502 3337 2637 3371 rem

462 3405 719 3459 dixisse?
766 3405 944 3473 Atqui
979 3404 1404 3472 Quintilianum,
1450 3403 1567 3457 sive
1602 3404 1652 3457 is
1688 3403 1910 3457 Livium
1945 3404 2095 3458 inter
2129 3409 2346 3457 veteres
2385 3421 2637 3457 numera-

454 3490 542 3543 vit
576 3491 693 3544 sive
731 3508 846 3543 non
881 3491 1225 3558 numeravit,
1280 3488 1503 3544 codices
1551 3493 1609 3541 et
1647 3489 1848 3557 optimi
1885 3493 1943 3543 et
1977 3489 2294 3543 mediocres
2333 3489 2639 3544 ostendunt

460 3591 577 3628 non
632 3575 804 3629 hanc
861 3592 1028 3642 rem,
1084 3574 1185 3630 sed
1237 3574 1394 3628 huic
1445 3575 1543 3626 rei
1598 3575 1888 3643 scripsisse
1944 3575 2239 3640 (invideo
2294 3573 2637 3630 felicitati

456 3660 808 3725 alicuius).
891 3658 1221 3714 Invidere
1268 3660 1484 3714 alicui
1521 3659 1815 3727 aliquid,
1865 3660 2019 3727 quod
2055 3659 2458 3726 Quintilianum
2494 3668 2639 3715 vete-

458 3746 616 3799 ribus
664 3750 725 3798 et
761 3743 1021 3799 Ciceroni
1066 3746 1351 3814 prsecipue
1399 3745 1686 3813 assignare
1734 3749 1965 3814 putant,
2026 3745 2163 3799 adeo
2203 3762 2319 3799 non
2358 3746 2637 3813 dixerunt,

454 3834 524 3884 ut
565 3829 626 3884 id
670 3829 821 3899 apud
867 3831 1147 3884 neminem
1192 3831 1422 3885 omnino
1468 3831 1635 3884 bonae
1684 3831 1866 3884 aetatis
1914 3831 2245 3899 scriptorem
2289 3847 2470 3899 prosse
2510 3849 2634 3885 ora-

454 3916 635 3969 tionis
681 3916 922 3984 reperiri
971 3916 1323 3970 contendam.
1407 3914 1549 3969 Nam
1589 3916 1738 3983 apud
1777 3916 2105 3971 Ciceronem
2141 3915 2300 3971 Tusc.
2351 3917 2464 3989 111,
2503 3919 2560 3984 2,
2607 3921 2639 3971 3

455 4002 597 4070 quid
641 4018 711 4054 ex
755 4000 1046 4055 codicibus
1094 4001 1320 4070 optimis
1358 3999 1678 4054 efficeretur
1715 4000 1812 4067 (ut
1847 4000 2043 4055 nobis
2083 4003 2338 4069 optime
2373 4007 2636 4056 naturae

454 4087 587 4139 vim
638 4085 900 4139 vidisse
943 4086 1355 4152 videantur),
1415 4085 1637 4140 ostendi
1687 4093 1817 4140 ante
1863 4087 2070 4140 multos
2121 4104 2298 4141 annos
2349 4088 2636 4156 secutique

454 4176 589 4224 sunt
627 4175 828 4240 postea
865 4188 1072 4226 omnes.
2533 4197 2563 4224 t

366 4260 415 4321 ¹)
456 4256 590 4325 Cap.
653 4258 747 4322 38,
831 4258 864 4309 2
925 4261 1135 4310 rectam
1199 4257 1513 4311 orationem
1575 4257 1826 4324 incipere
1892 4274 1924 4309 a
1986 4257 2168 4310 verbis
2234 4258 2323 4313 Ut
2387 4259 2635 4323 omnia,

453 4340 775 4396 Gronovius
812 4348 871 4396 et
891 4341 1148 4396 Dukerus
1187 4347 1503 4408 senserunt,
1539 4341 1634 4397 hic
1670 4343 1843 4396 etiam
1873 4343 2145 4397 excidisse
2173 4344 2636 4411 praepositionem

454 4428 707 4496 aliquam
746 4433 877 4481 ante
914 4435 1212 4482 veteres.
1237 4427 1617 4480 ..inim-ias.
1676 4426 1787 4482 Sed
1824 4428 2033 4482 excidit
2070 4429 2259 4496 potius
2298 4428 2634 4481 adversus

458 4517 611 4582 (post
649 4513 963 4579 exorsus)
1002 4529 1165 4581 quam
1202 4514 1283 4565 in.
1357 4511 1554 4578 (1861.)
