3230 5282
663 587 786 641 Lib.
822 586 1016 641 XLIV.
1748 574 1870 635 706

664 760 889 824 abire
934 758 1219 838 vellet,
1287 765 1477 823 tunc
1534 777 1847 840 quoque
1892 779 2032 841 per
2078 760 2423 872 speciem
2490 760 2957 825 immolandi

663 878 938 958 terere
984 866 1429 932 videbatur
1472 872 1797 950 tempus,
1845 888 2079 950 quum
2082 831 2306 932 luce
2350 867 2609 950 prima
2646 868 2963 951 signum

665 976 1175 1064 propositum
1221 994 1495 1059 pugnae
1541 973 1637 1039 ad
1694 974 2141 1039 exeundum
2206 975 2283 1040 in
2338 976 2585 1041 aciem
2638 975 2958 1042 fuisset-

665 1084 823 1163 Quis
894 1084 1123 1149 credat
1187 1090 1305 1148 aut
1375 1081 1743 1170 consulem,
1812 1089 2168 1166 antequam
2220 1084 2654 1164 immolasset,
2718 1106 2967 1169 pugnae

664 1194 917 1276 signum
961 1193 1379 1277 proposuisse
1426 1198 1540 1256 aut
1584 1191 1846 1255 omnino
1889 1191 1958 1255 id
2005 1212 2081 1256 eo
2129 1191 2233 1256 die
2279 1213 2320 1256 a
2363 1193 2577 1275 prima
2618 1193 2764 1258 luce
2811 1215 2959 1277 pro·

540 1286 544 1289 ⁴
662 1301 951 1387 positum
1018 1300 1248 1382 fuisse,
1308 1319 1436 1382 quo
1483 1305 1551 1364 et
1595 1298 1822 1363 consul
1877 1300 2048 1384 ipse,
2104 1301 2306 1366 tertia
2369 1300 2564 1381 hora,
2634 1301 2963 1383 significet

667 1408 750 1491 (c.
802 1412 900 1489 38,
950 1408 1035 1492 7),
1083 1410 1408 1474 incertum
1453 1428 1631 1492 esse,
1688 1406 2004 1473 hodierno
2054 1429 2137 1472 an
2181 1410 2464 1476 crastino
2513 1410 2617 1474 die
2664 1411 2967 1476 exiturus

662 1519 729 1582 in
777 1519 986 1582 aciem
1030 1519 1133 1597 sit,
1179 1523 1245 1582 et
1292 1516 1511 1581 Livius
1558 1514 1641 1597 (c.
1679 1518 1780 1594 40,
1830 1516 1913 1599 3),
1960 1522 2193 1582 neutro
2239 1517 2633 1601 imperatore
2677 1519 2961 1597 volente,

475 1630 637 1699 (586)
675 1647 830 1691 casu
876 1632 1206 1690 certamen
1263 1631 1670 1690 contractum
1724 1625 1992 1690 narret?
2082 1623 2291 1702 Quum
2346 1625 2637 1690 decrevit
2676 1627 2964 1711 impera·

661 1741 769 1799 tor
810 1754 1134 1819 pugnare,
1182 1733 1481 1799 omnibus
1525 1733 1942 1818 praeparatiS‚
1988 1738 2129 1797 tum
2174 1732 2430 1798 demum
2496 1734 2753 1817 signum
2809 1757 2963 1818 pro·

661 1843 850 1927 ponit
918 1848 983 1908 et
1046 1843 1114 1907 in
1181 1843 1389 1907 aciem
1456 1842 1609 1906 exit.
1697 1840 1948 1906 Deinde
1994 1841 2138 1924 quis
2202 1862 2490 1923 unquam
2546 1844 2640 1907 sic
2698 1842 2963 1908 locutus

662 1958 780 2030 est,
828 1958 904 2016 ut
949 1952 1252 2033 signum
1297 1970 1576 2034 pugnae
1623 1949 1723 2014 ad
1769 1948 2214 2014 exeundum
2270 1951 2348 2014 in
2407 1951 2655 2015 aciem
2703 1951 2959 2017 diceret

660 2082 778 2144 pro
827 2081 925 2137 e0‚
974 2060 1150 2142 quod
1197 2065 1298 2124 est
1344 2060 1655 2142 signum
1722 2058 2067 2122 exeundi
2137 2057 2282 2138 (aut
2337 2058 2434 2122 ad
2480 2059 2959 2140 exeundum)

660 2170 738 2234 in
785 2169 1041 2233 aciem
1085 2172 1200 2231 aut
1258 2167 1571 2249 signum
1644 2167 1964 2249 pugnae?
2053 2165 2478 2249 Perspicuum
2525 2173 2644 2245 est,
2686 2168 2757 2256 in
2805 2188 2959 2233 con-

660 2277 801 2342 sule
846 2298 993 2355 non,
1042 2275 1217 2360 quod
1261 2273 1510 2339 factum
1556 2280 1747 2352 esset,
1793 2272 1907 2339 sed
1944 2273 2120 2355 quod
2151 2273 2526 2339 faciendum
2569 2274 2804 2340 fuisset
2838 2297 2963 2341 nec

658 2384 904 2449 factum
952 2390 1160 2462 esset,
1205 2383 1670 2467 reprehensum
1727 2383 1985 2446 narrari
2052 2381 2314 2464 (quum
2368 2418 2455 2428 —
2508 2384 2957 2449 exeundum

657 2493 736 2556 in
782 2493 1036 2556 aciem
1083 2490 1433 2571 fuisset).
1524 2489 1759 2574 Itaque
1805 2496 1922 2555 aut
1964 2490 2031 2554 in
2088 2491 2593 2574 propositum
2639 2501 2961 2577 corrupta

658 2601 990 2687 participii
1034 2598 1245 2665 forma
1290 2605 1388 2665 est
1435 2604 1500 2664 et
1544 2598 1638 2663 sic
1683 2597 2127 2664 scribendum:
2187 2620 2418 2682 quum
2460 2597 2639 2665 luce
2695 2601 2960 2685 prima

662 2711 978 2794 signum
1059 2710 1623 2790 proponendum
1702 2726 1975 2791 pugnae
2052 2714 2274 2784 atque
2351 2709 2798 2773 exeundum
2876 2710 2955 2773 in

661 2820 914 2884 aciem
1000 2818 1329 2897 fuisset,
1418 2824 1535 2882 aut
1627 2836 1818 2880 casus
1904 2814 2180 2880 licenter
2264 2822 2583 2895 mutatus,
2663 2823 2740 2881 ut
2829 2816 2957 2881 hoc

659 2929 921 2993 restitui
1023 2925 1286 2991 debeat:
1385 2946 1623 3010 quum
1727 2923 1911 2987 luce
2002 2923 2264 3008 prima
2356 2925 2582 3006 signo
2674 2944 2955 3006 propo·

660 3037 807 3100 sito
872 3053 1146 3120 pugnae
1215 3032 1663 3099 exeundum
1726 3032 1795 3095 in
1875 3032 2122 3095 aciem
2188 3030 2511 3097 fuisset.
2623 3032 2772 3098 Non
2841 3034 2953 3098 de-

660 3165 883 3224 cerno,
951 3144 1019 3208 in
1094 3149 1312 3208 utram
1390 3146 1649 3225 partem
1723 3139 1979 3206 maiora
2054 3138 2544 3223 probabilitatis
2621 3148 2959 3206 momenta

1602 3270 1646 3312 u
1673 3298 1687 3311 .

660 3360 991 3425 inclinent.
1074 3357 1332 3459 3(Codex
1420 3358 1773 3440 signasm
1852 3377 1970 3441 pro
2051 3356 2409 3438 signum.)
2521 3356 2806 3437 (Livium
2870 3356 2948 3435 11,

663 3474 760 3549 33,
843 3474 878 3534 9
960 3464 1663 3552 plusquamperfectum
1753 3465 2147 3529 coniunctivi
2220 3464 2712 3549 hypotheticum
2801 3464 2949 3528 sub·

658 3579 888 3641 iecisse
957 3576 1399 3641 coniunctioni
1464 3595 1582 3657 per
1649 3594 1718 3638 se
1776 3573 2265 3647 coniunctivum
2313 3571 2707 3656 postulanti,
2778 3593 2949 3637 com-

659 3686 1011 3749 memoravi
1076 3686 1143 3750 in
1222 3683 1454 3766 Opusc.
1536 3680 1600 3744 II
1677 3704 1738 3764 p.
1808 3684 1964 3761 2273
2043 3680 2196 3745 addi
2263 3687 2487 3764 potest
2549 3679 2639 3759 X,
2709 3684 2813 3759 46,
2879 3683 2943 3743 6:

661 3814 896 3876 quum
952 3828 1034 3837 —
1100 3793 1540 3877 potuisset3
1609 3810 1824 3872 neque
1891 3790 2060 3853 enim
2107 3791 2526 3873 participium
2582 3795 2757 3866 erat,
2825 3808 2948 3871 quo

659 3906 990 3980 uteretur;
1034 3900 1161 3978 hie,
1210 3902 1264 3965 si
1311 3899 1683 3964 coniunctio
1730 3897 2013 3975 abesset,
2059 3904 2237 3962 recte
2271 3896 2623 3961 diceretur:
2673 3916 2946 3961 exeun·

660 4009 837 4073 dum
902 4007 1292 4090 fuerat.)¹)
1379 4006 1692 4071 Extremo
1762 4006 1978 4090 capite
2046 4004 2225 4088 §13,
2280 4005 2395 4070 ubi
2451 4003 2692 4070 editur:
2760 4003 2945 4068 Post

661 4137 1064 4182 sermones
1109 4123 1370 4180 tamen
1417 4112 1702 4181 consul
1748 4115 2199 4179 orationem
2243 4113 2566 4190 habuit,
2614 4114 2680 4176 in
2728 4112 2942 4177 codice

699 4301 751 4370 ¹)
788 4300 1110 4371 [Vahlenius
1146 4302 1224 4356 ad
1259 4303 1701 4371 propositum
1738 4262 2027 4369 signum,
2067 4299 2295 4369 propius
2333 4298 2406 4353 ad
2441 4298 2564 4353 cod.
2637 4297 2812 4352 Recte
2844 4294 2942 4349 mi-

793 4388 924 4468 lites
961 4388 1032 4441 ad
1069 4388 1286 4457 signum
1322 4388 1420 4454 (ab
1456 4386 1822 4456 imperatore)
1860 4387 2213 4455 propositum
2250 4401 2401 4438 arma
2437 4400 2636 4452 capere
2672 4383 2937 4444 dicuntur,

791 4475 1115 4570 imperator,
1156 4474 1250 4625 (ἰαὶ
1283 4473 1403 4543 ipse
1439 4473 1665 4542 signum
1701 4472 1989 4541 proponit,
2028 4470 2123 4524 vix
2156 4476 2307 4524 recte
2361 4468 2432 4523 ad
2477 4469 2697 4538 signum
2740 4482 2933 4536 propo·

795 4562 962 4611 ntum
998 4573 1161 4610 exire.
