3230 5282
596 590 723 645 niu
759 589 907 644 xxl.
1119 613 1130 617 -
1229 645 1243 663 ,
1692 579 1818 640 280

601 783 806 826 unum
873 761 1217 843 quaeritur,
1284 766 1573 845 utroque
1643 761 1945 841 consule,
2014 768 2298 846 utroque
2366 764 2657 828 exercitu
2712 763 2915 843 victo,

427 871 569 938 (228)
607 868 842 951 ecquid
896 869 1185 953 supersit
1242 869 1502 950 auxilii3
1560 868 1649 934 ad
1702 869 1874 935 hanc
1929 871 2512 952 interrogationem
2553 869 2720 935 nihil
2762 892 2913 955 per-

598 977 769 1041 tinet
833 978 1026 1042 unius
1098 976 1387 1042 consulis
1454 977 1802 1043 adversum
1857 979 2214 1062 proelium,
2280 979 2487 1044 multo
2545 978 2761 1043 minus
2813 976 2913 1043 al-

599 1085 806 1158 terius
877 1084 1164 1151 consulis
1232 1106 1312 1150 ex
1376 1084 1604 1150 Sicilia
1667 1087 2034 1165 revocatiO,
2103 1107 2278 1170 qum,
2347 1092 2423 1151 ut
2485 1106 2659 1151 nunc
2725 1086 2910 1151 locus

599 1192 941 1273 scribitur,
1005 1193 1181 1258 inter
1237 1192 1651 1258 calamitates
1707 1198 2120 1273 numeratur,
2189 1216 2391 1277 quum
2445 1214 2681 1278 reapse
2735 1195 2914 1259 inter

598 1300 848 1366 auxilia
889 1299 1108 1365 fuerit.
1196 1300 1299 1365 Ad
1342 1300 1483 1365 haec
1526 1299 1897 1366 attendenti
1940 1303 2357 1386 perspicuum
2402 1301 2495 1381 fit,
2543 1303 2916 1386 comparari

596 1408 771 1474 inter
815 1430 886 1474 se
929 1409 1336 1492 superiorem
1381 1408 1850 1489 calamitatem,
1893 1429 2112 1492 quum,
2160 1431 2290 1475 uno
2335 1415 2595 1474 tantum
2642 1409 2919 1475 consule

599 1517 794 1596 victo,
851 1516 1104 1600 aliquid
1159 1522 1381 1581 tamen
1437 1515 1838 1599 superfuerit
1889 1518 2030 1600 spei
2077 1523 2144 1581 et
2188 1518 2555 1601 copiarum,
2622 1524 2692 1582 et
2744 1538 2918 1595 eam,

599 1644 744 1707 quae
797 1644 972 1689 nunc
1014 1645 1155 1689 rem
1200 1622 1533 1707 publicam
1579 1622 1894 1689 obruerit.
1994 1624 2144 1690 Hoc
2189 1624 2665 1705 animadverso,
2713 1625 2915 1690 simul

598 1730 858 1815 patefit,
913 1738 989 1797 ut
1040 1732 1215 1796 inter
1258 1752 1328 1795 se
1359 1731 1712 1795 'contraria
1756 1732 1917 1795 sint:
1987 1753 2139 1797 uno
2187 1733 2518 1798 consule
2560 1768 2650 1778 --
2691 1734 2908 1798 victo

596 1846 695 1905 et:
757 1838 1062 1904 duobus
1118 1837 1595 1905 consulibus
1638 1874 1727 1884 -—
1767 1840 2036 1919 victiS‚
2094 1841 2189 1904 sic
2232 1840 2371 1905 haec
2417 1828 2579 1905 duo:
2641 1840 2913 1906 altero

597 1968 687 2012 ex
755 1945 1051 2012 Sicilia
1116 1952 1512 2021 revocato,
1575 1952 1675 2011 et:
1755 1968 1957 2030 quos
2026 1947 2233 2012 alios
2300 1948 2549 2014 duces
2618 1954 2742 2013 cet.
2812 1950 2912 2013 ita

596 2056 928 2120 contraria
973 2076 1117 2121 esse
1164 2053 1439 2133 debere,
1497 2060 1574 2119 ut
1618 2053 1685 2118 in
1730 2054 1943 2119 altero
1989 2055 2281 2138 praesidii
2326 2055 2608 2121 alicuius
2651 2055 2911 2140 reliqui,

595 2164 663 2227 in
720 2163 935 2229 altero
993 2163 1283 2227 omnium
1340 2161 1711 2227 deletorum
1768 2183 1890 2227 nec
1944 2160 2143 2227 ullius
2189 2164 2330 2247 spei
2373 2162 2620 2228 relictae
2664 2162 2908 2245 signifi-

597 2271 773 2336 catio
841 2271 946 2335 sit.
1056 2268 1272 2352 Atque
1341 2269 1437 2333 sic
1500 2267 1644 2334 haec
1709 2271 1884 2335 inter
1951 2291 2019 2335 se
2085 2268 2321 2335 referri
2387 2276 2454 2335 et
2521 2271 2909 2355 comparari,

596 2378 941 2462 perspicue
1037 2376 1396 2442 ostendunt
1484 2378 1633 2461 ipsa
1709 2377 1914 2443 verba
1998 2384 2384 2444 revocato
2474 2384 2542 2444 et
2631 2399 2905 2444 arces-

597 2491 902 2550 santur.
996 2483 1368 2568 Scripserat
1412 2484 1619 2567 igitur
1663 2485 1917 2551 Livius:
1974 2485 2143 2551 Uno
2192 2486 2520 2551 consule
2567 2485 2662 2550 ad
2706 2485 2906 2550 Tici-

593 2614 771 2658 num
826 2593 1077 2674 vict0,
1147 2592 1485 2658 alterum
1544 2613 1639 2658 ex
1684 2592 1979 2660 Sicilia
2030 2599 2524 2674 revocatum
2593 2593 2906 2660 duobus

597 2701 1109 2780 consulibus,
1170 2700 1481 2767 duobus
1541 2700 2121 2767 consularibus
2181 2702 2693 2768 exercitibus
2738 2703 2905 2766 vic·

593 2810 721 2890 tis,
767 2831 967 2893 quos
1012 2809 1224 2874 alios
1271 2809 1533 2889 duces,
1580 2830 1775 2891 quas
1821 2808 2035 2874 alias
2083 2809 2447 2893 legiones
2494 2831 2695 2889 esse,
2739 2829 2904 2891 quae

596 2918 1182 2982 arcessantur?
1238 2917 1401 2982 Post
1444 2917 1785 2982 Ticinense
1832 2917 2155 3001 Scipionis
2200 2917 2686 2983 incommodum
2730 2916 2905 2983 Sem·

595 3027 902 3108 pronium
962 3026 1206 3091 arcessi
1262 3026 1557 3110 potuisse
1603 3024 1863 3105 dicunt3
1921 3046 2119 3109 quem
2162 3046 2337 3090 nunc
2379 3025 2622 3110 posse?
2678 3023 2904 3088 Libra-

593 3135 733 3199 rius
792 3134 1130 3218 antiquu8‚
1199 3133 1530 3198 sententia
1593 3132 2059 3214 rhetoricaque
2127 3134 2445 3198 orationis
2510 3132 2723 3197 forma
2775 3152 2904 3197 non

596 3241 1083 3322 animadversa,
1168 3241 1483 3306 audacter
1564 3239 1781 3304 dicam
1849 3261 1934 3304 an
2003 3240 2412 3305 dormitans?
2492 3238 2904 3304 accusativos

595 3350 770 3415 inter
827 3348 1152 3414 ablativos
1209 3348 1635 3432 interpositos
1693 3348 1778 3412 ad
1839 3347 1960 3413 hos
2006 3347 2558 3412 accommodavit:
2627 3367 2781 3411 uno
2823 3379 2907 3390 —-

596 3457 847 3536 vict0,
911 3455 1176 3521 altero
1219 3490 1307 3500 ——
1351 3461 1774 3534 revocato,
1832 3454 2147 3520 duobus
2190 3490 2279 3500 -—
2320 3455 2564 3520 victis
2610 3453 2905 3538 [prorsus

599 3563 928 3648 quomodo
998 3562 1118 3642 IV,
1185 3566 1302 3641 43,
1376 3566 1452 3626 12
1520 3583 1641 3646 pro
1706 3562 2025 3658 tribuni
2080 3562 2180 3646 pl.
2230 3564 2552 3648 scriptum
2608 3567 2710 3627 est
2753 3562 2903 3626 tri·

597 3670 851 3735 bunos
897 3670 980 3735 ob
1026 3668 1406 3754 praecedens
1450 3670 1838 3736 tribunos
1883 3667 2140 3752 m'il.]¹)

771 3776 928 3862 Cap.
977 3782 1087 3856 59,
1155 3782 1226 3840 4:
1316 3776 1731 3843 Hannibal
1802 3813 1891 3823 —
1955 3785 2273 3844 ceteros
2345 3777 2764 3843 confertos
2828 3776 2903 3840 in

598 3885 863 3950 media
909 3891 1185 3950 castra
1228 3885 1546 3968 recepit
1588 3886 2121 3968 intentosque
2171 3887 2477 3968 signum
2523 3883 2621 3949 ad
2667 3904 2903 3949 erum-

655 4153 701 4218 ι)
738 4154 916 4208 Vetus
968 4155 1092 4208 haec
1147 4155 1299 4224 apud
1353 4173 1444 4209 me
1497 4155 1817 4210 emendatio
1872 4174 2005 4210 casu
2053 4155 2204 4224 apud
2246 4155 2656 4226 Ingerslevium
2705 4155 2906 4208 omissa

737 4245 835 4293 est.
905 4239 1064 4294 Infra
1096 4239 1207 4294 hoc
1244 4241 1430 4309 capite
1467 4238 1522 4309 (ξ
1564 4241 1646 4307 10)
1685 4241 1865 4294 oratio
1905 4241 1986 4295 sic
2022 4240 2480 4310 interpungenda
2515 4244 2627 4293 est:
2663 4237 2746 4292 Id
2781 4254 2901 4291 em·

736 4325 1003 4394 porium
1057 4325 1378 4379 Romanis
1433 4323 1702 4379 Gallico
1767 4326 1961 4381 bello
2025 4324 2282 4391 fuerat3
2347 4325 2694 4379 munitum
2748 4321 2905 4378 inde

738 4410 898 4477 (nont
953 4409 1181 4465 fuerat
1224 4411 1586 4477 munitum;
1641 4410 1816 4476 inde)
1863 4411 2094 4465 locum
2139 4410 2769 4479 frequentaverant
2804 4425 2906 4461 ac·
