3230 5282
533 559 659 616 Lib.
695 560 760 614 V.
1227 579 1232 583 ’
1547 546 1562 561 ‘
1634 548 1754 609 150

533 732 743 797 manis
798 731 1074 798 haberet
1127 752 1369 795 numen
1426 731 1678 796 cultum
1734 731 2184 814 neglectumve
2242 737 2309 797 et
2366 733 2450 798 ob
2510 753 2655 798 eam
2707 754 2853 799 rem

532 840 896 923 propitium
949 841 1302 920 iratumve,
1357 838 1484 904 hoc
1530 846 1658 919 est,
1715 861 1957 924 magna
2002 861 2143 905 esse
2188 842 2255 904 in
2301 846 2646 923 utramque
2693 863 2849 924 par-

534 953 669 1012 tem
736 953 1101 1011 momenta
1156 948 1438 1011 numinis
1496 947 1659 1012 culti
1717 947 2152 1031 neglectique.
2266 946 2374 1013 Sic
2430 950 2632 1032 igitur
2688 950 2849 1014 scri-

529 1054 818 1121 bendum
864 1060 984 1134 est,
1032 1055 1302 1120 sublata
1344 1056 1829 1138 permutatione
1874 1077 2007 1121 non
2053 1054 2474 1139 infrequenti.
2539 1056 2846 1139 (Monu-

534 1169 883 1227 mentum
949 1185 1069 1246 pro
1135 1169 1613 1228 momentum
1681 1164 1748 1228 in
1816 1164 2040 1229 codice
2099 1164 2458 1248 archetypo
2517 1164 2717 1229 fuisse
2778 1165 2849 1229 in

532 1270 704 1336 libro
750 1271 808 1350 I,
869 1275 971 1351 47,
1028 1276 1086 1351 6,
1150 1271 1509 1336 ostendunt
1553 1271 1907 1351 MPL1H1;
1967 1272 2142 1336 idem
2184 1273 2254 1335 in
2297 1270 2469 1351 XXI,
2526 1276 2586 1351 4,
2647 1276 2684 1336 2
2734 1271 2849 1337 de-

536 1379 748 1443 clarat
814 1400 1172 1444 consensus
1239 1379 1483 1444 codicis
1542 1376 1903 1444 Colbertini
1962 1384 2030 1444 et
2085 1379 2363 1444 Medicei
2423 1380 2849 1467 aliorumque.

532 1487 753 1552 Etiam
798 1487 880 1567 H,
916 1492 974 1566 7,
1017 1491 1095 1550 10
1128 1488 1179 1551 P
1214 1486 1462 1567 Bamb.,
1510 1486 1625 1550 alii
1671 1493 2185 1552 monumento
2230 1509 2352 1570 pro
2398 1486 2850 1569 momento.)

532 1595 618 1660 Et
662 1595 850 1660 video
896 1616 1086 1675 nunc,
1142 1595 1212 1658 id
1259 1596 1459 1659 etiam
1502 1593 1633 1658 Iac.
1679 1594 2092 1660 Perizonium
2135 1594 2564 1675 intellexisse3
2632 1616 2852 1678 neque

533 1708 757 1768 tamen
825 1702 1298 1767 emendationis
1362 1703 1610 1766 iniuria
1681 1703 1998 1786 neglectae
2055 1703 2682 1768 commendationem
2738 1702 2852 1768 de-

538 1813 672 1878 lere
717 1812 916 1877 volui.

707 1918 862 2004 Cap.
912 1922 1021 1998 53,
1091 1924 1126 1983 5
1185 1917 1281 2000 (in
1340 1919 1572 1984 eadem
1620 1917 1980 2000 oratione):
2050 1918 2149 1982 Et
2194 1917 2418 1983 Galli
2474 1924 2851 1983 evertere

535 2032 986 2112 potuerunt
1051 2028 1400 2105 Romam,
1470 2047 1699 2108 quam
1767 2028 2107 2092 Romani
2177 2027 2629 2091 restituere
2696 2047 2850 2091 non

532 2136 1026 2201 videbuntur
1071 2134 1494 2218 potuisse?
1537 2133 1718 2197 Nihil
1763 2135 1982 2217 potuit
2024 2135 2393 2218 perversius
2428 2134 2849 2217 interrogari.

367 2255 507 2325 (127)
544 2242 762 2321 Quaeri
809 2244 980 2308 enim
1025 2241 1325 2322 debebat,
1373 2241 2002 2308 committendumne
2049 2248 2241 2321 esset,
2287 2249 2379 2322 ut,
2427 2262 2625 2325 quam
2671 2240 2853 2306 Galli

535 2351 766 2416 urbem
823 2356 1115 2415 evertere
1174 2351 1574 2432 potuissent,
1644 2350 1919 2415 eandem
1977 2351 2259 2416 Romani
2320 2350 2608 2434 posteris
2664 2349 2847 2414 vide-

535 2465 766 2523 rentur
831 2458 1183 2522 restituere
1251 2479 1385 2523 non
1450 2459 1744 2541 potuisse
1814 2457 1964 2539 (hac
2029 2456 2269 2522 forma:
2336 2457 2435 2522 Et
2501 2459 2847 2523 Romani

535 2566 1037 2631 videbuntur
1080 2567 1398 2631 Romam
1442 2567 1894 2631 restituere
1939 2587 2096 2631 non
2141 2564 2549 2650 potuisse,
2615 2584 2852 2647 quam

539 2674 761 2740 Galli
829 2673 1376 2752 everterunt?,
1443 2680 1519 2738 ut
1575 2673 1889 2740 iudicium
1934 2675 2347 2759 posteritatis
2393 2674 2474 2738 de
2522 2673 2852 2738 Romano-

534 2805 684 2848 rum
738 2782 1130 2866 impotentia
1184 2803 1328 2846 cum
1376 2781 1723 2847 Gallorum
1764 2783 1943 2848 sacto
1992 2788 2376 2866 comparata
2421 2786 2576 2846 ante
2624 2780 2853 2847 oculos

536 2889 952 2975 poneretur);
1019 2910 1193 2954 nunc
1251 2888 1568 2958 Camillus
1638 2890 2037 2974 interrogat,
2108 2879 2526 2955 credibilisne
2600 2889 2688 2954 sit
2740 2909 2854 2954 res

537 3007 722 3065 certa
768 3006 833 3064 et
877 2999 1087 3079 sacta,
1158 3017 1357 3080 quum
1414 2998 1696 3062 alteram
1752 2997 1896 3064 fieri
1956 3020 2092 3064 non
2147 2998 2443 3082 potuisse
2488 2995 2851 3080 aliquando

535 3108 788 3193 posteri
853 3108 1210 3172 iudicaturi
1275 3108 1425 3170 sint.
1553 3104 1683 3170 Sed
1750 3107 1933 3172 salva
1998 3127 2105 3171 res
2176 3113 2277 3171 est
2346 3105 2851 3185 emendatioque

535 3223 676 3282 tam
719 3214 1097 3295 manifesta,
1165 3221 1239 3279 ut
1304 3214 1557 3278 nullum
1626 3215 1712 3279 sit
1779 3216 2021 3281 certius
2083 3214 2547 3279 documentum
2604 3212 2851 3277 codicis

536 3324 875 3408 archetypi
922 3323 1006 3388 ab
1054 3323 1273 3404 aliquo
1320 3321 1614 3402 homine,
1683 3323 1796 3405 qui
1856 3324 2142 3387 oscitans
2199 3322 2402 3387 verba
2459 3320 2855 3386 sententias-

537 3452 665 3515 que
722 3431 892 3495 male
940 3431 1332 3514 copulasset,
1382 3430 1788 3513 interpolati.
1893 3431 2064 3495 Nam
2119 3452 2320 3514 quum
2364 3428 2587 3494 Livius
2646 3430 2855 3510 scrip·

536 3519 733 3604 sisset
765 3539 1110 3602 notissima
1148 3537 1598 3619 interrogandi
1635 3544 1703 3602 et
1737 3539 2103 3622 argumenti
2139 3535 2571 3604 concludendi
2606 3535 2853 3600 forma:

535 3647 638 3713 Et
697 3645 914 3710 Galli
971 3646 1300 3709 Romam
1369 3652 1744 3711 evertere
1800 3652 2288 3730 potuerunt,
2344 3644 2683 3709 Romani
2738 3663 2855 3707 re-

538 3754 895 3819 stituere
940 3774 1093 3817 non
1137 3749 1641 3817 videbuntur
1685 3755 2106 3837 potuisse?
2154 3754 2266 3818 ille
2311 3752 2528 3832 hom0,
2573 3752 2855 3816 interro-

537 3861 825 3944 gationis
863 3860 1142 3944 duplicis
1180 3881 1490 3926 connexae
1524 3862 1881 3942 immemor,
1921 3883 2154 3943 qua-m
2188 3860 2466 3925 addidit.
2537 3858 2854 3941 (Gramm.

540 3969 685 4034 Lat.
734 3967 767 4050 ἓ
813 3972 969 4048 4383
1015 3968 1329 4033 Emendd.
1378 3966 1509 4034 Cic.
1559 3969 1789 4036 libror.
1837 3969 2073 4054 philos.
2121 3992 2184 4053 p.
2235 3974 2314 4033 39
2362 3967 2605 4052 sqq.)¹)

597 4238 643 4306 ¹)
683 4236 873 4307 [Initio
935 4239 1101 4293 huius
1164 4240 1370 4309 capitis
1437 4239 1709 4293 debuerat
1773 4240 2022 4294 animum
2085 4256 2334 4310 pungere
2398 4256 2515 4292 non
2579 4241 2735 4291 recte
2796 4235 2861 4290 in

678 4324 995 4380 obiiciendo
1052 4330 1381 4394 argumento
1441 4324 1557 4379 sed
1617 4341 1724 4395 pro
1796 4330 1866 4378 at
1917 4325 2181 4395 positum.
2290 4323 2454 4378 Nunc
2508 4322 2631 4377 cod.
2679 4322 2730 4376 V
2779 4322 2861 4375 la-

677 4427 905 4477 cunam,
960 4410 1119 4464 cuius
1162 4411 1380 4465 nullum
1426 4410 1680 4479 alioquin
1724 4411 1996 4466 indicium
2042 4415 2193 4479 erat,
2249 4408 2500 4464 ostendit
2543 4413 2601 4461 et
2645 4406 2864 4477 explet,
