3230 5282
1486 616 1607 677 595

400 800 715 888 philolog.
762 800 974 865 Latin.
1032 798 1450 884 bibliothecae
1506 798 1787 863 Vindob.
1848 799 1934 879 (a.
1996 799 2187 881 1836)
2253 801 2367 864 aeri
2421 801 2694 866 incisam

295 970 300 977 .
405 910 629 989 edidit,
670 908 814 992 [aut
849 930 928 973 ex
964 931 1058 984 ea,
1084 929 1279 993 quam
1306 908 1771 972 Mommsenius
1797 914 1865 972 et
1890 906 2401 974 Studemundius
2436 910 2504 973 in
2525 909 2698 974 Ana-

337 1039 348 1050 ·
404 1019 594 1084 lectis
639 1017 927 1082 Livianis
970 1017 1106 1080 tab.
1142 1016 1238 1080 III
1285 1025 1352 1080 et
1395 1015 1484 1080 IV
1519 1015 2004 1100 exprimendam
2041 1025 2433 1082 curaverunt
2463 1017 2697 1101 photo-

404 1124 1002 1211 lithograpbicam,]
1061 1125 1265 1190 multo
1314 1124 1717 1189 commodius
1761 1124 2194 1205 intellegitur,
2241 1146 2437 1208 quam
2482 1127 2696 1192 verbis

407 1234 888 1316 edisseritur.¹)
995 1234 1182 1311 Quod
1252 1240 1435 1297 sexto
1503 1231 1741 1297 saeculo
1809 1251 1956 1296 eum
2023 1234 2341 1317 scriptum
2405 1235 2698 1314 tradunt,

407 1346 546 1411 eius
592 1345 687 1409 rei
730 1343 1045 1409 indicium
1090 1340 1388 1425 relinquo
1432 1340 1543 1419 iis,
1603 1341 1718 1425 qui
1769 1341 1836 1405 in
1884 1340 2006 1406 hoc
2051 1362 2283 1425 genere
2329 1344 2545 1407 aetatis
2592 1365 2698 1407 co-

408 1454 626 1519 dicum
665 1450 1062 1516 aestimandae
1098 1449 1444 1533 multiplici
1481 1450 1969 1533 comparatione
2005 1450 2487 1515 exercitatiores
2512 1459 2698 1530 sunt;

406 1561 585 1639 mihi,
632 1562 687 1625 si
724 1559 962 1626 saeculo
1008 1558 1438 1622 recentiorem
1483 1557 1795 1636 facerent,
1836 1558 2095 1623 facilius
2140 1558 2698 1643 persuaderent.²)

408 1669 583 1736 Illud
629 1669 892 1753 quidem
939 1673 1218 1744 constat,
1263 1665 1431 1730 hunc
1479 1686 1737 1748 quoque
1785 1667 2110 1748 quantivis
2156 1668 2350 1751 pretii
2395 1668 2704 1749 codicem,

412 1779 515 1843 cui
560 1779 674 1842 uni
720 1782 978 1841 tantam
1025 1781 1279 1858 partem
1343 1775 1557 1858 operis
1603 1774 1857 1838 Liviani
1925 1774 2305 1855 debeamuS,
2353 1783 2599 1855 tamen,
2646 1778 2701 1841 si

410 1907 633 1951 verum
678 1883 983 1962 fatemur,
1035 1889 1079 1945 'a
1133 1882 1404 1946 librario
1472 1883 1739 1947 indocto
1789 1884 1949 1947 satis
2017 1884 2342 1949 incuriose
2390 1886 2702 1968 scriptum

412 2015 557 2060 esse
601 2013 972 2077 magnoque
1019 1991 1397 2055 mendorum
1445 2012 1576 2054 non
1631 2011 1782 2054 raro
1828 1991 2016 2055 valde
2071 1990 2347 2057 licenter
2392 1993 2702 2059 aberran-

411 2102 578 2169 tium
642 2123 914 2166 numero
973 2100 1417 2182 inquinatum,
1484 2106 1575 2174 ut,
1634 2106 2074 2183 praeterquam
2134 2101 2308 2184 quod
2352 2124 2522 2166 unus
2583 2109 2701 2180 est,

410 2209 633 2275 laudis
680 2209 748 2273 id
794 2209 941 2273 fere
998 2207 1435 2289 relinquatur,
1504 2206 1680 2291 quod
1737 2206 1884 2290 ipsa
1941 2214 2267 2275 vetustate
2335 2217 2400 2274 et
2466 2210 2696 2274 librari

416 2317 837 2403 simplicitate
882 2316 1281 2394 continetur,
1330 2336 1481 2379 nam
1524 2337 1740 2399 neque
1785 2336 1956 2399 saepe
2002 2316 2426 2383 describendo
2472 2318 2707 2383 menda

415 2447 456 2492 a
499 2426 714 2510 prima
760 2425 998 2490 erroris
1042 2423 1252 2488 forma
1294 2423 1553 2505 longius
1623 2422 1883 2488 detorta
1938 2430 2091 2489 sunt
2148 2447 2359 2510 neque
2425 2427 2562 2490 ulla
2619 2425 2705 2489 ad

415 2555 494 2601 ea
553 2532 950 2599 occultanda
1016 2533 1296 2597 accessit
1359 2530 1564 2596 fallax
1631 2538 1697 2596 et
1763 2531 2126 2597 artificiosa
2191 2533 2705 2617 interpolatio.³)

413 2641 585 2710 Nam
630 2649 697 2708 et
740 2643 807 2706 in
850 2640 1065 2707 verbis
1122 2638 1515 2721 scribendiS,
1585 2640 1784 2705 etiam
1849 2643 2021 2706 notis
2078 2649 2143 2707 et
2197 2643 2531 2724 facilibus,
2578 2643 2705 2708 fre-

414 2757 692 2838 quenter
737 2757 802 2817 et
848 2750 1175 2816 interdum
1219 2747 1488 2813 mirifice
1536 2755 1815 2828 erratur,
1862 2770 2033 2833 saepe
2067 2759 2340 2834 propter
2386 2751 2708 2817 obiectam

416 2866 483 2925 et
529 2866 865 2943 arreptam
910 2859 977 2922 in
1023 2858 1331 2923 continua
1388 2857 1719 2941 scriptura
1784 2878 1863 2921 ex
1918 2856 2160 2922 litteris
2215 2859 2469 2943 aliquot
2521 2859 2707 2942 pravi

414 2974 482 3034 et
525 2968 719 3033 alieni
765 2966 948 3032 verbi
977 2966 1304 3049 speciem,
1363 2963 1714 3029 accedente
1762 2963 1895 3028 alia
1941 2966 2138 3030 etiam
2185 2967 2268 3031 ad
2316 2967 2485 3032 oculi
2532 2988 2708 3031 erro-

421 3098 528 3142 res
576 3077 776 3141 animi
819 3073 1367 3151 hallucinatione,
1418 3077 1482 3135 et
1538 3073 2041 3137 terminationes
2087 3096 2318 3140 vocum
2375 3075 2573 3140 etiam
2617 3096 2707 3139 eae

415 3206 560 3270 quae
605 3183 791 3249 nulla
835 3181 1187 3248 admodum
1234 3179 1656 3244 similitudine
1702 3187 2085 3263 opportunae
2122 3185 2330 3248 errori
2364 3191 2534 3263 sunt,
2578 3206 2706 3248 non

416 3292 513 3357 ita
568 3314 722 3357 raro
782 3290 1219 3356 obscurantur
1277 3293 1343 3351 et
1396 3287 1672 3352 licenter
1714 3295 2171 3371 permutantur
2227 3298 2294 3356 et
2337 3291 2535 3356 verba
2579 3293 2707 3356 sin-

419 3400 574 3483 gula
618 3400 886 3484 plurave
931 3397 1274 3483 permultis
1319 3396 1481 3459 loeis
1528 3397 1920 3460 omittuntur
1974 3419 2095 3463 nec
2149 3400 2245 3463 ita
2299 3422 2450 3466 raro
2498 3407 2708 3465 trans-

412 3513 749 3595 ponuntur
792 3513 857 3572 et
899 3506 1039 3571 haec
1083 3505 1262 3569 varia
1307 3503 1569 3569 errandi
1613 3525 1856 3588 genera
1899 3506 2230 3572 interdum
2275 3530 2420 3573 cum
2465 3531 2702 3593 magna
2734 3527 2885 3596 (489)

414 3614 915 3702 perturbatione
963 3612 1343 3679 conflantur.
1411 3613 1646 3697 Itaque
1693 3619 1759 3677 et
1802 3612 2107 3695 frequens
2154 3615 2529 3683 adhibenda
2573 3640 2712 3683 cor·

415 3724 621 3789 rectio
690 3729 791 3789 est
837 3730 902 3788 et
946 3722 1276 3786 interdum
1333 3720 1532 3805 paulo
1589 3719 1862 3785 liberior
1913 3742 2036 3788 nec
2092 3725 2381 3808 singulas
2434 3725 2709 3807 litteraS,

466 3927 513 3989 ¹)
551 3927 737 3979 Etiam
776 3924 1059 3977 Walchius
1111 3924 1168 3975 in
1227 3922 1731 3977 Emendationibus
1780 3923 2029 3978 Livianis
2084 3926 2282 3992 (Berol.
2339 3948 2382 3981 a.
2426 3928 2581 3994 1815)
2617 3929 2713 3981 tri-

557 4014 687 4081 plex
721 4011 1012 4079 scripturae
1051 4009 1258 4063 codicis
1298 4008 1752 4062 vindobonensis
1789 4012 2073 4078 specimen
2109 4013 2297 4067 edidit.

467 4096 523 4163 ²)
561 4098 866 4150 sutberti
904 4096 1225 4163 episcopi
1261 4095 1337 4145 de
1387 4092 1708 4147 dorostat
1744 4112 1948 4148 nomen
1985 4097 2194 4152 ultimae
2232 4100 2452 4168 paginoe
2481 4100 2712 4169 inscrip-

559 4192 676 4235 tum
715 4185 760 4236 si
797 4197 1177 4251 possessorem
1216 4178 1511 4246 significat,
1550 4179 1691 4231 infra
1744 4181 1931 4233 saeculi
1969 4185 2191 4252 septimi
2230 4187 2438 4237 exitum
2476 4185 2712 4255 deprimi

561 4268 770 4321 codicis
810 4272 1030 4319 aetatem
1069 4272 1239 4319 vetat.
1317 4263 1688 4339 [Subscriptio
1727 4271 1821 4322 illa
1857 4269 2020 4321 aliter
2055 4269 2289 4337 legenda
2334 4288 2455 4324 esse
2491 4270 2712 4323 videtur

559 4358 615 4405 et
652 4354 723 4406 ad
751 4353 919 4406 alium
950 4353 1229 4406 hominem
1261 4355 1568 4422 pertinere3
1609 4357 1718 4409 vid.
1748 4355 2144 4409 Mommsenius
2180 4357 2237 4407 in
2257 4356 2541 4409 Ann.LiV.
2564 4373 2617 4423 p.
2639 4352 2708 4421 5.]

470 4438 522 4505 ⁸)
560 4440 741 4504 Quota
776 4438 1100 4490 mendorum
1155 4455 1282 4507 pars
1338 4440 1446 4491 iam
1484 4441 1542 4491 in
1579 4441 1849 4507 exempIO,
1903 4440 2056 4507 quod
2109 4441 2367 4494 librarius
2409 4426 2574 4494 huius
2612 4456 2710 4493 co·

562 4524 701 4575 «licis
729 4532 951 4577 secutus
983 4535 1087 4591 est,
1125 4523 1311 4591 fuerit,
1351 4526 1479 4577 iniri
1514 4526 1659 4577 ratio
1687 4527 1895 4592 nequit.

2155 4628 2251 4680 38*
