3230 5282
1405 615 1525 715 187
2309 630 2432 683 Lib.
2469 631 2618 684 VIII.

310 800 518 883 repeti
585 800 653 864 si
721 800 1099 864 coniunctio
1157 800 1358 863 etiam
1413 799 1611 864 tertio
1669 799 1815 864 loco
1881 800 2169 866 debebat
2228 807 2294 866 et
2350 807 2621 886 propter

312 910 512 991 ipsam
580 908 936 991 anaphorae
1003 906 1282 989 figuram
1351 914 1418 972 et
1481 908 1767 971 vitandae
1837 930 2102 973 summae
2168 909 2619 992 ambiguitatis

312 1016 408 1080 vel
471 1017 693 1099 potius
759 1015 1213 1100 perversitatis
1281 1036 1513 1095 causa3
1589 1015 1826 1080 deinde
1887 1038 2033 1080 oum
2092 1016 2356 1082 foedere
2406 1024 2471 1081 et
2517 1040 2619 1082 so-

312 1124 576 1201 cietate,
648 1146 794 1207 quae
866 1123 1216 1188 constabat
1282 1145 1453 1203 esse,
1522 1123 1638 1188 sed
1697 1123 1777 1188 de
1837 1145 2112 1206 quorum
2170 1147 2323 1190 vera
2380 1106 2621 1190 natura

313 1231 690 1295 certabatur
736 1230 845 1313 (ex
892 1253 1020 1316 quo
1066 1231 1172 1311 fit,
1231 1239 1304 1295 ut
1362 1238 1427 1296 et
1485 1233 1552 1295 in
1609 1232 1737 1296 hac
1797 1235 1865 1295 et
1920 1231 1989 1293 in
2036 1234 2374 1314 superiore
2419 1234 2621 1323 inter·-

312 1340 665 1421 punctione
722 1361 1096 1423 perversum
1153 1340 1238 1403 sit
1292 1339 1486 1403 illud:
1561 1340 1628 1404 si
1697 1338 1982 1403 foedus
2043 1338 2228 1420 est),
2300 1361 2446 1404 cum
2502 1341 2621 1420 his,

310 1447 604 1530 inquam,
675 1470 805 1513 non
872 1453 1140 1532 poterat
1206 1453 1522 1529 tanquam
1589 1447 1861 1511 tertium
1920 1445 1988 1510 id
2045 1447 2377 1529 coniungi,
2446 1449 2621 1529 quod

310 1556 549 1638 ipsum,
607 1555 1045 1640 quaerebatur,
1101 1556 1431 1619 inessetne
1479 1556 1548 1618 in
1592 1554 1709 1619 illo
1755 1553 2042 1618 foederis
2089 1555 2349 1618 nomine
2395 1576 2618 1619 necne.

263 1688 266 1689 ⁷
314 1662 541 1746 Itaque
609 1685 746 1727 una
813 1664 1116 1727 detracta
1180 1660 1441 1740 vocula,
1511 1682 1655 1743 quae
1714 1661 1945 1727 addita
2006 1668 2134 1741 est,
2201 1683 2283 1726 ne
2347 1663 2410 1726 si
2470 1683 2621 1727 con-

312 1772 559 1837 iunctio
619 1771 819 1836 verbo
878 1778 1136 1836 careret
1182 1771 1460 1847 scilicet,
1528 1769 1947 1833 scribendum
1992 1775 2121 1834 est:
2190 1772 2259 1834 si
2315 1768 2620 1852 foeduS‚

311 1880 376 1943 si
431 1880 804 1944 societas
861 1880 1208 1961 aequatio
1265 1879 1468 1941 iuris
1515 1883 1657 1941 est.
1762 1875 2157 1958 (Gronovius
2204 1886 2620 1959 argumenta-

311 1989 553 2052 tionem
599 1986 796 2050 Annii
839 2008 968 2051 non
1016 1987 1382 2070 perspexit3
1450 1986 1518 2048 in
1575 1984 1718 2064 illa,
1790 2006 1987 2068 quam
2032 1987 2088 2049 is
2139 1982 2400 2050 efficere
2446 1986 2620 2051 vole-

312 2094 440 2174 bat,
499 2094 835 2159 sententia
879 2094 1298 2159 scribendum
1345 2100 1517 2157 erat:
1586 2094 1652 2156 si
1700 2092 1902 2175 aequi
1947 2094 2148 2158 iuris
2193 2092 2484 2158 foedus
2534 2116 2622 2158 ac

314 2204 672 2268 societas
721 2208 874 2283 est,
941 2225 1076 2267 non
1122 2200 1542 2285 aequati.)¹)
1654 2200 1857 2265 Paulo
1906 2200 2226 2265 occultius
2273 2202 2622 2285 scriptura,

313 2312 451 2394 ipsa
504 2333 575 2375 re
636 2332 841 2394 prope
897 2310 1304 2374 manifestius
1351 2316 1452 2374 est
1495 2310 1775 2373 alterum
1822 2309 2146 2373 mendum.
2261 2309 2402 2387 Quo
2449 2311 2621 2374 enim

313 2425 567 2501 spectat
624 2417 740 2481 illa
797 2418 1136 2481 consulum
1192 2418 1466 2496 menti0,
1535 2417 1953 2501 superposita
2007 2417 2131 2500 ipsi
2178 2417 2622 2482 Romanorum

315 2527 632 2592 mentioni
702 2525 801 2605 (si
868 2526 1210 2590 socialis
1276 2525 1448 2589 illis
1517 2525 1935 2589 exercitus
2001 2525 2067 2589 is
2139 2524 2333 2606 est)?
2400 2526 2619 2591 Soline

317 2633 632 2713 consuleS,
687 2656 818 2699 non
866 2656 1092 2698 omnes
1135 2633 1416 2698 Romani
1473 2654 1818 2698 secernere
1865 2654 1905 2697 a
1949 2654 2018 2697 se
2075 2631 2385 2698 socialem
2433 2657 2615 2700 exer·
2654 2652 2793 2719 (159)

319 2745 512 2807 citum
557 2741 923 2806 nolebant?
979 2741 1067 2806 Et
1113 2741 1271 2825 quid
1313 2739 1440 2805 hoc
1487 2747 1620 2818 est,
1682 2740 1979 2805 consules
2025 2762 2364 2807 secernere
2411 2744 2622 2808 socios

316 2850 499 2914 bellis
547 2850 835 2934 propriis
869 2850 1199 2914 sumendis
1235 2849 1733 2931 ponendisque?
1779 2849 2070 2913 Erantne
2108 2850 2247 2913 ulla
2284 2849 2622 2916 consulum

317 2960 581 3042 propria
626 2957 848 3022 bella?
915 2959 1047 3021 Aut
1093 2958 1146 3021 si
1196 2957 1496 3021 consules
1542 2977 1661 3039 pro
1710 2957 2018 3021 Romanis
2064 2958 2385 3021 nominari
2432 2964 2622 3039 puta-

318 3087 485 3143 mm,
563 3067 844 3130 Romani
922 3066 1195 3148 propria
1259 3063 1439 3128 bella
1504 3086 1635 3128 non
1704 3065 2051 3128 sumebant
2118 3063 2622 3146 ponebantque?

318 3171 591 3238 Omnino
660 3173 786 3238 hoc
857 3172 936 3237 de
1006 3173 1290 3255 propriis
1359 3171 1552 3235 bellis
1613 3173 1942 3236 sumendis
2000 3171 2451 3255 ponendisque
2505 3192 2622 3250 *ne-

315 3284 603 3347 cessario
664 3281 750 3345 ad
809 3302 920 3344 eos
978 3282 1294 3362 pertinet,
1363 3280 1474 3360 qui
1541 3279 1860 3343 hactenus
1929 3281 2174 3343 alteros
2235 3278 2620 3360 (Romanos)

314 3391 523 3454 secuti
613 3388 800 3454 nulla
892 3389 1017 3470 ipsi
1103 3409 1222 3451 suo
1306 3386 1583 3451 arbitrio
1664 3389 1934 3470 propria
2011 3386 2186 3450 bella
2263 3392 2619 3466 gesserant.

317 3494 688 3580 Scripserat
747 3496 999 3559 Livius:
1070 3498 1137 3559 si
1207 3495 1549 3559 socialis
1618 3495 1794 3558 illis
1865 3496 2276 3559 exercitus
2345 3496 2409 3558 is
2479 3499 2621 3573 est,
2680 3485 2687 3490 ⁴

311 3637 394 3648 —
450 3626 680 3686 quem
748 3624 1183 3668 secernere
1252 3603 1346 3667 ab
1406 3625 1487 3667 se
1549 3601 1914 3684 (Romanis)
1975 3601 2317 3663 consilia
2371 3601 2621 3666 bellis

316 3714 679 3795 propriis
738 3711 1147 3776 sumendis
1208 3711 1772 3794 ponendisque
1820 3710 2106 3773 nolint.
2220 3709 2320 3773 Ea
2365 3709 2623 3774 demum

314 3839 466 3883 vera
523 3826 622 3884 est
681 3820 1042 3897 sententia,
1103 3840 1233 3883 non
1289 3819 1689 3902 placiturum
1734 3819 2077 3897 Romanis,
2137 3818 2191 3879 si
2237 3817 2456 3881 Latini
2504 3839 2623 3881 sua

314 3928 589 3991 consilia
670 3926 755 3991 ab
835 3927 970 3992 illis
1041 3931 1390 3991 secernant
1458 3932 1524 3989 et
1589 3947 1710 3990 suo
1781 3924 2057 3989 arbitrio
2125 3924 2301 3988 bella
2368 3931 2618 4008 gerant.

314 4032 472 4112 (Cfr.
520 4035 601 4115 ΙΙ,
661 4040 765 4114 53,
826 4039 861 4098 5
910 4042 979 4099 et
1024 4034 1104 4099 de
1151 4033 1497 4099 verborum
1542 4055 1666 4097 usu
1712 4032 1817 4110 IV,
1877 4036 1976 4111 57,
2038 4036 2107 4096 3:
2181 4054 2619 4098 secernere

369 4302 413 4368 ¹)
455 4300 658 4371 [Multo
715 4305 901 4359 minus
962 4323 1063 4374 per
1111 4323 1169 4359 se
1215 4323 1317 4374 pro
1368 4304 1701 4358 condicione
1748 4303 1886 4372 poni
1932 4307 2148 4373 potest:
2215 4304 2271 4356 si
2308 4303 2618 4371 aequatio

450 4389 632 4443 iuris
681 4394 807 4443 est.
893 4391 952 4444 Si
990 4408 1056 4444 ea
1091 4391 1202 4443 iam
1238 4389 1460 4456 fuisset,
1511 4389 1653 4442 nihil
1689 4388 1879 4442 Latini
1915 4388 2063 4442 ultra
2100 4394 2432 4457 quaererent.
2516 4387 2620 4440 La·

445 4474 566 4526 tine
599 4475 706 4528 hoc
745 4475 1065 4545 significatu
1101 4476 1407 4530 diceretur:
1447 4475 1506 4527 si
1545 4479 1895 4543 aequatum
1930 4474 2040 4528 ius
2078 4473 2225 4542 est.]
