3230 5282
460 656 477 663 ,
494 611 619 678 Lib.
655 610 852 663 xxlv.
1591 598 1714 658 344

495 790 660 847 tum
713 782 816 859 P.,
875 780 1053 862 quod
1110 780 1359 845 nullam
1418 782 1908 846 excusationem
1963 782 2323 866 recipit).¹)
2439 782 2501 866 (ἓ
2560 789 2596 847 5
2655 791 2820 868 post

495 897 826 954 ruerent
871 888 1116 953 excidit
1161 894 1257 953 et.
1354 888 1566 969 1862.)
2557 913 2561 917 ⁴

323 1012 470 1079 (281)
680 997 837 1079 Cap.
897 1000 1008 1075 42,
1078 1000 1113 1060 3
1171 997 1551 1080 (postquam
1608 996 1689 1061 de
1746 996 1999 1080 proelio
2057 997 2142 1061 ad
2197 997 2511 1062 Mundam
2567 1006 2635 1063 et
2691 997 2814 1062 Cn-

496 1106 818 1188 Scipionis
885 1104 1148 1169 vulnere
1220 1104 1471 1169 dictum
1530 1103 1689 1185 est):
1761 1104 2135 1169 Ceterum
2198 1095 2414 1170 haud
2481 1106 2804 1171 dubium

494 1213 684 1291 fuit,
754 1212 974 1296 quin,
1041 1212 1203 1276 nisi
1263 1232 1352 1276 ea
1409 1233 1632 1277 mora
1688 1209 2310 1292 intervenisset,
2380 1220 2658 1278 castra
2715 1233 2804 1277 eo

496 1320 622 1385 die
710 1319 1023 1383 Punica
1122 1320 1301 1402 capi
1401 1321 1844 1402 potuerint.
1995 1319 2160 1383 Iam
2250 1341 2402 1385 non
2492 1320 2814 1385 milites

497 1428 784 1507 solum,
844 1427 984 1492 sed
1041 1426 1474 1510 elephanti
1531 1429 1779 1492 etiam
1838 1448 2090 1509 usque
2150 1427 2248 1492 ad
2294 1428 2595 1493 vallum
2641 1429 2804 1492 acti

495 1543 756 1615 erant,
815 1555 1220 1618 superque
1279 1535 1541 1618 ipsum
1598 1534 1746 1616 (PM
1805 1534 1990 1599 Cant.
2039 1535 2604 1619 superqipsas)
2667 1556 2804 1599 no-

494 1666 662 1709 vem
731 1650 809 1708 et
875 1644 1233 1726 triginta
1301 1642 1722 1726 elephanti
1783 1643 1975 1727 pilis
2033 1643 2361 1707 confixi:
2472 1642 2814 1707 Particula

493 1754 652 1818 iam
722 1750 1092 1832 significare
1154 1750 1409 1816 videtur
1464 1752 1958 1816 conversionem
2014 1750 2300 1832 aliquam
2357 1771 2573 1815 rerum
2631 1738 2804 1814 coin-

493 1866 927 1927 memoratum
994 1859 1106 1937 iri3
1176 1858 1291 1923 sed
1359 1860 1658 1940 sequitur
1715 1859 2075 1942 superioris
2121 1858 2346 1923 iudicii
2393 1858 2808 1924 confirmatio

493 1989 627 2033 una
681 1966 807 2031 hac
864 1967 1195 2030 sententia
1254 1965 1758 2049 comprehensa3
1825 1967 2052 2050 itaque
2098 1966 2542 2031 scribendum:
2612 1967 2812 2029 Nam.

494 2096 644 2139 non
713 2080 837 2139 cet.
963 2073 1244 2151 Deinde,
1314 2074 1571 2138 etiamsi
1639 2073 1896 2139 codices
1965 2075 2440 2152 consentirent,
2506 2073 2804 2138 nonnihil

493 2183 811 2263 molestiae
880 2181 1448 2263 dubitationisque
1505 2181 1751 2245 habere
1809 2181 1970 2246 mihi
2028 2182 2410 2247 viderentur
2467 2181 2802 2266 elephanti

496 2310 739 2373 super
796 2288 1091 2353 vallum
1139 2287 1404 2368 confixi,
1476 2291 1820 2370 quoniam,
1888 2290 2213 2373 quomodo
2261 2291 2327 2354 in
2375 2289 2547 2354 vallo
2595 2288 2801 2373 (quod

492 2380 578 2461 ab·
624 2417 860 2479 aggere
909 2396 1237 2460 diversum
1284 2394 1413 2476 est)
1461 2398 1819 2462 consistere
1865 2400 2223 2481 potuerint,
2270 2398 2623 2462 obscurum
2671 2401 2801 2477 est3

493 2523 895 2587 quamquam
954 2505 1022 2566 in
1069 2503 1180 2581 IX,
1239 2508 1341 2582 45,
1406 2509 1480 2567 15
1528 2503 1892 2570 homines
1938 2507 2012 2568 in
2061 2506 2275 2571 vallo
2325 2506 2690 2589 conspici
2737 2512 2812 2569 et

549 2758 594 2825 ¹)
631 2757 700 2812 In
738 2758 940 2826 capitis
976 2760 1044 2812 39
1081 2758 1247 2812 initio
1287 2756 1340 2827 (ξ
1382 2758 1429 2825 1)
1467 2776 1584 2814 non
1631 2777 1864 2828 possum
1908 2778 2024 2815 non
2069 2762 2287 2827 mirari,
2341 2777 2444 2829 pro
2492 2760 2806 2813 certissima

629 2843 897 2897 Gronovii
972 2849 1030 2897 et
1099 2843 1341 2897 aliorum
1404 2845 1828 2912 emendatione,
1897 2846 2388 2912 Drakenborchio‚
2455 2845 2801 2913 Kreyssigio‚

626 2929 882 2983 Bekkero
920 2930 1177 2997 probata,
1215 2947 1325 2997 qua
1361 2948 1430 2983 ex
1467 2931 1554 2984 his
1591 2931 1805 2986 codicis
1827 2931 2172 2999 Pvestigiis:
2212 2931 2352 2985 alia
2388 2931 2551 2984 aliis
2588 2930 2809 2984 lociis

1254 3015 1444 3069 ribus

628 3100 708 3153 ad
773 3100 1180 3169 opsidendis
1247 3101 1420 3154 itine
1485 3099 2051 3168 claudendosque
2118 3101 2481 3170 opponitis
2547 3102 2804 3164 exitus,

1433 3202 1507 3239 ea

625 3289 781 3340 pars
817 3270 1111 3324 maxima
1158 3288 1364 3339 super
1398 3274 1691 3324 tex-trum
1728 3272 2051 3339 circaque
2095 3300 2166 3309 —
2201 3271 2605 3326 consistunt
2638 3271 2805 3324 lenis·

626 3357 766 3409 sime
812 3354 1074 3410 efficitur:
1130 3355 1249 3408 alii
1304 3356 1469 3409 aliis
1514 3356 1690 3409 locis
1739 3356 1819 3409 ad
1864 3357 2245 3410 obsidenda
2292 3357 2559 3411 itinera
2608 3356 2796 3410 clau·

627 3440 1024 3508 dendosque
1082 3441 1395 3509 oppositi
1453 3441 1713 3506 exitus;
1775 3459 1935 3510 pars
1991 3442 2280 3495 maxima
2333 3459 2537 3510 super
2593 3441 2800 3495 thea·

625 3531 797 3580 trum
836 3553 902 3562 —-
939 3525 1361 3590 consistunt,
1400 3542 1501 3594 pro
1540 3542 1622 3590 ea,
1659 3526 1905 3594 inquam,
1941 3543 2120 3595 nuper
2152 3527 2276 3580 haec
2313 3544 2432 3580 esse
2469 3526 2800 3580 substituta:

627 3609 764 3664 alia
830 3610 988 3664 aliis
1050 3610 1233 3663 locis
1299 3609 1380 3662 ad
1445 3611 1581 3664 obs.
1647 3615 1714 3664 it.
1782 3611 2350 3679 claudendosque
2415 3611 2801 3680 opponitur

625 3696 878 3760 exitus,
924 3712 1083 3764 pars
1130 3696 1429 3748 maxima
1474 3701 1609 3761 cet,
1655 3702 1719 3749 ut
1754 3712 1822 3749 ex
1857 3713 2018 3765 pars
2055 3698 2345 3750 maxima
2381 3697 2524 3749 miro
2561 3694 2800 3749 artificio

625 3780 787 3833 initio
834 3779 1132 3833 sententiae
1180 3780 1250 3832 ad
1297 3780 1433 3833 alia
1478 3780 1744 3834 audiatur
1779 3798 1938 3849 pars
1975 3787 2033 3835 et
2067 3799 2170 3851 pro
2209 3799 2305 3848 e0,
2364 3781 2515 3850 quod
2559 3798 2795 3835 novera·

621 3882 771 3918 mus:
836 3865 955 3917 alii
1011 3863 1175 3918 aliis
1223 3864 1422 3932 locis,
1469 3881 1613 3924 nove
1665 3865 1913 3920 dicatur:
1979 3867 2118 3921 alia
2172 3885 2330 3936 pars
2386 3867 2549 3920 aliis
2603 3867 2797 3919 locis.

620 3948 831 4004 Nocuit
864 3949 994 4003 huic
1031 3949 1175 4016 loco,
1213 3954 1276 4003 ut
1311 3950 1453 4017 aliis,
1491 3951 1725 4004 nimium
1763 3951 2012 4005 studium
2049 3939 2197 4006 nova
2226 3951 2585 4006 extundendi.
2636 3950 2797 4015 Nam,

622 4040 687 4089 ut
732 4035 1004 4103 proximis
1049 4034 1318 4104 exemplis
1354 4041 1506 4102 utar,
1553 4036 1724 4089 etiam
1761 4053 1807 4089 c.
1846 4039 1941 4103 37,
1990 4039 2024 4090 5
2059 4037 2131 4091 ad
2167 4037 2408 4105 vestigia
2443 4037 2656 4090 codicis
2692 4053 2794 4104 op·

862 4120 923 4173 lc

621 4205 745 4259 timi
783 4204 1145 4275 (patuerat)
1180 4205 1360 4274 Lipsii
1406 4207 1734 4261 coniectura
1769 4207 2012 4276 (palam
2061 4206 2229 4271 erat)
2269 4207 2575 4275 aptissimis
2614 4204 2797 4258 verbis

621 4291 853 4359 propius
909 4290 1132 4346 accedit
1179 4307 1345 4359 quam
1391 4309 1517 4360 quse
1566 4308 1746 4361 nuper
1790 4292 2018 4360 prodita
2063 4299 2150 4347 est
2185 4292 2446 4360 (aperte
2493 4291 2683 4358 rati),
2738 4296 2796 4342 et

620 4396 666 4430 c.
705 4379 798 4442 38,
849 4381 872 4429 1
915 4393 983 4430 ex
1031 4377 1452 4431 convocatio
1492 4377 1654 4445 quib
1691 4377 1886 4430 melius
1925 4377 2244 4431 Gronovius
2283 4375 2567 4431 effecerat:
2624 4381 2791 4430 con-

619 4461 881 4515 vocatis
920 4461 1057 4515 suis
1095 4478 1262 4529 quam
1297 4462 1697 4517 Boettcherus:
1737 4466 2078 4516 convocat
2114 4478 2288 4527 suos,
2327 4463 2587 4529 quibus.
