3230 5282
568 632 575 639 ·
635 602 755 657 Lib.
795 604 885 658 lx.
1720 594 1843 655 208

636 780 1001 845 heremus
1057 782 1407 845 Romana
1476 801 1725 859 arma,
1793 780 1905 844 ubi
1974 783 2038 845 in
2112 780 2447 845 codicibus
2518 787 2586 845 et
2651 782 2911 864 reliquis

633 889 1030 954 editionibus
1099 897 1199 954 est
1255 889 1561 954 luendae
1621 891 2118 973 sponsionis.
2229 890 2398 954 Nam
2447 912 2685 974 neque,
2744 891 2910 972 quod

636 998 885 1080 aliquid
953 998 1260 1062 luendae
1328 1000 1798 1082 sponsionis
1866 1021 2039 1063 esse
2101 998 2442 1078 dicitur1),
2511 1000 2658 1063 idco
2715 1002 2903 1064 etiam

634 1106 844 1171 ferre
890 1106 1140 1190 aliquid
1184 1106 1492 1170 luendae
1539 1109 2013 1189 sponsionis
2059 1116 2235 1172 recte
2282 1108 2539 1173 dicetur
2583 1129 2791 1189 neque
2835 1107 2911 1171 ad

634 1216 906 1299 capita
939 1217 1274 1299 genetivus
1309 1216 1537 1278 referri
1577 1221 1814 1297 potest,
1861 1218 2166 1299 quoniam
2213 1224 2280 1280 et
2324 1222 2566 1300 caput
2611 1217 2913 1281 luenda}

633 1325 1101 1408 sponsionis
1168 1324 1386 1405 inepte
1454 1323 1827 1405 appellatur
1885 1331 1952 1388 et
2008 1325 2201 1389 vilia
2257 1324 2420 1389 haec
2474 1327 2752 1408 capita
2808 1346 2918 1408 per

631 1454 699 1497 se
757 1433 1078 1516 appellari
1139 1431 1395 1495 debent.
1508 1431 1745 1497 Dativo
1814 1434 2150 1514 gerundivi
2221 1434 2288 1497 in
2348 1433 2620 1497 consilio
2680 1432 2916 1516 signifi-

630 1542 836 1606 cando
884 1539 1232 1605 admodum
1280 1540 1482 1603 libere
1528 1540 1749 1603 Livius
1795 1542 2019 1619 utitur,
2064 1548 2139 1606 ut
2183 1541 2230 1618 l,
2278 1547 2378 1618 23,
2426 1547 2495 1604 8:
2544 1564 2916 1623 me—ge-

631 1651 876 1715 rendo
944 1649 1164 1713 bello
1237 1649 1512 1713 ducem
1569 1670 1967 1727 creavere,
2028 1650 2149 1728 111,
2209 1654 2273 1727 5,
2342 1656 2445 1713 14:
2517 1650 2659 1713 His
2706 1672 2920 1713 aver-

629 1760 900 1825 tendis
949 1759 1411 1823 terroribus
1459 1759 1532 1821 in
1580 1759 1933 1822 triduum
1982 1759 2206 1823 feriae
2253 1760 2597 1837 indictae,
2660 1759 2771 1838 lx,
2822 1764 2917 1827 26.

635 1875 743 1932 14:
812 1870 1176 1933 dictator
1244 1867 1728 1950 deligendus
1787 1867 2262 1931 exercendis
2322 1869 2922 1950 quaestiouibus

629 1978 658 2041 f
670 1980 804 2055 uit,
851 1984 916 2042 et
962 1977 1028 2041 id
1073 1998 1279 2058 genus
1326 1976 1474 2039 alia.

800 2086 955 2169 Cap.
1021 2090 1125 2161 12,
1175 2090 1242 2147 2:
1314 2083 1698 2166 (Samnites)
1762 2105 1939 2148 sero
1997 2105 2085 2148 66
2142 2085 2680 2167 nequicquam
2746 2083 2925 2147 lau-

631 2194 819 2258 dare
868 2193 1285 2274 (laudabant)
1331 2195 1548 2256 sonis
1585 2192 1858 2257 Pontii
1904 2199 2250 2275 utraque
2298 2191 2657 2271 consilia,
2705 2192 2926 2257 inter

458 2318 599 2389 (176)
639 2323 807 2384 quae
865 2323 943 2365 se
999 2301 1259 2365 media
1313 2301 1592 2384 lapsos
1649 2302 2018 2365 victoriae
2064 2302 2666 2384 possessionem
2724 2322 2925 2383 pace

627 2412 942 2474 incerta
987 2416 1359 2474 mutasse.
1417 2409 1619 2474 Recte
1664 2409 1786 2474 hoc
1828 2409 2113 2474 Antonio
2162 2410 2499 2474 Perizonio
2545 2401 2919 2492 displicuit3

631 2540 780 2583 nam
840 2518 1098 2582 media
1155 2516 1322 2580 labi
1371 2517 1551 2581 nullo
1597 2517 1907 2599 loquendi
1952 2536 2069 2581 usu
2117 2514 2521 2591 defenditur,
2589 2516 2760 2582 labi
2810 2540 2923 2582 au-

628 2634 761 2692 tem
815 2628 1025 2693 inter
1081 2625 1344 2690 media
1413 2625 1599 2708 (duo)
1660 2626 2035 2706 consilia,
2103 2633 2177 2692 ut
2233 2627 2319 2692 sit
2383 2634 2663 2710 utroque
2723 2649 2921 2712 repu-

629 2737 808 2801 diato
855 2737 1120 2801 tertium
1168 2756 1246 2800 ac
1292 2735 1576 2800 medium
1624 2737 1838 2818 sequi,
1895 2735 2178 2800 absurde
2224 2735 2481 2815 dicitur,
2538 2736 2921 2820 frustraque

628 2844 1198 2910 Drakenborchius
1265 2851 1331 2908 et
1397 2843 1961 2908 Weissenbornius
2029 2844 2354 2909 advocant
2420 2844 2739 2909 eiusmodi
2815 2867 2925 2908 ex-

625 2955 866 3038 empla,
915 2955 1108 3037 quale
1156 2960 1283 3017 est:
1353 2973 1478 3034 per
1533 2953 1832 3017 medios
1876 2953 2226 3018 Thraces
2271 2954 2416 3034 ire3
2475 2951 2683 3015 simile
2729 2957 2923 3028 esset,

626 3065 679 3128 si
746 3065 923 3146 quis:
1008 3063 1212 3126 luter
1289 3062 1590 3126 medios
1661 3060 2105 3145 Campanos
2183 3084 2269 3126 ac
2338 3063 2729 3126 Romanos
2803 3062 2923 3124 ire

623 3174 912 3252 dixisset,
981 3179 1054 3236 ut
1099 3178 1268 3236 esset
1312 3171 1593 3235 medium
1639 3171 1752 3249 ire,
1811 3176 2077 3234 neutros
2125 3171 2582 3252 attingentem3
2640 3191 2761 3233 nec
2812 3192 2921 3233 ex-

623 3282 946 3346 cusationi
993 3279 1253 3358 sufficit,
1300 3280 1476 3361 quod
1513 3279 1742 3356 XXIV,
1792 3284 1889 3356 26,
1942 3283 2015 3340 13
2063 3278 2304 3361 legitur
2348 3279 2563 3342 inter
2606 3278 2920 3343 medios

622 3397 744 3454 tot
803 3394 1149 3453 armatos
1205 3423 1291 3433 -—-
1345 3393 1813 3465 evaserunt,
1883 3386 1993 3450 ubi
2064 3387 2293 3451 mediae
2362 3385 2571 3450 turbae
2630 3387 2921 3452 immixti

622 3497 1090 3577 significantur.
1212 3497 1430 3560 Livius
1489 3501 1634 3573 aut,
1694 3494 1868 3578 quod
1914 3495 2254 3560 Perizonio
2314 3495 2590 3578 placuit,
2648 3496 2922 3560 medio

619 3607 897 3689 lapsos
943 3605 1206 3688 scripsit
1251 3611 1369 3668 aut
1412 3604 1657 3687 potius:
1727 3604 1946 3668 inter
1991 3625 2158 3686 quae
2203 3625 2280 3667 se
2328 3602 2587 3668 media
2631 3603 2925 3686 lapsos

619 3713 735 3775 vla
810 3714 1178 3778 victoriae
1259 3713 1865 3794 possessionem
1935 3718 2055 3776 cet.
2167 3711 2367 3776 Error
2432 3733 2629 3794 quam
2696 3710 2923 3776 facilis

619 3822 816 3886 fuerit
883 3820 984 3900 (ut
1049 3823 1175 3885 via
1231 3827 1382 3885 ante
1441 3821 1512 3884 vi
1569 3820 1953 3902 excideret),
2026 3827 2316 3903 apparet.
2431 3819 2648 3902 [Quod
2720 3821 2922 3885 video

622 3930 1059 3993 coniectatum
1105 3929 1365 3994 medio
1413 3937 1672 4012 capt0‚
1728 3951 1956 4012 neque,
2017 3949 2146 4010 quo
2193 3950 2314 3992 usu
2359 3927 2668 4011 loquendi
2715 3926 2921 3993 abso-

619 4038 754 4102 lute
812 4038 1067 4103 dicatur
1123 4038 1464 4102 medium
1513 4059 1826 4120 capere,
1887 4038 2054 4115 sci0,
2114 4057 2351 4119 neque,
2408 4057 2520 4100 our
2565 4058 2692 4100 non
2741 4040 2919 4101 satis

674 4311 718 4377 ¹)
755 4310 820 4362 In
868 4310 1012 4362 libro
1061 4315 1250 4364 tamen
1294 4310 1398 4375 111,
1452 4313 1543 4377 24,
1602 4314 1627 4362 1
1667 4310 1960 4379 genetivus
2007 4327 2120 4363 non
2165 4327 2199 4362 a
2241 4309 2409 4362 verbo
2447 4307 2681 4375 pendet,
2737 4307 2846 4362 sed
2887 4326 2921 4361 a

755 4396 855 4449 fru
871 4395 1236 4448 strationis
1274 4396 1513 4462 nomine,
1552 4397 1608 4449 in
1646 4413 1754 4464 quo
1792 4397 1941 4450 inest
1976 4394 2197 4449 artificii
2233 4400 2290 4448 et
2324 4392 2683 4449 instrumenti
2713 4394 2921 4463 noti03

754 4482 851 4540 cfr.
891 4481 1016 4536 adn.
1055 4481 1126 4535 ad
1164 4481 1274 4536 Cic.
1313 4482 1434 4536 Fin.
1471 4500 1522 4553 p.
1560 4484 1642 4536 72.
