<?xml version="1.0" encoding="UTF-8"?>
<!DOCTYPE html PUBLIC "-//W3C//DTD XHTML 1.0 Transitional//EN"
    "http://www.w3.org/TR/xhtml1/DTD/xhtml1-transitional.dtd">
<html xmlns="http://www.w3.org/1999/xhtml" xml:lang="en" lang="en">
 <head>
  <title>
</title>
<meta http-equiv="Content-Type" content="text/html;charset=utf-8" />
  <meta name='ocr-system' content='tesseract 3.04.00' />
  <meta name='ocr-capabilities' content='ocr_page ocr_carea ocr_par ocr_line ocrx_word'/>
</head>
<body>
  <div class='ocr_page' id='page_1' title='image "./emendationesliv03madvgoog_0132.png"; bbox 0 0 3230 5282; ppageno 0'>
   <div class='ocr_carea' id='block_1_1' title="bbox 525 622 1749 688">
    <p class='ocr_par' dir='ltr' id='par_1_1' title="bbox 525 622 1749 688">
     <span class='ocr_line' id='line_1_1' title="bbox 525 622 1749 688; baseline -0.005 0"><span class='ocrx_word' id='word_1_1' title='bbox 525 632 651 688; x_wconf 86' lang='lat' dir='ltr'><strong>Lib.</strong></span> <span class='ocrx_word' id='word_1_2' title='bbox 687 632 780 687; x_wconf 78' lang='lat' dir='ltr'>IV.</span> <span class='ocrx_word' id='word_1_3' title='bbox 1627 622 1749 683; x_wconf 77' lang='lat'>122</span> 
     </span>
    </p>
   </div>
   <div class='ocr_carea' id='block_1_2' title="bbox 354 804 2858 3280">
    <p class='ocr_par' dir='ltr' id='par_1_2' title="bbox 354 804 2858 3280">
     <span class='ocr_line' id='line_1_2' title="bbox 526 804 2840 892; baseline -0.001 -21"><span class='ocrx_word' id='word_1_4' title='bbox 526 805 609 872; x_wconf 89' lang='lat' dir='ltr'>de</span> <span class='ocrx_word' id='word_1_5' title='bbox 675 806 759 870; x_wconf 90' lang='lat' dir='ltr'>iis</span> <span class='ocrx_word' id='word_1_6' title='bbox 816 804 1011 884; x_wconf 90' lang='lat' dir='ltr'>locis,</span> <span class='ocrx_word' id='word_1_7' title='bbox 1077 806 1147 869; x_wconf 91' lang='lat' dir='ltr'>in</span> <span class='ocrx_word' id='word_1_8' title='bbox 1203 806 1444 890; x_wconf 91' lang='lat' dir='ltr'>quibus</span> <span class='ocrx_word' id='word_1_9' title='bbox 1501 807 1802 890; x_wconf 81' lang='lat' dir='ltr'>possit,</span> <span class='ocrx_word' id='word_1_10' title='bbox 1868 814 2164 891; x_wconf 91' lang='lat' dir='ltr'>posset</span> <span class='ocrx_word' id='word_1_11' title='bbox 2221 806 2624 892; x_wconf 84' lang='lat' dir='ltr'>similiaque,</span> <span class='ocrx_word' id='word_1_12' title='bbox 2692 824 2840 887; x_wconf 81' lang='lat' dir='ltr'>quse</span> 
     </span>
     <span class='ocr_line' id='line_1_3' title="bbox 529 910 2844 999; baseline -0.001 -21"><span class='ocrx_word' id='word_1_13' title='bbox 529 934 665 979; x_wconf 90' lang='lat' dir='ltr'>una</span> <span class='ocrx_word' id='word_1_14' title='bbox 716 913 947 979; x_wconf 89' lang='lat' dir='ltr'>littera</span> <span class='ocrx_word' id='word_1_15' title='bbox 991 913 1274 993; x_wconf 86' lang='lat' dir='ltr'>distant,</span> <span class='ocrx_word' id='word_1_16' title='bbox 1331 921 1821 999; x_wconf 80' lang='lat' dir='ltr'>permutantur,</span> <span class='ocrx_word' id='word_1_17' title='bbox 1877 916 2149 982; x_wconf 91' lang='lat' dir='ltr'>liberius</span> <span class='ocrx_word' id='word_1_18' title='bbox 2191 916 2579 982; x_wconf 89' lang='lat' dir='ltr'>iudicemus.</span> <span class='ocrx_word' id='word_1_19' title='bbox 2679 911 2764 995; x_wconf 90' lang='grc' dir='ltr'>(Ο</span> <span class='ocrx_word' id='word_1_20' title='bbox 2777 910 2844 975; x_wconf 85' lang='lat' dir='ltr'>f-</span> 
     </span>
     <span class='ocr_line' id='line_1_4' title="bbox 527 1018 2845 1109; baseline -0.001 -22"><span class='ocrx_word' id='word_1_21' title='bbox 527 1020 892 1087; x_wconf 85' lang='lat' dir='ltr'>fenderit</span> <span class='ocrx_word' id='word_1_22' title='bbox 956 1041 1078 1106; x_wconf 90' lang='lat' dir='ltr'>pro</span> <span class='ocrx_word' id='word_1_23' title='bbox 1147 1018 1625 1088; x_wconf 82' lang='lat' dir='ltr'>offenderet</span> <span class='ocrx_word' id='word_1_24' title='bbox 1691 1025 2010 1109; x_wconf 90' lang='lat' dir='ltr'>scriptum</span> <span class='ocrx_word' id='word_1_25' title='bbox 2064 1025 2387 1091; x_wconf 87' lang='lat' dir='ltr'>hactenus</span> <span class='ocrx_word' id='word_1_26' title='bbox 2443 1023 2568 1089; x_wconf 77' lang='lat' dir='ltr'>fuit</span> <span class='ocrx_word' id='word_1_27' title='bbox 2620 1020 2715 1101; x_wconf 93' lang='lat'>11,</span> <span class='ocrx_word' id='word_1_28' title='bbox 2785 1025 2845 1100; x_wconf 79' lang='lat'>2,</span> 
     </span>
     <span class='ocr_line' id='line_1_5' title="bbox 531 1127 2843 1216; baseline 0 -23"><span class='ocrx_word' id='word_1_29' title='bbox 531 1128 693 1212; x_wconf 84' lang='lat'><strong>3.)¹)</strong></span> <span class='ocrx_word' id='word_1_30' title='bbox 796 1127 1105 1212; x_wconf 83' lang='lat' dir='ltr'>[Prorsus</span> <span class='ocrx_word' id='word_1_31' title='bbox 1151 1130 1444 1196; x_wconf 89' lang='lat' dir='ltr'>eiusdem</span> <span class='ocrx_word' id='word_1_32' title='bbox 1488 1133 1747 1214; x_wconf 87' lang='lat' dir='ltr'>generis</span> <span class='ocrx_word' id='word_1_33' title='bbox 1793 1140 1912 1213; x_wconf 92' lang='lat' dir='ltr'>est,</span> <span class='ocrx_word' id='word_1_34' title='bbox 1972 1132 2154 1216; x_wconf 93' lang='lat' dir='ltr'>quod</span> <span class='ocrx_word' id='word_1_35' title='bbox 2199 1153 2253 1197; x_wconf 92' lang='lat' dir='ltr'>c.</span> <span class='ocrx_word' id='word_1_36' title='bbox 2300 1136 2403 1213; x_wconf 83' lang='lat'>20,</span> <span class='ocrx_word' id='word_1_37' title='bbox 2459 1137 2513 1197; x_wconf 56' lang='lat'>9³</span> <span class='ocrx_word' id='word_1_38' title='bbox 2545 1129 2631 1196; x_wconf 90' lang='lat' dir='ltr'>ad</span> <span class='ocrx_word' id='word_1_39' title='bbox 2673 1130 2843 1195; x_wconf 86' lang='lat' dir='ltr'>haec:</span> 
     </span>
     <span class='ocr_line' id='line_1_6' title="bbox 527 1236 2846 1325; baseline -0 -22"><span class='ocrx_word' id='word_1_40' title='bbox 527 1258 700 1303; x_wconf 86' lang='lat' dir='ltr'>nam</span> <span class='ocrx_word' id='word_1_41' title='bbox 768 1238 1018 1303; x_wconf 88' lang='lat' dir='ltr'>etiam</span> <span class='ocrx_word' id='word_1_42' title='bbox 1083 1236 1291 1303; x_wconf 84' lang='lat' dir='ltr'>illud</span> <span class='ocrx_word' id='word_1_43' title='bbox 1358 1239 1706 1320; x_wconf 80' lang='lat' dir='ltr'>accedit,</span> <span class='ocrx_word' id='word_1_44' title='bbox 1774 1262 1871 1306; x_wconf 96' lang='lat' dir='ltr'>ne</span> <span class='ocrx_word' id='word_1_45' title='bbox 1935 1248 2096 1307; x_wconf 91' lang='lat' dir='ltr'>tam</span> <span class='ocrx_word' id='word_1_46' title='bbox 2163 1241 2390 1307; x_wconf 87' lang='lat' dir='ltr'>clara</span> <span class='ocrx_word' id='word_1_47' title='bbox 2444 1260 2711 1325; x_wconf 87' lang='lat' dir='ltr'>pugna</span> <span class='ocrx_word' id='word_1_48' title='bbox 2764 1239 2846 1303; x_wconf 92' lang='lat' dir='ltr'>in</span> 
     </span>
     <span class='ocr_line' id='line_1_7' title="bbox 526 1345 2836 1432; baseline -0 -20"><span class='ocrx_word' id='word_1_49' title='bbox 526 1367 698 1412; x_wconf 89' lang='lat' dir='ltr'>eum</span> <span class='ocrx_word' id='word_1_50' title='bbox 743 1367 1032 1411; x_wconf 85' lang='lat' dir='ltr'>annum</span> <span class='ocrx_word' id='word_1_51' title='bbox 1075 1345 1518 1412; x_wconf 75' lang='lat' dir='ltr'>transferri</span> <span class='ocrx_word' id='word_1_52' title='bbox 1563 1357 1840 1432; x_wconf 80' lang='lat' dir='ltr'>posset</span> <span class='ocrx_word' id='word_1_53' title='bbox 1873 1349 2301 1416; x_wconf 77' lang='lat' dir='ltr'>adscribitur:</span> <span class='ocrx_word' id='word_1_54' title='bbox 2353 1347 2836 1430; x_wconf 77' lang='lat' dir='ltr'>„conditionalt</span> 
     </span>
     <span class='ocr_line' id='line_1_8' title="bbox 526 1454 2846 1525; baseline 0.001 -6"><span class='ocrx_word' id='word_1_55' title='bbox 526 1475 710 1519; x_wconf 88' lang='lat' dir='ltr'>wenn</span> <span class='ocrx_word' id='word_1_56' title='bbox 777 1475 930 1520; x_wconf 88' lang='lat' dir='ltr'>man</span> <span class='ocrx_word' id='word_1_57' title='bbox 998 1461 1182 1520; x_wconf 88' lang='lat' dir='ltr'>sonst</span> <span class='ocrx_word' id='word_1_58' title='bbox 1247 1454 1464 1521; x_wconf 85' lang='lat' dir='ltr'>diirfte</span> <span class='ocrx_word' id='word_1_59' title='bbox 1510 1456 1671 1522; x_wconf 93' lang='lat' dir='ltr'>oder</span> <span class='ocrx_word' id='word_1_60' title='bbox 1711 1458 1987 1524; x_wconf 83' lang='lat' dir='ltr'>wollte.“</span> <span class='ocrx_word' id='word_1_61' title='bbox 2103 1455 2237 1523; x_wconf 87' lang='lat' dir='ltr'>Cur</span> <span class='ocrx_word' id='word_1_62' title='bbox 2280 1480 2415 1525; x_wconf 93' lang='lat' dir='ltr'>non</span> <span class='ocrx_word' id='word_1_63' title='bbox 2457 1456 2846 1523; x_wconf 84' lang='lat' dir='ltr'>Germanice</span> 
     </span>
     <span class='ocr_line' id='line_1_9' title="bbox 527 1561 2847 1647; baseline 0.001 -21"><span class='ocrx_word' id='word_1_64' title='bbox 527 1562 832 1627; x_wconf 85' lang='lat' dir='ltr'>vertitur:</span> <span class='ocrx_word' id='word_1_65' title='bbox 908 1562 1036 1641; x_wconf 89' lang='lat' dir='ltr'>„Es</span> <span class='ocrx_word' id='word_1_66' title='bbox 1082 1561 1335 1628; x_wconf 89' lang='lat' dir='ltr'>kommt</span> <span class='ocrx_word' id='word_1_67' title='bbox 1378 1564 1486 1629; x_wconf 88' lang='lat' dir='ltr'>ein</span> <span class='ocrx_word' id='word_1_68' title='bbox 1532 1566 1813 1631; x_wconf 91' lang='lat' dir='ltr'>anderer</span> <span class='ocrx_word' id='word_1_69' title='bbox 1858 1566 2119 1647; x_wconf 91' lang='lat' dir='ltr'>Grund,</span> <span class='ocrx_word' id='word_1_70' title='bbox 2173 1588 2421 1632; x_wconf 88' lang='lat' dir='ltr'>warum</span> <span class='ocrx_word' id='word_1_71' title='bbox 2464 1586 2617 1630; x_wconf 88' lang='lat' dir='ltr'>man</span> <span class='ocrx_word' id='word_1_72' title='bbox 2659 1564 2847 1629; x_wconf 92' lang='lat' dir='ltr'>nicht</span> 
     </span>
     <span class='ocr_line' id='line_1_10' title="bbox 528 1670 2835 1760; baseline 0 -24"><span class='ocrx_word' id='word_1_73' title='bbox 528 1670 858 1736; x_wconf 70' lang='lat' dir='ltr'>konnte‘?“</span> <span class='ocrx_word' id='word_1_74' title='bbox 919 1670 1147 1737; x_wconf 92' lang='lat' dir='ltr'>Pudor</span> <span class='ocrx_word' id='word_1_75' title='bbox 1192 1672 1439 1752; x_wconf 87' lang='lat' dir='ltr'>obstat,</span> <span class='ocrx_word' id='word_1_76' title='bbox 1484 1695 1567 1737; x_wconf 92' lang='lat' dir='ltr'>ne</span> <span class='ocrx_word' id='word_1_77' title='bbox 1612 1674 1778 1740; x_wconf 89' lang='lat' dir='ltr'>talia</span> <span class='ocrx_word' id='word_1_78' title='bbox 1820 1674 2101 1741; x_wconf 82' lang='lat' dir='ltr'>refutari</span> <span class='ocrx_word' id='word_1_79' title='bbox 2144 1679 2511 1760; x_wconf 80' lang='lat' dir='ltr'>possent.</span> <span class='ocrx_word' id='word_1_80' title='bbox 2602 1672 2835 1756; x_wconf 89' lang='lat' dir='ltr'>Itaque</span> 
     </span>
     <span class='ocr_line' id='line_1_11' title="bbox 530 1760 2858 1865; baseline 0.001 -22"><span class='ocrx_word' id='word_1_81' title='bbox 530 1777 708 1861; x_wconf 91' lang='lat' dir='ltr'>(cum</span> <span class='ocrx_word' id='word_1_82' title='bbox 751 1778 905 1845; x_wconf 87' lang='lat' dir='ltr'>Lov.</span> <span class='ocrx_word' id='word_1_83' title='bbox 954 1779 1023 1862; x_wconf 81' lang='lat'>2)</span> <span class='ocrx_word' id='word_1_84' title='bbox 1070 1780 1308 1864; x_wconf 83' lang='lat' dir='ltr'>scripsi</span> <span class='ocrx_word' id='word_1_85' title='bbox 1352 1780 1673 1865; x_wconf 65' lang='lat' dir='ltr'>possit]</span> <span class='ocrx_word' id='word_1_86' title='bbox 2848 1760 2858 1772; x_wconf 57' lang='grc'><strong>’</strong></span> 
     </span>
     <span class='ocr_line' id='line_1_12' title="bbox 354 1884 2845 1975; baseline 0.002 -26"><span class='ocrx_word' id='word_1_87' title='bbox 354 1894 499 1963; x_wconf 78' lang='lat'>(102)</span> <span class='ocrx_word' id='word_1_88' title='bbox 709 1884 865 1972; x_wconf 86' lang='lat' dir='ltr'>Cap.</span> <span class='ocrx_word' id='word_1_89' title='bbox 913 1892 1026 1968; x_wconf 86' lang='lat'>41,</span> <span class='ocrx_word' id='word_1_90' title='bbox 1095 1892 1132 1952; x_wconf 87' lang='lat'><strong>3</strong></span> <span class='ocrx_word' id='word_1_91' title='bbox 1189 1887 1284 1970; x_wconf 89' lang='lat' dir='ltr'>(in</span> <span class='ocrx_word' id='word_1_92' title='bbox 1330 1887 1392 1954; x_wconf 88' lang='lat' dir='ltr'>S.</span> <span class='ocrx_word' id='word_1_93' title='bbox 1440 1889 1811 1973; x_wconf 90' lang='lat' dir='ltr'>Tempanii‚</span> <span class='ocrx_word' id='word_1_94' title='bbox 1882 1891 2254 1957; x_wconf 89' lang='lat' dir='ltr'>decurionis</span> <span class='ocrx_word' id='word_1_95' title='bbox 2299 1892 2628 1975; x_wconf 89' lang='lat' dir='ltr'>equitum,</span> <span class='ocrx_word' id='word_1_96' title='bbox 2697 1911 2845 1956; x_wconf 88' lang='lat' dir='ltr'>ora-</span> 
     </span>
     <span class='ocr_line' id='line_1_13' title="bbox 532 1995 2841 2082; baseline -0 -20"><span class='ocrx_word' id='word_1_97' title='bbox 532 1996 748 2076; x_wconf 90' lang='lat' dir='ltr'>tione,</span> <span class='ocrx_word' id='word_1_98' title='bbox 817 2018 1019 2081; x_wconf 89' lang='lat' dir='ltr'>quum</span> <span class='ocrx_word' id='word_1_99' title='bbox 1078 1996 1395 2063; x_wconf 86' lang='lat' dir='ltr'>adversus</span> <span class='ocrx_word' id='word_1_100' title='bbox 1459 1995 1530 2062; x_wconf 81' lang='lat' dir='ltr'>O.</span> <span class='ocrx_word' id='word_1_101' title='bbox 1581 1996 2044 2082; x_wconf 89' lang='lat' dir='ltr'>Sempronium</span> <span class='ocrx_word' id='word_1_102' title='bbox 2098 2000 2253 2064; x_wconf 90' lang='lat' dir='ltr'>tetis</span> <span class='ocrx_word' id='word_1_103' title='bbox 2310 2000 2557 2064; x_wconf 88' lang='lat' dir='ltr'>citatus</span> <span class='ocrx_word' id='word_1_104' title='bbox 2603 1997 2841 2079; x_wconf 89' lang='lat' dir='ltr'>esset):</span> 
     </span>
     <span class='ocr_line' id='line_1_14' title="bbox 532 2103 2842 2190; baseline 0.001 -23"><span class='ocrx_word' id='word_1_105' title='bbox 532 2103 824 2188; x_wconf 88' lang='lat' dir='ltr'>Itaque</span> <span class='ocrx_word' id='word_1_106' title='bbox 881 2125 973 2168; x_wconf 92' lang='lat' dir='ltr'>ne</span> <span class='ocrx_word' id='word_1_107' title='bbox 1031 2105 1127 2170; x_wconf 86' lang='lat' dir='ltr'>ab</span> <span class='ocrx_word' id='word_1_108' title='bbox 1187 2126 1270 2170; x_wconf 90' lang='lat' dir='ltr'>se</span> <span class='ocrx_word' id='word_1_109' title='bbox 1328 2107 1866 2190; x_wconf 85' lang='lat' dir='ltr'>imperatoria</span> <span class='ocrx_word' id='word_1_110' title='bbox 1921 2107 2283 2174; x_wconf 89' lang='lat' dir='ltr'>consilia</span> <span class='ocrx_word' id='word_1_111' title='bbox 2337 2128 2492 2172; x_wconf 89' lang='lat' dir='ltr'>neu</span> <span class='ocrx_word' id='word_1_112' title='bbox 2547 2127 2842 2171; x_wconf 88' lang='lat' dir='ltr'>consu-</span> 
     </span>
     <span class='ocr_line' id='line_1_15' title="bbox 532 2212 2845 2299; baseline 0.001 -23"><span class='ocrx_word' id='word_1_113' title='bbox 532 2212 751 2276; x_wconf 87' lang='lat' dir='ltr'>lares</span> <span class='ocrx_word' id='word_1_114' title='bbox 819 2218 1047 2277; x_wconf 89' lang='lat' dir='ltr'>artes</span> <span class='ocrx_word' id='word_1_115' title='bbox 1115 2214 1679 2296; x_wconf 85' lang='lat' dir='ltr'>exquirerent,</span> <span class='ocrx_word' id='word_1_116' title='bbox 1760 2235 1932 2299; x_wconf 85' lang='lat' dir='ltr'>quae</span> <span class='ocrx_word' id='word_1_117' title='bbox 1987 2214 2486 2298; x_wconf 82' lang='lat' dir='ltr'>pensitanda</span> <span class='ocrx_word' id='word_1_118' title='bbox 2530 2235 2845 2298; x_wconf 89' lang='lat' dir='ltr'>quoque</span> 
     </span>
     <span class='ocr_line' id='line_1_16' title="bbox 531 2321 2845 2405; baseline 0.001 -21"><span class='ocrx_word' id='word_1_119' title='bbox 531 2321 844 2401; x_wconf 86' lang='lat' dir='ltr'>magnis</span> <span class='ocrx_word' id='word_1_120' title='bbox 922 2321 1213 2386; x_wconf 90' lang='lat' dir='ltr'>animis</span> <span class='ocrx_word' id='word_1_121' title='bbox 1294 2329 1538 2404; x_wconf 89' lang='lat' dir='ltr'>atque</span> <span class='ocrx_word' id='word_1_122' title='bbox 1604 2323 1963 2405; x_wconf 86' lang='lat' dir='ltr'>ingeniis</span> <span class='ocrx_word' id='word_1_123' title='bbox 2030 2329 2324 2389; x_wconf 89' lang='lat' dir='ltr'>essent.</span> <span class='ocrx_word' id='word_1_124' title='bbox 2446 2322 2845 2387; x_wconf 88' lang='lat' dir='ltr'>Particulam</span> 
     </span>
     <span class='ocr_line' id='line_1_17' title="bbox 534 2429 2844 2512; baseline 0.002 -21"><span class='ocrx_word' id='word_1_125' title='bbox 534 2448 848 2512; x_wconf 89' lang='lat' dir='ltr'>quoque</span> <span class='ocrx_word' id='word_1_126' title='bbox 905 2449 1038 2494; x_wconf 87' lang='lat' dir='ltr'>non</span> <span class='ocrx_word' id='word_1_127' title='bbox 1094 2436 1274 2493; x_wconf 90' lang='lat' dir='ltr'>recte</span> <span class='ocrx_word' id='word_1_128' title='bbox 1321 2431 1607 2512; x_wconf 86' lang='lat' dir='ltr'>positam</span> <span class='ocrx_word' id='word_1_129' title='bbox 1653 2452 1828 2511; x_wconf 90' lang='lat' dir='ltr'>esse,</span> <span class='ocrx_word' id='word_1_130' title='bbox 1892 2431 1965 2495; x_wconf 90' lang='lat' dir='ltr'>F.</span> <span class='ocrx_word' id='word_1_131' title='bbox 2012 2430 2112 2495; x_wconf 89' lang='lat' dir='ltr'>W.</span> <span class='ocrx_word' id='word_1_132' title='bbox 2159 2431 2424 2496; x_wconf 88' lang='lat' dir='ltr'>Reizius</span> <span class='ocrx_word' id='word_1_133' title='bbox 2471 2429 2684 2512; x_wconf 88' lang='lat' dir='ltr'>(cuius</span> <span class='ocrx_word' id='word_1_134' title='bbox 2728 2452 2844 2501; x_wconf 89' lang='lat' dir='ltr'>no-</span> 
     </span>
     <span class='ocr_line' id='line_1_18' title="bbox 531 2535 2844 2623; baseline 0.001 -22"><span class='ocrx_word' id='word_1_135' title='bbox 531 2535 688 2601; x_wconf 82' lang='lat' dir='ltr'>tulae</span> <span class='ocrx_word' id='word_1_136' title='bbox 755 2535 1012 2618; x_wconf 85' lang='lat' dir='ltr'>aliquot</span> <span class='ocrx_word' id='word_1_137' title='bbox 1073 2537 1361 2603; x_wconf 86' lang='lat' dir='ltr'>Livianae</span> <span class='ocrx_word' id='word_1_138' title='bbox 1428 2545 1583 2604; x_wconf 90' lang='lat' dir='ltr'>ante</span> <span class='ocrx_word' id='word_1_139' title='bbox 1640 2539 1896 2623; x_wconf 82' lang='lat' dir='ltr'>aliquot</span> <span class='ocrx_word' id='word_1_140' title='bbox 1951 2560 2158 2605; x_wconf 88' lang='lat' dir='ltr'>annos</span> <span class='ocrx_word' id='word_1_141' title='bbox 2215 2540 2299 2604; x_wconf 89' lang='lat' dir='ltr'>ab</span> <span class='ocrx_word' id='word_1_142' title='bbox 2356 2538 2650 2623; x_wconf 88' lang='lat' dir='ltr'>Hauptio</span> <span class='ocrx_word' id='word_1_143' title='bbox 2704 2538 2844 2603; x_wconf 80' lang='lat' dir='ltr'>vul—</span> 
     </span>
     <span class='ocr_line' id='line_1_19' title="bbox 531 2645 2843 2730; baseline 0.001 -20"><span class='ocrx_word' id='word_1_144' title='bbox 531 2651 703 2728; x_wconf 75' lang='lat' dir='ltr'>gatae</span> <span class='ocrx_word' id='word_1_145' title='bbox 750 2645 929 2727; x_wconf 90' lang='lat' dir='ltr'>sunt)</span> <span class='ocrx_word' id='word_1_146' title='bbox 975 2646 1167 2726; x_wconf 79' lang='lat' dir='ltr'>vidit,</span> <span class='ocrx_word' id='word_1_147' title='bbox 1225 2668 1437 2730; x_wconf 90' lang='lat' dir='ltr'>neque</span> <span class='ocrx_word' id='word_1_148' title='bbox 1483 2647 2056 2715; x_wconf 88' lang='lat' dir='ltr'>Weissenbornius</span> <span class='ocrx_word' id='word_1_149' title='bbox 2104 2653 2337 2714; x_wconf 90' lang='lat' dir='ltr'>contra</span> <span class='ocrx_word' id='word_1_150' title='bbox 2381 2648 2599 2713; x_wconf 91' lang='lat' dir='ltr'>dicere</span> <span class='ocrx_word' id='word_1_151' title='bbox 2644 2648 2843 2713; x_wconf 90' lang='lat' dir='ltr'>susti-</span> 
     </span>
     <span class='ocr_line' id='line_1_20' title="bbox 532 2755 2845 2836; baseline -0 -16"><span class='ocrx_word' id='word_1_152' title='bbox 532 2756 696 2821; x_wconf 80' lang='lat' dir='ltr'>nuit.</span> <span class='ocrx_word' id='word_1_153' title='bbox 810 2755 940 2822; x_wconf 87' lang='lat' dir='ltr'>Sed</span> <span class='ocrx_word' id='word_1_154' title='bbox 1005 2761 1190 2822; x_wconf 91' lang='lat' dir='ltr'>totus</span> <span class='ocrx_word' id='word_1_155' title='bbox 1258 2756 1610 2821; x_wconf 76' lang='lat' dir='ltr'>verborum</span> <span class='ocrx_word' id='word_1_156' title='bbox 1677 2757 1836 2823; x_wconf 89' lang='lat' dir='ltr'>ordo</span> <span class='ocrx_word' id='word_1_157' title='bbox 1904 2756 2260 2822; x_wconf 91' lang='lat' dir='ltr'>mutandus</span> <span class='ocrx_word' id='word_1_158' title='bbox 2327 2763 2500 2836; x_wconf 88' lang='lat' dir='ltr'>erat,</span> <span class='ocrx_word' id='word_1_159' title='bbox 2569 2758 2626 2821; x_wconf 93' lang='lat' dir='ltr'>si</span> <span class='ocrx_word' id='word_1_160' title='bbox 2680 2756 2845 2820; x_wconf 87' lang='lat' dir='ltr'>nihil</span> 
     </span>
     <span class='ocr_line' id='line_1_21' title="bbox 532 2862 2844 2949; baseline 0 -20"><span class='ocrx_word' id='word_1_161' title='bbox 532 2862 717 2929; x_wconf 90' lang='lat' dir='ltr'>aliud</span> <span class='ocrx_word' id='word_1_162' title='bbox 772 2864 915 2929; x_wconf 80' lang='lat' dir='ltr'>vitii</span> <span class='ocrx_word' id='word_1_163' title='bbox 971 2871 1173 2930; x_wconf 87' lang='lat' dir='ltr'>esset:</span> <span class='ocrx_word' id='word_1_164' title='bbox 1243 2887 1412 2949; x_wconf 84' lang='lat' dir='ltr'>quae</span> <span class='ocrx_word' id='word_1_165' title='bbox 1477 2866 1792 2947; x_wconf 88' lang='lat' dir='ltr'>magnis</span> <span class='ocrx_word' id='word_1_166' title='bbox 1861 2886 2185 2949; x_wconf 90' lang='lat' dir='ltr'>quoque</span> <span class='ocrx_word' id='word_1_167' title='bbox 2252 2866 2542 2930; x_wconf 88' lang='lat' dir='ltr'>animis</span> <span class='ocrx_word' id='word_1_168' title='bbox 2598 2871 2844 2946; x_wconf 88' lang='lat' dir='ltr'>atque</span> 
     </span>
     <span class='ocr_line' id='line_1_22' title="bbox 532 2971 2843 3057; baseline 0 -21"><span class='ocrx_word' id='word_1_169' title='bbox 532 2972 892 3055; x_wconf 83' lang='lat' dir='ltr'>ingeniis</span> <span class='ocrx_word' id='word_1_170' title='bbox 960 2973 1454 3057; x_wconf 82' lang='lat' dir='ltr'>pensitanda</span> <span class='ocrx_word' id='word_1_171' title='bbox 1521 2980 1792 3038; x_wconf 88' lang='lat' dir='ltr'>essent</span> <span class='ocrx_word' id='word_1_172' title='bbox 1861 2972 2073 3055; x_wconf 30' lang='lat' dir='ltr'>(nonz‘</span> <span class='ocrx_word' id='word_1_173' title='bbox 2117 2994 2285 3056; x_wconf 74' lang='lat' dir='ltr'>quse</span> <span class='ocrx_word' id='word_1_174' title='bbox 2352 2971 2843 3057; x_wconf 88' lang='lat' dir='ltr'>pensitanda</span> 
     </span>
     <span class='ocr_line' id='line_1_23' title="bbox 530 3080 2842 3167; baseline -0 -22"><span class='ocrx_word' id='word_1_175' title='bbox 530 3081 841 3163; x_wconf 87' lang='lat' dir='ltr'>magnis</span> <span class='ocrx_word' id='word_1_176' title='bbox 910 3080 1271 3167; x_wconf 88' lang='lat' dir='ltr'>quoque).</span> <span class='ocrx_word' id='word_1_177' title='bbox 1393 3081 1523 3147; x_wconf 89' lang='lat' dir='ltr'>Sed</span> <span class='ocrx_word' id='word_1_178' title='bbox 1599 3102 1814 3163; x_wconf 90' lang='lat' dir='ltr'>neque</span> <span class='ocrx_word' id='word_1_179' title='bbox 1892 3082 2317 3166; x_wconf 89' lang='lat' dir='ltr'>pensitare</span> <span class='ocrx_word' id='word_1_180' title='bbox 2397 3102 2518 3165; x_wconf 92' lang='lat' dir='ltr'>per</span> <span class='ocrx_word' id='word_1_181' title='bbox 2583 3101 2654 3146; x_wconf 89' lang='lat' dir='ltr'>se</span> <span class='ocrx_word' id='word_1_182' title='bbox 2719 3087 2842 3158; x_wconf 88' lang='lat' dir='ltr'>est,</span> 
     </span>
     <span class='ocr_line' id='line_1_24' title="bbox 534 3188 2843 3280; baseline -0 -26"><span class='ocrx_word' id='word_1_183' title='bbox 534 3190 862 3272; x_wconf 89' lang='lat' dir='ltr'>quomodo</span> <span class='ocrx_word' id='word_1_184' title='bbox 921 3196 1263 3280; x_wconf 75' lang='lat' dir='ltr'>enarrant,</span> <span class='ocrx_word' id='word_1_185' title='bbox 1332 3189 1686 3272; x_wconf 88' lang='lat' dir='ltr'>diligenter</span> <span class='ocrx_word' id='word_1_186' title='bbox 1744 3197 2009 3273; x_wconf 89' lang='lat' dir='ltr'>sumpto</span> <span class='ocrx_word' id='word_1_187' title='bbox 2055 3196 2355 3274; x_wconf 89' lang='lat' dir='ltr'>tempore</span> <span class='ocrx_word' id='word_1_188' title='bbox 2401 3188 2843 3267; x_wconf 88' lang='lat' dir='ltr'>considerare,</span> 
     </span>
    </p>
   </div>
   <div class='ocr_carea' id='block_1_3' title="bbox 589 3461 2847 4558">
    <p class='ocr_par' dir='ltr' id='par_1_3' title="bbox 589 3461 2847 4558">
     <span class='ocr_line' id='line_1_25' title="bbox 589 3461 2843 3532; baseline -0.001 -16"><span class='ocrx_word' id='word_1_189' title='bbox 589 3462 636 3528; x_wconf 89' lang='lat'>¹)</span> <span class='ocrx_word' id='word_1_190' title='bbox 672 3462 805 3532; x_wconf 87' lang='lat' dir='ltr'>Cap.</span> <span class='ocrx_word' id='word_1_191' title='bbox 843 3466 939 3530; x_wconf 82' lang='lat'>37,</span> <span class='ocrx_word' id='word_1_192' title='bbox 991 3465 1026 3517; x_wconf 89' lang='grc'>9</span> <span class='ocrx_word' id='word_1_193' title='bbox 1068 3462 1276 3517; x_wconf 68' lang='lat' dir='ltr'>trustra</span> <span class='ocrx_word' id='word_1_194' title='bbox 1320 3461 1561 3516; x_wconf 88' lang='lat' dir='ltr'>artificia</span> <span class='ocrx_word' id='word_1_195' title='bbox 1604 3461 1967 3527; x_wconf 86' lang='lat' dir='ltr'>adhibentur,</span> <span class='ocrx_word' id='word_1_196' title='bbox 2021 3467 2087 3516; x_wconf 87' lang='lat' dir='ltr'>ut</span> <span class='ocrx_word' id='word_1_197' title='bbox 2129 3462 2448 3516; x_wconf 86' lang='lat' dir='ltr'>occultetur</span> <span class='ocrx_word' id='word_1_198' title='bbox 2492 3466 2551 3516; x_wconf 91' lang='lat' dir='ltr'>et</span> <span class='ocrx_word' id='word_1_199' title='bbox 2594 3461 2843 3515; x_wconf 90' lang='lat' dir='ltr'>colorem</span> 
     </span>
     <span class='ocr_line' id='line_1_26' title="bbox 669 3544 2839 3617; baseline -0.001 -15"><span class='ocrx_word' id='word_1_200' title='bbox 669 3548 913 3617; x_wconf 87' lang='lat' dir='ltr'>aliquem</span> <span class='ocrx_word' id='word_1_201' title='bbox 956 3547 1200 3616; x_wconf 88' lang='lat' dir='ltr'>accipiat</span> <span class='ocrx_word' id='word_1_202' title='bbox 1241 3563 1357 3601; x_wconf 88' lang='lat' dir='ltr'>non</span> <span class='ocrx_word' id='word_1_203' title='bbox 1392 3547 1684 3616; x_wconf 81' lang='lat' dir='ltr'>inelegans</span> <span class='ocrx_word' id='word_1_204' title='bbox 1721 3547 1988 3602; x_wconf 81' lang='lat' dir='ltr'>vocabuli</span> <span class='ocrx_word' id='word_1_205' title='bbox 2022 3547 2315 3616; x_wconf 81' lang='lat' dir='ltr'>repetitiO,</span> <span class='ocrx_word' id='word_1_206' title='bbox 2370 3546 2470 3600; x_wconf 88' lang='lat' dir='ltr'>sed</span> <span class='ocrx_word' id='word_1_207' title='bbox 2513 3544 2677 3600; x_wconf 84' lang='lat' dir='ltr'>foeda</span> <span class='ocrx_word' id='word_1_208' title='bbox 2711 3563 2839 3599; x_wconf 90' lang='lat' dir='ltr'>sen·</span> 
     </span>
     <span class='ocr_line' id='line_1_27' title="bbox 668 3632 2843 3701; baseline -0.001 -13"><span class='ocrx_word' id='word_1_209' title='bbox 668 3634 865 3688; x_wconf 80' lang='lat' dir='ltr'>tontiae</span> <span class='ocrx_word' id='word_1_210' title='bbox 924 3638 984 3687; x_wconf 88' lang='lat' dir='ltr'>et</span> <span class='ocrx_word' id='word_1_211' title='bbox 1034 3633 1307 3687; x_wconf 88' lang='lat' dir='ltr'>orationis</span> <span class='ocrx_word' id='word_1_212' title='bbox 1363 3634 1726 3701; x_wconf 84' lang='lat' dir='ltr'>perversitas:</span> <span class='ocrx_word' id='word_1_213' title='bbox 1788 3633 2055 3687; x_wconf 88' lang='lat' dir='ltr'>clamor</span> <span class='ocrx_word' id='word_1_214' title='bbox 2088 3659 2158 3669; x_wconf 93' lang='lat'>—</span> <span class='ocrx_word' id='word_1_215' title='bbox 2194 3632 2554 3698; x_wconf 89' lang='lat' dir='ltr'>dissonus,</span> <span class='ocrx_word' id='word_1_216' title='bbox 2608 3632 2843 3701; x_wconf 85' lang='lat' dir='ltr'>impar,</span> 
     </span>
     <span class='ocr_line' id='line_1_28' title="bbox 670 3717 2845 3788; baseline -0 -16"><span class='ocrx_word' id='word_1_217' title='bbox 670 3718 953 3788; x_wconf 83' lang='lat' dir='ltr'>segnius</span> <span class='ocrx_word' id='word_1_218' title='bbox 1015 3733 1194 3788; x_wconf 79' lang='lat' dir='ltr'>saepe</span> <span class='ocrx_word' id='word_1_219' title='bbox 1247 3718 1546 3772; x_wconf 82' lang='lat' dir='ltr'>iteratus</span> <span class='ocrx_word' id='word_1_220' title='bbox 1599 3718 1871 3772; x_wconf 90' lang='lat' dir='ltr'>incerto</span> <span class='ocrx_word' id='word_1_221' title='bbox 1926 3717 2221 3773; x_wconf 88' lang='lat' dir='ltr'>clamore</span> <span class='ocrx_word' id='word_1_222' title='bbox 2274 3717 2597 3785; x_wconf 86' lang='lat' dir='ltr'>prodidit</span> <span class='ocrx_word' id='word_1_223' title='bbox 2645 3734 2845 3787; x_wconf 82' lang='lat' dir='ltr'>pavo-</span> 
     </span>
     <span class='ocr_line' id='line_1_29' title="bbox 669 3801 2843 3870; baseline -0 -13"><span class='ocrx_word' id='word_1_224' title='bbox 669 3822 811 3858; x_wconf 89' lang='lat' dir='ltr'>rem</span> <span class='ocrx_word' id='word_1_225' title='bbox 858 3805 1270 3870; x_wconf 84' lang='lat' dir='ltr'>animorum3</span> <span class='ocrx_word' id='word_1_226' title='bbox 1319 3801 1497 3869; x_wconf 82' lang='lat' dir='ltr'>(velut</span> <span class='ocrx_word' id='word_1_227' title='bbox 1530 3803 2020 3858; x_wconf 83' lang='lat' dir='ltr'>Weissenbornius</span> <span class='ocrx_word' id='word_1_228' title='bbox 2058 3804 2420 3858; x_wconf 82' lang='lat' dir='ltr'>obscuratam</span> <span class='ocrx_word' id='word_1_229' title='bbox 2458 3803 2696 3858; x_wconf 83' lang='lat' dir='ltr'>subiecti</span> <span class='ocrx_word' id='word_1_230' title='bbox 2731 3819 2843 3856; x_wconf 89' lang='lat' dir='ltr'>me·</span> 
     </span>
     <span class='ocr_line' id='line_1_30' title="bbox 667 3888 2843 3958; baseline -0.001 -15"><span class='ocrx_word' id='word_1_231' title='bbox 667 3890 903 3943; x_wconf 87' lang='lat' dir='ltr'>moriam</span> <span class='ocrx_word' id='word_1_232' title='bbox 954 3889 1144 3958; x_wconf 81' lang='lat' dir='ltr'>fingit,</span> <span class='ocrx_word' id='word_1_233' title='bbox 1199 3906 1367 3957; x_wconf 89' lang='lat' dir='ltr'>quam</span> <span class='ocrx_word' id='word_1_234' title='bbox 1418 3888 1479 3942; x_wconf 90' lang='lat' dir='ltr'>in</span> <span class='ocrx_word' id='word_1_235' title='bbox 1532 3888 1691 3942; x_wconf 85' lang='lat' dir='ltr'>brevi</span> <span class='ocrx_word' id='word_1_236' title='bbox 1744 3889 1996 3957; x_wconf 85' lang='lat' dir='ltr'>alioquin</span> <span class='ocrx_word' id='word_1_237' title='bbox 2048 3893 2109 3943; x_wconf 87' lang='lat' dir='ltr'>et</span> <span class='ocrx_word' id='word_1_238' title='bbox 2150 3889 2304 3943; x_wconf 85' lang='lat' dir='ltr'>facili</span> <span class='ocrx_word' id='word_1_239' title='bbox 2350 3888 2623 3943; x_wconf 86' lang='lat' dir='ltr'>orationis</span> <span class='ocrx_word' id='word_1_240' title='bbox 2672 3904 2843 3943; x_wconf 86' lang='lat' dir='ltr'>cursu</span> 
     </span>
     <span class='ocr_line' id='line_1_31' title="bbox 666 3971 2847 4045; baseline -0.001 -17"><span class='ocrx_word' id='word_1_241' title='bbox 666 3975 793 4045; x_wconf 89' lang='lat' dir='ltr'>ipsa</span> <span class='ocrx_word' id='word_1_242' title='bbox 837 3975 1120 4034; x_wconf 80' lang='lat' dir='ltr'>adiectiva</span> <span class='ocrx_word' id='word_1_243' title='bbox 1164 3971 1485 4040; x_wconf 82' lang='lat' dir='ltr'>renovant3)</span> <span class='ocrx_word' id='word_1_244' title='bbox 1534 3991 1718 4041; x_wconf 89' lang='lat' dir='ltr'>neque</span> <span class='ocrx_word' id='word_1_245' title='bbox 1762 3974 1966 4042; x_wconf 81' lang='lat' dir='ltr'>exigua</span> <span class='ocrx_word' id='word_1_246' title='bbox 2009 3974 2244 4028; x_wconf 87' lang='lat' dir='ltr'>offensio</span> <span class='ocrx_word' id='word_1_247' title='bbox 2295 3978 2385 4028; x_wconf 89' lang='lat' dir='ltr'>est</span> <span class='ocrx_word' id='word_1_248' title='bbox 2419 3973 2478 4028; x_wconf 90' lang='lat' dir='ltr'>in</span> <span class='ocrx_word' id='word_1_249' title='bbox 2515 3974 2731 4043; x_wconf 84' lang='lat' dir='ltr'>impar</span> <span class='ocrx_word' id='word_1_250' title='bbox 2775 4000 2847 4012; x_wconf 92' lang='lat'>—-</span> 
     </span>
     <span class='ocr_line' id='line_1_32' title="bbox 668 4056 2847 4128; baseline -0.001 -14"><span class='ocrx_word' id='word_1_251' title='bbox 668 4061 958 4128; x_wconf 89' lang='lat' dir='ltr'>incerto,</span> <span class='ocrx_word' id='word_1_252' title='bbox 995 4059 1081 4128; x_wconf 86' lang='lat' dir='ltr'>(X,</span> <span class='ocrx_word' id='word_1_253' title='bbox 1120 4062 1203 4128; x_wconf 82' lang='lat'>36,</span> <span class='ocrx_word' id='word_1_254' title='bbox 1242 4062 1276 4114; x_wconf 82' lang='lat'><strong>3</strong></span> <span class='ocrx_word' id='word_1_255' title='bbox 1310 4059 1526 4128; x_wconf 87' lang='lat' dir='ltr'>impar</span> <span class='ocrx_word' id='word_1_256' title='bbox 1560 4064 1628 4114; x_wconf 89' lang='lat' dir='ltr'>et</span> <span class='ocrx_word' id='word_1_257' title='bbox 1662 4059 1974 4113; x_wconf 87' lang='lat' dir='ltr'>incertus</span> <span class='ocrx_word' id='word_1_258' title='bbox 2010 4060 2278 4116; x_wconf 87' lang='lat' dir='ltr'>clamor</span> <span class='ocrx_word' id='word_1_259' title='bbox 2308 4057 2706 4128; x_wconf 80' lang='lat' dir='ltr'>coniungitur),</span> <span class='ocrx_word' id='word_1_260' title='bbox 2745 4056 2847 4111; x_wconf 86' lang='lat' dir='ltr'>sed</span> 
     </span>
     <span class='ocr_line' id='line_1_33' title="bbox 668 4142 2846 4215; baseline -0.001 -17"><span class='ocrx_word' id='word_1_261' title='bbox 668 4146 896 4215; x_wconf 83' lang='lat' dir='ltr'>gravior</span> <span class='ocrx_word' id='word_1_262' title='bbox 945 4146 1007 4200; x_wconf 90' lang='lat' dir='ltr'>in</span> <span class='ocrx_word' id='word_1_263' title='bbox 1057 4146 1303 4201; x_wconf 87' lang='lat' dir='ltr'>clamore</span> <span class='ocrx_word' id='word_1_264' title='bbox 1358 4144 1632 4213; x_wconf 87' lang='lat' dir='ltr'>segnius</span> <span class='ocrx_word' id='word_1_265' title='bbox 1686 4160 1864 4213; x_wconf 82' lang='lat' dir='ltr'>saepe</span> <span class='ocrx_word' id='word_1_266' title='bbox 1915 4143 2211 4213; x_wconf 88' lang='lat' dir='ltr'>iterat0,</span> <span class='ocrx_word' id='word_1_267' title='bbox 2266 4145 2533 4213; x_wconf 89' lang='lat' dir='ltr'>quoniam</span> <span class='ocrx_word' id='word_1_268' title='bbox 2580 4142 2846 4212; x_wconf 80' lang='lat' dir='ltr'>segnitiei</span> 
     </span>
     <span class='ocr_line' id='line_1_34' title="bbox 668 4227 2847 4299; baseline -0.002 -13"><span class='ocrx_word' id='word_1_269' title='bbox 668 4232 956 4286; x_wconf 84' lang='lat' dir='ltr'>contraria</span> <span class='ocrx_word' id='word_1_270' title='bbox 991 4236 1077 4286; x_wconf 86' lang='lat' dir='ltr'>est</span> <span class='ocrx_word' id='word_1_271' title='bbox 1109 4230 1370 4299; x_wconf 78' lang='lat' dir='ltr'>frequens</span> <span class='ocrx_word' id='word_1_272' title='bbox 1404 4230 1724 4297; x_wconf 82' lang='lat' dir='ltr'>renovatio;</span> <span class='ocrx_word' id='word_1_273' title='bbox 1762 4230 2029 4298; x_wconf 90' lang='lat' dir='ltr'>(debebat</span> <span class='ocrx_word' id='word_1_274' title='bbox 2065 4231 2264 4285; x_wconf 85' lang='lat' dir='ltr'>saltem</span> <span class='ocrx_word' id='word_1_275' title='bbox 2300 4229 2438 4283; x_wconf 85' lang='lat' dir='ltr'>dici:</span> <span class='ocrx_word' id='word_1_276' title='bbox 2495 4244 2687 4297; x_wconf 81' lang='lat' dir='ltr'>soepe,</span> <span class='ocrx_word' id='word_1_277' title='bbox 2725 4227 2847 4282; x_wconf 86' lang='lat' dir='ltr'>sed</span> 
     </span>
     <span class='ocr_line' id='line_1_35' title="bbox 669 4314 2845 4385; baseline -0.003 -14"><span class='ocrx_word' id='word_1_278' title='bbox 669 4334 736 4371; x_wconf 86' lang='lat' dir='ltr'>se</span> <span class='ocrx_word' id='word_1_279' title='bbox 747 4316 1019 4385; x_wconf 80' lang='lat' dir='ltr'>gniter3)</span> <span class='ocrx_word' id='word_1_280' title='bbox 1074 4318 1264 4385; x_wconf 84' lang='lat' dir='ltr'>itaque</span> <span class='ocrx_word' id='word_1_281' title='bbox 1310 4315 1510 4370; x_wconf 83' lang='lat' dir='ltr'>vitium</span> <span class='ocrx_word' id='word_1_282' title='bbox 1556 4315 1787 4370; x_wconf 83' lang='lat' dir='ltr'>subesse</span> <span class='ocrx_word' id='word_1_283' title='bbox 1823 4321 2040 4370; x_wconf 89' lang='lat' dir='ltr'>certum</span> <span class='ocrx_word' id='word_1_284' title='bbox 2076 4319 2190 4382; x_wconf 86' lang='lat' dir='ltr'>est,</span> <span class='ocrx_word' id='word_1_285' title='bbox 2246 4314 2565 4369; x_wconf 86' lang='lat' dir='ltr'>emendatio</span> <span class='ocrx_word' id='word_1_286' title='bbox 2602 4314 2845 4378; x_wconf 86' lang='lat' dir='ltr'>incerta,</span> 
     </span>
     <span class='ocr_line' id='line_1_36' title="bbox 667 4396 2844 4470; baseline -0.003 -14"><span class='ocrx_word' id='word_1_287' title='bbox 667 4403 778 4456; x_wconf 89' lang='lat' dir='ltr'>nisi</span> <span class='ocrx_word' id='word_1_288' title='bbox 830 4402 983 4470; x_wconf 89' lang='lat' dir='ltr'>quod</span> <span class='ocrx_word' id='word_1_289' title='bbox 1035 4403 1154 4456; x_wconf 92' lang='lat' dir='ltr'>scio</span> <span class='ocrx_word' id='word_1_290' title='bbox 1209 4401 1350 4455; x_wconf 88' lang='lat' dir='ltr'>nihil</span> <span class='ocrx_word' id='word_1_291' title='bbox 1402 4399 1605 4469; x_wconf 88' lang='lat' dir='ltr'>profici</span> <span class='ocrx_word' id='word_1_292' title='bbox 1657 4400 1768 4454; x_wconf 89' lang='lat' dir='ltr'>alio</span> <span class='ocrx_word' id='word_1_293' title='bbox 1813 4401 1941 4454; x_wconf 90' lang='lat' dir='ltr'>soni</span> <span class='ocrx_word' id='word_1_294' title='bbox 1988 4401 2218 4455; x_wconf 88' lang='lat' dir='ltr'>nomine</span> <span class='ocrx_word' id='word_1_295' title='bbox 2267 4397 2448 4466; x_wconf 81' lang='lat' dir='ltr'>(velut</span> <span class='ocrx_word' id='word_1_296' title='bbox 2492 4396 2844 4468; x_wconf 80' lang='lat' dir='ltr'>clangore)</span> 
     </span>
     <span class='ocr_line' id='line_1_37' title="bbox 669 4485 1847 4558; baseline -0.002 -18"><span class='ocrx_word' id='word_1_297' title='bbox 669 4505 772 4558; x_wconf 91' lang='lat' dir='ltr'>pro</span> <span class='ocrx_word' id='word_1_298' title='bbox 810 4487 1104 4541; x_wconf 87' lang='lat' dir='ltr'>clamore</span> <span class='ocrx_word' id='word_1_299' title='bbox 1141 4487 1318 4541; x_wconf 87' lang='lat' dir='ltr'>altero</span> <span class='ocrx_word' id='word_1_300' title='bbox 1354 4486 1481 4540; x_wconf 92' lang='lat' dir='ltr'>loco</span> <span class='ocrx_word' id='word_1_301' title='bbox 1519 4485 1847 4540; x_wconf 83' lang='lat' dir='ltr'>substituto,</span> 
     </span>
    </p>
   </div>
  </div>
 </body>
</html>
