3230 5282
1373 617 1497 679 249

301 802 398 880 25,
450 804 486 864 2
533 799 903 866 Gronovius
949 799 1337 883 (fecisse),
1394 800 1608 883 XXX,
1667 806 1778 883 27,
1839 808 1874 867 5
1924 801 2264 869 Creverius
2311 802 2588 888 (impe-

297 909 572 991 rator);
639 908 856 989 XXX,
914 912 1025 991 21,
1084 913 1121 974 9
1172 909 1343 991 (nec
1401 932 1583 976 esse
1639 909 1830 991 fuit,
1899 914 2034 995 qui
2092 912 2261 977 deis
2318 916 2590 996 grates

298 1016 639 1100 agendas
686 1018 1101 1100 censeant)
1147 1018 1280 1083 iam
1323 1020 1392 1083 in
1436 1020 1913 1085 recentioribus
1958 1021 2213 1106 aliquot
2257 1020 2591 1086 codicibus

299 1126 616 1192 abiectum
677 1132 779 1193 est
832 1124 1022 1207 fuit,
1091 1126 1386 1192 additum
1431 1127 1944 1209 inconsiderate,
2013 1151 2215 1212 quum
2255 1150 2590 1195 necesse

294 1257 402 1318 pro
465 1256 603 1300 una
667 1255 826 1300 voce
895 1235 1325 1319 acciperetur.
1455 1235 1760 1317 (Frustra
1824 1238 2393 1303 Weissenbornius
2460 1238 2594 1303 alia

294 1345 621 1428 anquirit.)
735 1341 1074 1426 [XXVIIL
1133 1347 1247 1423 40,
1308 1349 1343 1408 5
1404 1352 1684 1428 apparet
1728 1346 2118 1411 Rhenanum
2172 1347 2241 1411 in
2298 1346 2590 1413 tollendo

293 1452 512 1517 modo
560 1458 864 1516 secutum
909 1472 1050 1518 esse
1096 1450 1192 1541 S.]
1292 1452 1429 1517 Nec
1477 1453 1934 1535 dubitandum,
1982 1456 2140 1539 quin
2185 1453 2357 1535 XXI,
2408 1459 2504 1535 19,
2553 1460 2590 1520 9

293 1559 721 1643 Saguntini
780 1566 848 1625 et
890 1564 1003 1640 25,
1076 1566 1112 1625 5
1157 1561 1565 1627 incertum
1627 1564 1828 1627 etiam
1880 1565 1950 1627 in
1994 1564 2045 1628 P
2090 1563 2364 1643 fuerint,
2431 1585 2592 1647 quo-

295 1670 458 1733 niam
505 1676 577 1735 et
622 1666 742 1733 CM
789 1674 856 1733 et
901 1671 1104 1734 ceteri
1147 1675 1396 1750 tenent,
1454 1671 1578 1735 hoc
1626 1671 1890 1755 quidem
1936 1672 2267 1756 posterius
2314 1678 2382 1736 et
2425 1673 2591 1738 alte-

293 1799 429 1842 rum
494 1779 567 1842 in
635 1777 865 1842 eodem
929 1777 1102 1842 libro
1174 1799 1229 1842 c.
1290 1784 1402 1858 44,
1472 1784 1507 1843 9
1568 1778 2119 1862 (destinatum)
2178 1802 2446 1864 prorsus
2514 1803 2593 1847 ex

297 1885 518 1951 eodem
590 1905 859 1967 genere,
930 1908 1010 1951 ex
1076 1909 1206 1971 quo
1272 1893 1437 1952 nata
1504 1893 1692 1952 erant
1758 1887 1886 1952 illae
1953 1888 2018 1951 in
2078 1889 2291 1972 prima
2345 1888 2592 1956 decade

292 1993 580 2078 duplices
636 1995 1007 2077 scripturae,
1064 1993 1192 2059 hoc
1236 2001 1365 2074 est,
1422 2017 1501 2061 ex
1548 1995 1848 2060 vocabuli
1893 2017 1933 2060 a
1976 1996 2156 2062 Livio
2202 1998 2399 2082 positi
2446 2019 2593 2063 cum

289 2102 873 2187 interpretamento
919 2103 1469 2186 coniunctione.¹)
1578 2103 1968 2169 Mutationis
2037 2106 2311 2171 consilio
2368 2113 2434 2171 et
2491 2129 2592 2171 er-

286 2231 422 2276 rore
480 2211 680 2276 factae
736 2212 870 2275 iam
927 2211 1295 2296 exemplum
1352 2217 1499 2277 erat
1551 2213 1620 2276 in
1675 2212 1822 2278 loco
1869 2235 2072 2297 supra
2114 2216 2329 2298 posito
2375 2214 2581 2296 XXII,
2621 2206 2760 2291 (209)

294 2323 393 2399 16,
447 2325 488 2384 4
538 2318 932 2401 (fortuna,
994 2341 1194 2402 quum
1250 2320 1449 2385 semel
1495 2321 1818 2404 scriptum
1865 2327 2036 2386 esset
2080 2323 2391 2406 minas);
2460 2324 2593 2389 alia

293 2428 478 2509 paulo
539 2427 914 2493 occultiora
968 2429 1261 2512 aperiam
1305 2427 1489 2507 XXI,
1559 2432 1669 2508 57,
1739 2432 1776 2492 2
1824 2435 1891 2494 et
1939 2433 1975 2493 3
2023 2429 2193 2512 (ubi,
2261 2437 2593 2497 structura

289 2557 410 2601 non
475 2535 851 2616 intellecta,
932 2557 1050 2621 pro
1113 2538 1515 2601 ‘accusativis
1586 2537 1844 2603 duobus
1914 2537 2185 2604 ablativi
2251 2539 2591 2605 substituti

287 2646 455 2729 sunt)
503 2652 575 2721 et
624 2645 772 2710 aliis
816 2641 1019 2724 locis„
1112 2646 1197 2710 Et
1251 2652 1473 2711 tamen
1530 2647 1671 2711 haec
1727 2668 1848 2711 nec
1902 2648 2112 2712 multa
2154 2654 2306 2712 sunt
2352 2657 2447 2729 et,
2515 2655 2591 2714 ut

290 2761 431 2820 ante
501 2755 676 2834 dixi,
756 2753 1108 2838 simplicia3
1186 2775 1338 2818 nam
1404 2754 1715 2819 librarius
1781 2755 1880 2836 id,
1963 2756 2138 2839 quod
2206 2755 2589 2838 offenderat,

286 2864 576 2943 proximo
650 2867 717 2926 et
780 2861 929 2927 rudi
995 2862 1286 2928 remedio
1354 2863 1717 2947 expedivit,
1797 2863 1878 2928 de
1956 2870 2102 2929 tota
2179 2865 2305 2930 loci
2383 2863 2592 2931 forma

285 2991 506 3051 pamm
555 2971 891 3054 cogitans3
952 2971 1349 3038 eruditiores
1405 2971 1502 3036 illi
1546 2972 1875 3056 homines,
1936 2973 2049 3055 qui
2092 2974 2591 3039 renascentibus

287 3075 652 3144 litterarum
729 3078 963 3145 studiis
1041 3080 1281 3145 menda
1357 3081 1490 3145 iam
1568 3080 1823 3164 longius
1904 3080 2166 3145 detorta
2241 3081 2590 3147 emendare

288 3188 729 3267 conabantur,
809 3193 885 3251 ut
947 3187 1078 3271 legi
1145 3193 1212 3252 et
1276 3188 1568 3271 intellegi
1639 3189 1898 3253 codices
1964 3189 2264 3272 possent,
2333 3189 2590 3255 facilius

290 3291 621 3375 fallerent,
702 3295 830 3360 nisi
908 3287 1357 3380 antiquiorum
1424 3297 1722 3363 codicum
1787 3296 2183 3362 testimoniis
2250 3300 2590 3364 convince·

286 3410 543 3485 rentur,
592 3411 665 3470 et
708 3404 820 3469 diu
865 3404 1219 3489 multisque
1266 3405 1428 3471 locis
1472 3404 1866 3471 fefellerunt.

446 3512 608 3597 [Sed
658 3512 867 3578 codex
890 3513 1283 3593 PuteaneuS,
1331 3519 1406 3578 ut
1448 3515 1580 3577 iam
1629 3514 1779 3594 dixi,
1824 3514 1889 3578 in
1938 3515 2226 3598 quinque
2264 3515 2590 3598 prioribus

284 3616 459 3686 libris
505 3623 691 3687 solus
734 3628 998 3705 regnat3
1045 3622 1116 3686 in·
1158 3622 1628 3705 posterioribus
1662 3642 1934 3703 regnum
1966 3644 2239 3706 prorsus
2274 3625 2592 3707 partitum

286 3725 557 3795 haberet
615 3751 764 3794 cum
824 3730 1048 3796 codice
1097 3730 1420 3814 Spirensi,
1490 3731 1545 3796 si
1604 3730 1661 3795 is
1721 3736 2015 3795 exstaret
2070 3731 2392 3815 pleneque
2439 3754 2592 3797 con-

285 3835 431 3901 ferri
465 3843 726 3923 posset3
763 3860 937 3903 nunc
970 3840 1276 3924 partitur,
1311 3837 1425 3903 ubi
1460 3837 1541 3902 de
1580 3837 1870 3921 Spirensi
1907 3843 2187 3904 constat.
2233 3840 2330 3905 Eo
2368 3841 2591 3907 codice

286 3944 364 4009 ab
416 3947 608 4013 initio
666 3953 736 4012 et
789 3948 857 4011 in
901 3947 1030 4012 fine
1074 3947 1310 4012 mutilo
1357 3945 1482 4028 (ita
1523 3952 1600 4011 ut
1642 3946 1791 4011 libri
1838 3947 2125 4011 vicesimi
2169 3949 2335 4013 sexti
2380 3970 2594 4032 pauca

286 4050 464 4135 folia,
532 4077 812 4140 quorum
871 4057 1152 4138 primum
1208 4076 1260 4120 c.
1312 4059 1419 4135 30,
1490 4060 1526 4119 9
1588 4054 1673 4118 ad
1721 4058 1832 4136 31,
1900 4059 1937 4119 2
1997 4056 2404 4138 continebat,
2473 4079 2593 4122 nec

287 4165 600 4228 continua
653 4169 1101 4247 superessent,
1169 4163 1483 4227 tricesimi
1550 4161 1714 4226 nihil
1772 4169 1925 4246 post
1979 4165 2235 4229 initium
2293 4185 2432 4250 cap.
2486 4166 2592 4248 16)

339 4416 382 4480 ¹)
418 4416 594 4471 Aliud
630 4435 805 4487 genus
843 4416 1088 4487 duplicis
1125 4418 1443 4486 scripturae,
1498 4435 1609 4486 quo
1655 4417 1919 4473 librarius
1966 4437 2211 4473 errorem
2257 4438 2419 4475 suum
2466 4436 2587 4475 cor-

412 4500 569 4571 rigit,
608 4503 1063 4558 commemorabo
1103 4502 1176 4557 ad
1211 4502 1391 4572 XXII,
1428 4505 1511 4571 28,
1547 4505 1595 4557 9.
