<?xml version="1.0" encoding="UTF-8"?>
<!DOCTYPE html PUBLIC "-//W3C//DTD XHTML 1.0 Transitional//EN"
    "http://www.w3.org/TR/xhtml1/DTD/xhtml1-transitional.dtd">
<html xmlns="http://www.w3.org/1999/xhtml" xml:lang="en" lang="en">
 <head>
  <title>
</title>
<meta http-equiv="Content-Type" content="text/html;charset=utf-8" />
  <meta name='ocr-system' content='tesseract 3.04.00' />
  <meta name='ocr-capabilities' content='ocr_page ocr_carea ocr_par ocr_line ocrx_word'/>
</head>
<body>
  <div class='ocr_page' id='page_1' title='image "./emendationesliv03madvgoog_0110.png"; bbox 0 0 3230 5282; ppageno 0'>
   <div class='ocr_carea' id='block_1_1' title="bbox 610 555 1829 625">
    <p class='ocr_par' dir='ltr' id='par_1_1' title="bbox 610 555 1829 625">
     <span class='ocr_line' id='line_1_1' title="bbox 610 555 1829 625; baseline -0.005 -2"><span class='ocrx_word' id='word_1_1' title='bbox 610 569 735 625; x_wconf 86' lang='lat' dir='ltr'><strong>Lib.</strong></span> <span class='ocrx_word' id='word_1_2' title='bbox 772 568 872 622; x_wconf 88' lang='grc' dir='ltr'><strong>ΠΙ.</strong></span> <span class='ocrx_word' id='word_1_3' title='bbox 1708 555 1829 617; x_wconf 87' lang='grc'><strong>100</strong></span> 
     </span>
    </p>
   </div>
   <div class='ocr_carea' id='block_1_2' title="bbox 559 735 2935 3832">
    <p class='ocr_par' dir='ltr' id='par_1_2' title="bbox 559 735 2932 2971">
     <span class='ocr_line' id='line_1_2' title="bbox 610 735 2919 822; baseline -0.001 -17"><span class='ocrx_word' id='word_1_4' title='bbox 610 740 816 819; x_wconf 88' lang='lat' dir='ltr'><strong>deri;</strong></span> <span class='ocrx_word' id='word_1_5' title='bbox 862 760 1063 822; x_wconf 90' lang='lat' dir='ltr'><strong>quum</strong></span> <span class='ocrx_word' id='word_1_6' title='bbox 1108 759 1145 799; x_wconf 82' lang='lat' dir='ltr'><strong>o</strong></span> <span class='ocrx_word' id='word_1_7' title='bbox 1190 736 1639 803; x_wconf 78' lang='lat' dir='ltr'><strong>intercidisset</strong></span> <span class='ocrx_word' id='word_1_8' title='bbox 1685 736 1768 803; x_wconf 93' lang='lat' dir='ltr'><strong>ob</strong></span> <span class='ocrx_word' id='word_1_9' title='bbox 1814 735 2293 821; x_wconf 87' lang='lat' dir='ltr'><strong>praecedentem</strong></span> <span class='ocrx_word' id='word_1_10' title='bbox 2337 736 2645 816; x_wconf 79' lang='lat' dir='ltr'>vocalem,</span> <span class='ocrx_word' id='word_1_11' title='bbox 2689 740 2919 802; x_wconf 87' lang='lat' dir='ltr'><strong>natum</strong></span> 
     </span>
     <span class='ocr_line' id='line_1_3' title="bbox 611 841 2920 931; baseline -0.001 -19"><span class='ocrx_word' id='word_1_12' title='bbox 611 847 1051 931; x_wconf 89' lang='lat' dir='ltr'><strong>potuerint.</strong></span> <span class='ocrx_word' id='word_1_13' title='bbox 1114 844 1283 929; x_wconf 88' lang='lat' dir='ltr'><strong>[Iam</strong></span> <span class='ocrx_word' id='word_1_14' title='bbox 1315 844 1674 928; x_wconf 85' lang='lat' dir='ltr'><strong>Doeringio</strong></span> <span class='ocrx_word' id='word_1_15' title='bbox 1720 845 1789 909; x_wconf 92' lang='lat' dir='ltr'><strong>in</strong></span> <span class='ocrx_word' id='word_1_16' title='bbox 1824 850 2114 910; x_wconf 82' lang='lat' dir='ltr'><strong>mentem</strong></span> <span class='ocrx_word' id='word_1_17' title='bbox 2145 850 2435 924; x_wconf 84' lang='lat' dir='ltr'><strong>venerat,</strong></span> <span class='ocrx_word' id='word_1_18' title='bbox 2480 843 2763 910; x_wconf 87' lang='lat' dir='ltr'><strong>fortasse</strong></span> <span class='ocrx_word' id='word_1_19' title='bbox 2799 841 2920 909; x_wconf 92' lang='lat' dir='ltr'><strong>de·</strong></span> 
     </span>
     <span class='ocr_line' id='line_1_4' title="bbox 612 950 2923 1036; baseline -0.002 -17"><span class='ocrx_word' id='word_1_20' title='bbox 612 954 947 1019; x_wconf 90' lang='lat' dir='ltr'><strong>buerint</strong></span> <span class='ocrx_word' id='word_1_21' title='bbox 992 952 1193 1019; x_wconf 83' lang='lat' dir='ltr'><strong>scribi</strong></span> <span class='ocrx_word' id='word_1_22' title='bbox 1240 950 1525 1035; x_wconf 89' lang='lat' dir='ltr'><strong>debere.]</strong></span> <span class='ocrx_word' id='word_1_23' title='bbox 1626 951 1775 1017; x_wconf 91' lang='lat' dir='ltr'><strong>Dici</strong></span> <span class='ocrx_word' id='word_1_24' title='bbox 1821 959 2043 1018; x_wconf 91' lang='lat' dir='ltr'><strong>autem</strong></span> <span class='ocrx_word' id='word_1_25' title='bbox 2089 958 2413 1036; x_wconf 80' lang='lat' dir='ltr'><strong>oportet</strong></span> <span class='ocrx_word' id='word_1_26' title='bbox 2459 950 2539 1015; x_wconf 91' lang='lat' dir='ltr'><strong>de</strong></span> <span class='ocrx_word' id='word_1_27' title='bbox 2585 972 2680 1030; x_wconf 89' lang='lat' dir='ltr'><strong>ea,</strong></span> <span class='ocrx_word' id='word_1_28' title='bbox 2726 971 2923 1033; x_wconf 88' lang='lat' dir='ltr'><strong>quam</strong></span> 
     </span>
     <span class='ocr_line' id='line_1_5' title="bbox 574 1048 2922 1145; baseline -0.001 -21"><span class='ocrx_word' id='word_1_29' title='bbox 574 1061 892 1145; x_wconf 87' lang='lat' dir='ltr'><strong>·logicam</strong></span> <span class='ocrx_word' id='word_1_30' title='bbox 948 1048 1387 1145; x_wconf 82' lang='lat' dir='ltr'><strong>appellamuS,</strong></span> <span class='ocrx_word' id='word_1_31' title='bbox 1454 1061 1885 1140; x_wconf 86' lang='lat' dir='ltr'><strong>necessitate,</strong></span> <span class='ocrx_word' id='word_1_32' title='bbox 1954 1066 2250 1140; x_wconf 88' lang='lat' dir='ltr'><strong>constat,</strong></span> <span class='ocrx_word' id='word_1_33' title='bbox 2318 1060 2443 1124; x_wconf 90' lang='lat' dir='ltr'><strong>etsi</strong></span> <span class='ocrx_word' id='word_1_34' title='bbox 2497 1059 2799 1143; x_wconf 82' lang='lat' dir='ltr'><strong>exempla</strong></span> <span class='ocrx_word' id='word_1_35' title='bbox 2854 1059 2922 1122; x_wconf 93' lang='lat' dir='ltr'><strong>in</strong></span> 
     </span>
     <span class='ocr_line' id='line_1_6' title="bbox 610 1165 2923 1251; baseline -0.001 -19"><span class='ocrx_word' id='word_1_36' title='bbox 610 1169 839 1234; x_wconf 86' lang='lat' dir='ltr'><strong>lexicis</strong></span> <span class='ocrx_word' id='word_1_37' title='bbox 919 1189 1065 1233; x_wconf 92' lang='lat' dir='ltr'><strong>cum</strong></span> <span class='ocrx_word' id='word_1_38' title='bbox 1147 1167 1318 1233; x_wconf 90' lang='lat' dir='ltr'><strong>alius</strong></span> <span class='ocrx_word' id='word_1_39' title='bbox 1393 1168 1653 1251; x_wconf 86' lang='lat' dir='ltr'><strong>generis</strong></span> <span class='ocrx_word' id='word_1_40' title='bbox 1718 1167 1883 1233; x_wconf 92' lang='lat' dir='ltr'><strong>locis</strong></span> <span class='ocrx_word' id='word_1_41' title='bbox 1951 1165 2468 1249; x_wconf 90' lang='lat' dir='ltr'><strong>confunduntur,</strong></span> <span class='ocrx_word' id='word_1_42' title='bbox 2547 1167 2616 1231; x_wconf 92' lang='lat' dir='ltr'><strong>in</strong></span> <span class='ocrx_word' id='word_1_43' title='bbox 2683 1165 2923 1250; x_wconf 90' lang='lat' dir='ltr'><strong>quibus</strong></span> 
     </span>
     <span class='ocr_line' id='line_1_7' title="bbox 613 1258 2925 1361; baseline -0.001 -20"><span class='ocrx_word' id='word_1_44' title='bbox 613 1275 1049 1360; x_wconf 87' lang='lat' dir='ltr'><strong>significatur,</strong></span> <span class='ocrx_word' id='word_1_45' title='bbox 1107 1275 1268 1361; x_wconf 91' lang='lat' dir='ltr'><strong>quid</strong></span> <span class='ocrx_word' id='word_1_46' title='bbox 1312 1275 1711 1360; x_wconf 84' lang='lat' dir='ltr'><strong>requiratur.</strong></span> <span class='ocrx_word' id='word_1_47' title='bbox 1817 1273 1946 1341; x_wconf 88' lang='lat' dir='ltr'><strong>Sed</strong></span> <span class='ocrx_word' id='word_1_48' title='bbox 1990 1274 2138 1353; x_wconf 94' lang='lat' dir='ltr'><strong>illa,</strong></span> <span class='ocrx_word' id='word_1_49' title='bbox 2197 1258 2407 1357; x_wconf 34' lang='lat' dir='ltr'><strong>quam·</strong></span> <span class='ocrx_word' id='word_1_50' title='bbox 2442 1274 2620 1354; x_wconf 92' lang='lat' dir='ltr'><strong>dic0,</strong></span> <span class='ocrx_word' id='word_1_51' title='bbox 2679 1272 2925 1357; x_wconf 83' lang='lat' dir='ltr'><strong>signifi·</strong></span> 
     </span>
     <span class='ocr_line' id='line_1_8' title="bbox 615 1380 2918 1467; baseline -0.002 -19"><span class='ocrx_word' id='word_1_52' title='bbox 615 1384 819 1462; x_wconf 87' lang='lat' dir='ltr'><strong>catio,</strong></span> <span class='ocrx_word' id='word_1_53' title='bbox 873 1391 1114 1467; x_wconf 83' lang='lat' dir='ltr'><strong>praeter</strong></span> <span class='ocrx_word' id='word_1_54' title='bbox 1166 1382 1390 1447; x_wconf 86' lang='lat' dir='ltr'><strong>Plauti</strong></span> <span class='ocrx_word' id='word_1_55' title='bbox 1448 1383 1643 1448; x_wconf 92' lang='lat' dir='ltr'><strong>Poen.</strong></span> <span class='ocrx_word' id='word_1_56' title='bbox 1700 1383 1787 1460; x_wconf 90' lang='lat' dir='ltr'><strong>V,</strong></span> <span class='ocrx_word' id='word_1_57' title='bbox 1873 1385 1943 1462; x_wconf 93' lang='lat'>2,</span> <span class='ocrx_word' id='word_1_58' title='bbox 2018 1386 2100 1447; x_wconf 79' lang='lat'><strong>70</strong></span> <span class='ocrx_word' id='word_1_59' title='bbox 2171 1389 2236 1446; x_wconf 93' lang='lat' dir='ltr'><strong>et</strong></span> <span class='ocrx_word' id='word_1_60' title='bbox 2292 1380 2452 1447; x_wconf 89' lang='lat' dir='ltr'><strong>Cist.</strong></span> <span class='ocrx_word' id='word_1_61' title='bbox 2510 1381 2629 1461; x_wconf 91' lang='lat' dir='ltr'>IV,</span> <span class='ocrx_word' id='word_1_62' title='bbox 2701 1385 2773 1460; x_wconf 94' lang='lat'>2,</span> <span class='ocrx_word' id='word_1_63' title='bbox 2844 1386 2918 1445; x_wconf 90' lang='lat'><strong>51</strong></span> 
     </span>
     <span class='ocr_line' id='line_1_9' title="bbox 614 1487 2919 1574; baseline -0.002 -19"><span class='ocrx_word' id='word_1_64' title='bbox 614 1498 681 1555; x_wconf 90' lang='lat' dir='ltr'><strong>et</strong></span> <span class='ocrx_word' id='word_1_65' title='bbox 723 1491 985 1556; x_wconf 87' lang='lat' dir='ltr'><strong>Lucret.</strong></span> <span class='ocrx_word' id='word_1_66' title='bbox 1032 1491 1097 1570; x_wconf 94' lang='lat' dir='ltr'>I,</span> <span class='ocrx_word' id='word_1_67' title='bbox 1156 1495 1311 1570; x_wconf 83' lang='grc'>778,</span> <span class='ocrx_word' id='word_1_68' title='bbox 1372 1497 1473 1556; x_wconf 91' lang='lat' dir='ltr'><strong>est</strong></span> <span class='ocrx_word' id='word_1_69' title='bbox 1530 1491 1731 1555; x_wconf 90' lang='lat' dir='ltr'><strong>etiam</strong></span> <span class='ocrx_word' id='word_1_70' title='bbox 1786 1488 1963 1574; x_wconf 89' lang='lat' dir='ltr'><strong>apud</strong></span> <span class='ocrx_word' id='word_1_71' title='bbox 2008 1487 2387 1555; x_wconf 85' lang='lat' dir='ltr'><strong>Ciceronem</strong></span> <span class='ocrx_word' id='word_1_72' title='bbox 2447 1489 2526 1554; x_wconf 93' lang='lat' dir='ltr'><strong>de</strong></span> <span class='ocrx_word' id='word_1_73' title='bbox 2572 1488 2821 1553; x_wconf 79' lang='lat' dir='ltr'><strong>Invent.</strong></span> <span class='ocrx_word' id='word_1_74' title='bbox 2870 1488 2919 1566; x_wconf 92' lang='lat' dir='ltr'>I,</span> 
     </span>
     <span class='ocr_line' id='line_1_10' title="bbox 614 1595 2922 1680; baseline -0.001 -17"><span class='ocrx_word' id='word_1_75' title='bbox 614 1604 695 1663; x_wconf 82' lang='lat'><strong>47</strong></span> <span class='ocrx_word' id='word_1_76' title='bbox 732 1605 799 1663; x_wconf 90' lang='lat' dir='ltr'><strong>et</strong></span> <span class='ocrx_word' id='word_1_77' title='bbox 832 1603 934 1678; x_wconf 90' lang='grc'><strong>84,</strong></span> <span class='ocrx_word' id='word_1_78' title='bbox 972 1597 1154 1663; x_wconf 90' lang='lat' dir='ltr'><strong>Verr.</strong></span> <span class='ocrx_word' id='word_1_79' title='bbox 1179 1598 1255 1676; x_wconf 91' lang='lat' dir='ltr'><strong>V,</strong></span> <span class='ocrx_word' id='word_1_80' title='bbox 1297 1602 1402 1676; x_wconf 82' lang='lat'>71,</span> <span class='ocrx_word' id='word_1_81' title='bbox 1442 1596 1527 1662; x_wconf 90' lang='lat' dir='ltr'><strong>ad</strong></span> <span class='ocrx_word' id='word_1_82' title='bbox 1550 1598 1687 1662; x_wconf 90' lang='lat' dir='ltr'><strong>Att.</strong></span> <span class='ocrx_word' id='word_1_83' title='bbox 1713 1597 1854 1676; x_wconf 90' lang='lat' dir='ltr'>VII,</span> <span class='ocrx_word' id='word_1_84' title='bbox 1896 1601 1993 1676; x_wconf 82' lang='lat'>17,</span> <span class='ocrx_word' id='word_1_85' title='bbox 2041 1602 2102 1676; x_wconf 94' lang='lat'>2,</span> <span class='ocrx_word' id='word_1_86' title='bbox 2126 1597 2303 1676; x_wconf 88' lang='lat' dir='ltr'>XIII,</span> <span class='ocrx_word' id='word_1_87' title='bbox 2331 1602 2388 1678; x_wconf 88' lang='grc'><strong>6,</strong></span> <span class='ocrx_word' id='word_1_88' title='bbox 2416 1602 2471 1678; x_wconf 89' lang='grc'><strong>3,</strong></span> <span class='ocrx_word' id='word_1_89' title='bbox 2496 1595 2675 1680; x_wconf 90' lang='lat' dir='ltr'><strong>apud</strong></span> <span class='ocrx_word' id='word_1_90' title='bbox 2712 1595 2922 1661; x_wconf 88' lang='lat' dir='ltr'><strong>Hora-</strong></span> 
     </span>
     <span class='ocr_line' id='line_1_11' title="bbox 614 1702 2923 1789; baseline -0.002 -18"><span class='ocrx_word' id='word_1_91' title='bbox 614 1708 780 1772; x_wconf 89' lang='lat' dir='ltr'><strong>tium</strong></span> <span class='ocrx_word' id='word_1_92' title='bbox 828 1706 964 1770; x_wconf 89' lang='lat' dir='ltr'><strong>Sat.</strong></span> <span class='ocrx_word' id='word_1_93' title='bbox 1013 1705 1097 1784; x_wconf 94' lang='lat' dir='ltr'>II,</span> <span class='ocrx_word' id='word_1_94' title='bbox 1158 1709 1213 1784; x_wconf 90' lang='lat'><strong>6,</strong></span> <span class='ocrx_word' id='word_1_95' title='bbox 1276 1710 1375 1785; x_wconf 89' lang='grc'><strong>52,</strong></span> <span class='ocrx_word' id='word_1_96' title='bbox 1433 1706 1611 1789; x_wconf 89' lang='lat' dir='ltr'><strong>apud</strong></span> <span class='ocrx_word' id='word_1_97' title='bbox 1655 1704 1942 1770; x_wconf 90' lang='lat' dir='ltr'><strong>Plinium</strong></span> <span class='ocrx_word' id='word_1_98' title='bbox 1988 1705 2224 1788; x_wconf 88' lang='lat' dir='ltr'><strong>Paneg.</strong></span> <span class='ocrx_word' id='word_1_99' title='bbox 2275 1710 2329 1769; x_wconf 88' lang='lat'><strong>5.</strong></span> <span class='ocrx_word' id='word_1_100' title='bbox 2431 1704 2685 1770; x_wconf 88' lang='lat' dir='ltr'><strong>Eodem</strong></span> <span class='ocrx_word' id='word_1_101' title='bbox 2731 1702 2923 1769; x_wconf 91' lang='lat' dir='ltr'><strong>modo</strong></span> 
     </span>
     <span class='ocr_line' id='line_1_12' title="bbox 614 1810 2923 1896; baseline -0.002 -18"><span class='ocrx_word' id='word_1_102' title='bbox 614 1814 858 1878; x_wconf 91' lang='lat' dir='ltr'><strong>dicitur</strong></span> <span class='ocrx_word' id='word_1_103' title='bbox 914 1813 1205 1879; x_wconf 91' lang='lat' dir='ltr'><strong>debere</strong></span> <span class='ocrx_word' id='word_1_104' title='bbox 1260 1834 1392 1878; x_wconf 93' lang='lat' dir='ltr'><strong>non</strong></span> <span class='ocrx_word' id='word_1_105' title='bbox 1448 1813 1662 1878; x_wconf 91' lang='lat' dir='ltr'><strong>solum</strong></span> <span class='ocrx_word' id='word_1_106' title='bbox 1707 1812 1885 1896; x_wconf 87' lang='lat' dir='ltr'><strong>apud</strong></span> <span class='ocrx_word' id='word_1_107' title='bbox 1930 1813 2307 1878; x_wconf 90' lang='lat' dir='ltr'><strong>Lucretium</strong></span> <span class='ocrx_word' id='word_1_108' title='bbox 2351 1812 2586 1896; x_wconf 85' lang='lat' dir='ltr'><strong>saepius</strong></span> <span class='ocrx_word' id='word_1_109' title='bbox 2633 1810 2722 1892; x_wconf 92' lang='lat' dir='ltr'>(I,</span> <span class='ocrx_word' id='word_1_110' title='bbox 2780 1814 2923 1889; x_wconf 86' lang='lat'>232,</span> 
     </span>
     <span class='ocr_line' id='line_1_13' title="bbox 559 1917 2925 2004; baseline -0 -21"><span class='ocrx_word' id='word_1_111' title='bbox 559 1918 562 1919; x_wconf 7' lang='grc' dir='ltr'><em>ἢ</em></span> <span class='ocrx_word' id='word_1_112' title='bbox 614 1924 761 1999; x_wconf 85' lang='grc'>290,</span> <span class='ocrx_word' id='word_1_113' title='bbox 821 1924 964 2000; x_wconf 88' lang='lat'>545,</span> <span class='ocrx_word' id='word_1_114' title='bbox 1023 1920 1138 2000; x_wconf 92' lang='lat'>111,</span> <span class='ocrx_word' id='word_1_115' title='bbox 1198 1925 1340 2001; x_wconf 83' lang='grc'>758,</span> <span class='ocrx_word' id='word_1_116' title='bbox 1395 1920 1504 2000; x_wconf 93' lang='lat' dir='ltr'>IV,</span> <span class='ocrx_word' id='word_1_117' title='bbox 1565 1920 1737 2003; x_wconf 89' lang='lat'>652),</span> <span class='ocrx_word' id='word_1_118' title='bbox 1785 1920 1900 1986; x_wconf 93' lang='lat' dir='ltr'><strong>sed</strong></span> <span class='ocrx_word' id='word_1_119' title='bbox 1948 1921 2146 1985; x_wconf 88' lang='lat' dir='ltr'><strong>etiam</strong></span> <span class='ocrx_word' id='word_1_120' title='bbox 2194 1920 2372 2004; x_wconf 90' lang='lat' dir='ltr'><strong>apud</strong></span> <span class='ocrx_word' id='word_1_121' title='bbox 2418 1917 2800 1985; x_wconf 86' lang='lat' dir='ltr'><strong>Ciceronem</strong></span> <span class='ocrx_word' id='word_1_122' title='bbox 2845 1917 2925 1983; x_wconf 92' lang='lat' dir='ltr'><strong>de</strong></span> 
     </span>
     <span class='ocr_line' id='line_1_14' title="bbox 615 2026 2925 2112; baseline -0.001 -20"><span class='ocrx_word' id='word_1_123' title='bbox 615 2029 768 2111; x_wconf 90' lang='lat' dir='ltr'><strong>imp.</strong></span> <span class='ocrx_word' id='word_1_124' title='bbox 793 2027 1015 2111; x_wconf 91' lang='lat' dir='ltr'><strong>Pomp.</strong></span> <span class='ocrx_word' id='word_1_125' title='bbox 1042 2031 1123 2091; x_wconf 88' lang='grc'><strong>28</strong></span> <span class='ocrx_word' id='word_1_126' title='bbox 1172 2035 1238 2093; x_wconf 90' lang='lat' dir='ltr'><strong>et</strong></span> <span class='ocrx_word' id='word_1_127' title='bbox 1282 2029 1577 2112; x_wconf 86' lang='lat' dir='ltr'><strong>apertius</strong></span> <span class='ocrx_word' id='word_1_128' title='bbox 1604 2027 1789 2093; x_wconf 89' lang='lat' dir='ltr'><strong>Verr.</strong></span> <span class='ocrx_word' id='word_1_129' title='bbox 1816 2028 1935 2108; x_wconf 90' lang='grc' dir='ltr'><strong>ΙΠ,</strong></span> <span class='ocrx_word' id='word_1_130' title='bbox 1971 2032 2049 2092; x_wconf 90' lang='lat'><strong>39</strong></span> <span class='ocrx_word' id='word_1_131' title='bbox 2089 2034 2156 2093; x_wconf 91' lang='lat' dir='ltr'><strong>et</strong></span> <span class='ocrx_word' id='word_1_132' title='bbox 2180 2027 2289 2106; x_wconf 95' lang='lat' dir='ltr'>IV,</span> <span class='ocrx_word' id='word_1_133' title='bbox 2338 2032 2463 2108; x_wconf 88' lang='lat'>65,.</span> <span class='ocrx_word' id='word_1_134' title='bbox 2485 2047 2605 2111; x_wconf 90' lang='lat' dir='ltr'><strong>pro</strong></span> <span class='ocrx_word' id='word_1_135' title='bbox 2628 2026 2797 2091; x_wconf 90' lang='lat' dir='ltr'><strong>Mur.</strong></span> <span class='ocrx_word' id='word_1_136' title='bbox 2823 2029 2925 2105; x_wconf 83' lang='lat'>20,</span> 
     </span>
     <span class='ocr_line' id='line_1_15' title="bbox 616 2133 2924 2220; baseline -0.001 -20"><span class='ocrx_word' id='word_1_137' title='bbox 616 2157 738 2218; x_wconf 92' lang='lat' dir='ltr'><strong>pro</strong></span> <span class='ocrx_word' id='word_1_138' title='bbox 796 2135 933 2199; x_wconf 93' lang='lat' dir='ltr'><strong>Mil.</strong></span> <span class='ocrx_word' id='word_1_139' title='bbox 985 2140 1095 2213; x_wconf 90' lang='grc'><strong>51,</strong></span> <span class='ocrx_word' id='word_1_140' title='bbox 1153 2133 1346 2200; x_wconf 89' lang='lat' dir='ltr'><strong>Tusc.</strong></span> <span class='ocrx_word' id='word_1_141' title='bbox 1393 2135 1455 2214; x_wconf 94' lang='lat' dir='ltr'>I,</span> <span class='ocrx_word' id='word_1_142' title='bbox 1516 2140 1627 2215; x_wconf 88' lang='lat'><strong>96,</strong></span> <span class='ocrx_word' id='word_1_143' title='bbox 1693 2135 1933 2200; x_wconf 90' lang='lat' dir='ltr'><strong>Parad.</strong></span> <span class='ocrx_word' id='word_1_144' title='bbox 1983 2139 2094 2215; x_wconf 91' lang='grc'><strong>22,</strong></span> <span class='ocrx_word' id='word_1_145' title='bbox 2153 2134 2330 2220; x_wconf 93' lang='lat' dir='ltr'><strong>apud</strong></span> <span class='ocrx_word' id='word_1_146' title='bbox 2385 2134 2671 2200; x_wconf 90' lang='lat' dir='ltr'><strong>Plinium</strong></span> <span class='ocrx_word' id='word_1_147' title='bbox 2715 2134 2924 2218; x_wconf 88' lang='lat' dir='ltr'><strong>Epist.</strong></span> 
     </span>
     <span class='ocr_line' id='line_1_16' title="bbox 616 2240 2926 2326; baseline 0 -21"><span class='ocrx_word' id='word_1_148' title='bbox 616 2241 758 2320; x_wconf 92' lang='lat' dir='ltr'>VII,</span> <span class='ocrx_word' id='word_1_149' title='bbox 807 2246 908 2322; x_wconf 90' lang='grc'><strong>20,</strong></span> <span class='ocrx_word' id='word_1_150' title='bbox 959 2247 1015 2322; x_wconf 92' lang='grc'><strong>6,</strong></span> <span class='ocrx_word' id='word_1_151' title='bbox 1063 2242 1238 2322; x_wconf 90' lang='lat' dir='ltr'>VIII,</span> <span class='ocrx_word' id='word_1_152' title='bbox 1299 2247 1356 2322; x_wconf 91' lang='grc'><strong>6,</strong></span> <span class='ocrx_word' id='word_1_153' title='bbox 1410 2241 1536 2324; x_wconf 87' lang='lat'><strong>1.¹)</strong></span> <span class='ocrx_word' id='word_1_154' title='bbox 1639 2242 1949 2307; x_wconf 91' lang='lat' dir='ltr'><strong>Mendum</strong></span> <span class='ocrx_word' id='word_1_155' title='bbox 1994 2241 2186 2321; x_wconf 93' lang='lat' dir='ltr'><strong>idem,</strong></span> <span class='ocrx_word' id='word_1_156' title='bbox 2249 2240 2425 2326; x_wconf 90' lang='lat' dir='ltr'><strong>quod</strong></span> <span class='ocrx_word' id='word_1_157' title='bbox 2467 2241 2622 2307; x_wconf 89' lang='lat' dir='ltr'><strong>hinc</strong></span> <span class='ocrx_word' id='word_1_158' title='bbox 2670 2241 2926 2321; x_wconf 86' lang='lat' dir='ltr'><strong>sustuli,</strong></span> 
     </span>
     <span class='ocr_line' id='line_1_17' title="bbox 617 2346 2926 2434; baseline 0 -22"><span class='ocrx_word' id='word_1_159' title='bbox 617 2348 863 2414; x_wconf 89' lang='lat' dir='ltr'><strong>insidet</strong></span> <span class='ocrx_word' id='word_1_160' title='bbox 905 2350 972 2413; x_wconf 91' lang='lat' dir='ltr'><strong>in</strong></span> <span class='ocrx_word' id='word_1_161' title='bbox 1021 2346 1354 2415; x_wconf 90' lang='lat' dir='ltr'><strong>Ciceronis</strong></span> <span class='ocrx_word' id='word_1_162' title='bbox 1403 2356 1568 2415; x_wconf 87' lang='lat' dir='ltr'><strong>orat.</strong></span> <span class='ocrx_word' id='word_1_163' title='bbox 1615 2371 1736 2434; x_wconf 91' lang='lat' dir='ltr'><strong>pro</strong></span> <span class='ocrx_word' id='word_1_164' title='bbox 1785 2350 1956 2416; x_wconf 92' lang='lat' dir='ltr'><strong>dom.</strong></span> <span class='ocrx_word' id='word_1_165' title='bbox 2007 2355 2063 2430; x_wconf 88' lang='grc'><strong>5,</strong></span> <span class='ocrx_word' id='word_1_166' title='bbox 2124 2354 2222 2429; x_wconf 94' lang='grc'><strong>11,</strong></span> <span class='ocrx_word' id='word_1_167' title='bbox 2284 2349 2399 2415; x_wconf 89' lang='lat' dir='ltr'><strong>sed</strong></span> <span class='ocrx_word' id='word_1_168' title='bbox 2446 2349 2577 2415; x_wconf 89' lang='lat' dir='ltr'><strong>alio</strong></span> <span class='ocrx_word' id='word_1_169' title='bbox 2626 2354 2926 2429; x_wconf 82' lang='lat' dir='ltr'><strong>auctum3</strong></span> 
     </span>
     <span class='ocr_line' id='line_1_18' title="bbox 617 2456 2926 2541; baseline -0 -21"><span class='ocrx_word' id='word_1_170' title='bbox 617 2477 772 2521; x_wconf 91' lang='lat' dir='ltr'><strong>nam</strong></span> <span class='ocrx_word' id='word_1_171' title='bbox 806 2477 927 2540; x_wconf 91' lang='lat' dir='ltr'><strong>pro</strong></span> <span class='ocrx_word' id='word_1_172' title='bbox 964 2477 1064 2535; x_wconf 92' lang='lat' dir='ltr'><strong>eo,</strong></span> <span class='ocrx_word' id='word_1_173' title='bbox 1102 2456 1282 2541; x_wconf 92' lang='lat' dir='ltr'><strong>quod</strong></span> <span class='ocrx_word' id='word_1_174' title='bbox 1319 2456 1568 2522; x_wconf 91' lang='lat' dir='ltr'><strong>editur:</strong></span> <span class='ocrx_word' id='word_1_175' title='bbox 1619 2463 1847 2523; x_wconf 91' lang='lat' dir='ltr'><strong>certe</strong></span> <span class='ocrx_word' id='word_1_176' title='bbox 1898 2458 2274 2524; x_wconf 88' lang='lat' dir='ltr'><strong>consules</strong></span> <span class='ocrx_word' id='word_1_177' title='bbox 2321 2477 2641 2523; x_wconf 88' lang='lat' dir='ltr'><strong>causam</strong></span> <span class='ocrx_word' id='word_1_178' title='bbox 2676 2456 2926 2521; x_wconf 89' lang='lat' dir='ltr'><strong>susci·</strong></span> 
     </span>
     <span class='ocr_line' id='line_1_19' title="bbox 618 2563 2927 2651; baseline 0 -24"><span class='ocrx_word' id='word_1_179' title='bbox 618 2584 824 2648; x_wconf 89' lang='lat' dir='ltr'><strong>pere,</strong></span> <span class='ocrx_word' id='word_1_180' title='bbox 873 2571 1089 2629; x_wconf 90' lang='lat' dir='ltr'><strong>certe</strong></span> <span class='ocrx_word' id='word_1_181' title='bbox 1143 2570 1480 2629; x_wconf 91' lang='lat' dir='ltr'><strong>senatus</strong></span> <span class='ocrx_word' id='word_1_182' title='bbox 1531 2565 1855 2651; x_wconf 91' lang='lat' dir='ltr'><strong>aliquid</strong></span> <span class='ocrx_word' id='word_1_183' title='bbox 1905 2565 2246 2631; x_wconf 91' lang='lat' dir='ltr'><strong>consilii</strong></span> <span class='ocrx_word' id='word_1_184' title='bbox 2290 2585 2583 2650; x_wconf 87' lang='lat' dir='ltr'><strong>capere</strong></span> <span class='ocrx_word' id='word_1_185' title='bbox 2629 2563 2927 2649; x_wconf 91' lang='lat' dir='ltr'><strong>potuit,</strong></span> 
     </span>
     <span class='ocr_line' id='line_1_20' title="bbox 622 2671 2930 2756; baseline 0 -20"><span class='ocrx_word' id='word_1_186' title='bbox 622 2671 1039 2736; x_wconf 86' lang='lat' dir='ltr'><strong>scribendum</strong></span> <span class='ocrx_word' id='word_1_187' title='bbox 1107 2679 1236 2736; x_wconf 90' lang='lat' dir='ltr'><strong>est:</strong></span> <span class='ocrx_word' id='word_1_188' title='bbox 1310 2678 1538 2738; x_wconf 92' lang='lat' dir='ltr'><strong>certe</strong></span> <span class='ocrx_word' id='word_1_189' title='bbox 1608 2681 1973 2739; x_wconf 90' lang='lat' dir='ltr'><strong>senatum</strong></span> <span class='ocrx_word' id='word_1_190' title='bbox 2045 2673 2362 2756; x_wconf 86' lang='lat' dir='ltr'><strong>aliquid</strong></span> <span class='ocrx_word' id='word_1_191' title='bbox 2419 2672 2753 2739; x_wconf 89' lang='lat' dir='ltr'><strong>consilii</strong></span> <span class='ocrx_word' id='word_1_192' title='bbox 2811 2693 2930 2737; x_wconf 90' lang='lat' dir='ltr'><strong>ca-</strong></span> 
     </span>
     <span class='ocr_line' id='line_1_21' title="bbox 618 2778 2932 2864; baseline -0 -20"><span class='ocrx_word' id='word_1_193' title='bbox 618 2801 814 2862; x_wconf 89' lang='lat' dir='ltr'><strong>pere</strong></span> <span class='ocrx_word' id='word_1_194' title='bbox 874 2781 1267 2863; x_wconf 90' lang='lat' dir='ltr'><strong>oportuit.</strong></span> <span class='ocrx_word' id='word_1_195' title='bbox 1372 2778 1495 2860; x_wconf 93' lang='lat' dir='ltr'><strong>(De</strong></span> <span class='ocrx_word' id='word_1_196' title='bbox 1541 2803 1777 2863; x_wconf 90' lang='lat' dir='ltr'><strong>quum</strong></span> <span class='ocrx_word' id='word_1_197' title='bbox 1827 2818 1906 2826; x_wconf 95' lang='lat'><strong>—-</strong></span> <span class='ocrx_word' id='word_1_198' title='bbox 1952 2782 2196 2846; x_wconf 88' lang='lat' dir='ltr'><strong>simul</strong></span> <span class='ocrx_word' id='word_1_199' title='bbox 2240 2783 2307 2845; x_wconf 92' lang='lat' dir='ltr'><strong>in</strong></span> <span class='ocrx_word' id='word_1_200' title='bbox 2351 2779 2667 2846; x_wconf 89' lang='lat' dir='ltr'><strong>hocloco</strong></span> <span class='ocrx_word' id='word_1_201' title='bbox 2714 2780 2932 2864; x_wconf 89' lang='lat' dir='ltr'><strong>posito</strong></span> 
     </span>
     <span class='ocr_line' id='line_1_22' title="bbox 619 2885 2726 2971; baseline 0.001 -22"><span class='ocrx_word' id='word_1_202' title='bbox 619 2885 806 2951; x_wconf 86' lang='lat' dir='ltr'><strong>valde</strong></span> <span class='ocrx_word' id='word_1_203' title='bbox 853 2886 1083 2952; x_wconf 90' lang='lat' dir='ltr'><strong>dubito</strong></span> <span class='ocrx_word' id='word_1_204' title='bbox 1131 2908 1511 2971; x_wconf 88' lang='lat' dir='ltr'><strong>vereorque,</strong></span> <span class='ocrx_word' id='word_1_205' title='bbox 1559 2911 1641 2952; x_wconf 91' lang='lat' dir='ltr'><strong>ne</strong></span> <span class='ocrx_word' id='word_1_206' title='bbox 1689 2909 1924 2970; x_wconf 91' lang='lat' dir='ltr'><strong>quum</strong></span> <span class='ocrx_word' id='word_1_207' title='bbox 1970 2910 2011 2953; x_wconf 89' lang='lat' dir='ltr'><strong>a</strong></span> <span class='ocrx_word' id='word_1_208' title='bbox 2056 2888 2233 2953; x_wconf 89' lang='lat' dir='ltr'><strong>mala</strong></span> <span class='ocrx_word' id='word_1_209' title='bbox 2277 2909 2473 2952; x_wconf 80' lang='lat' dir='ltr'><strong>manu</strong></span> <span class='ocrx_word' id='word_1_210' title='bbox 2522 2885 2726 2968; x_wconf 77' lang='lat' dir='ltr'><strong>sit.)²)</strong></span> 
     </span>
    </p>

    <p class='ocr_par' dir='ltr' id='par_1_3' title="bbox 619 2991 2935 3832">
     <span class='ocr_line' id='line_1_23' title="bbox 793 2991 2925 3078; baseline 0 -20"><span class='ocrx_word' id='word_1_211' title='bbox 793 2991 948 3078; x_wconf 88' lang='lat' dir='ltr'><strong>Cap.</strong></span> <span class='ocrx_word' id='word_1_212' title='bbox 1001 2996 1110 3073; x_wconf 87' lang='lat'>52,</span> <span class='ocrx_word' id='word_1_213' title='bbox 1171 2997 1228 3072; x_wconf 92' lang='lat'>2,</span> <span class='ocrx_word' id='word_1_214' title='bbox 1289 2995 1406 3060; x_wconf 91' lang='lat' dir='ltr'><strong>ubi</strong></span> <span class='ocrx_word' id='word_1_215' title='bbox 1463 2997 1530 3060; x_wconf 93' lang='lat' dir='ltr'><strong>in</strong></span> <span class='ocrx_word' id='word_1_216' title='bbox 1590 2995 1928 3060; x_wconf 89' lang='lat' dir='ltr'><strong>codicibus</strong></span> <span class='ocrx_word' id='word_1_217' title='bbox 1972 2995 2165 3060; x_wconf 91' lang='lat' dir='ltr'><strong>bonis</strong></span> <span class='ocrx_word' id='word_1_218' title='bbox 2213 3017 2534 3062; x_wconf 89' lang='lat' dir='ltr'><strong>consensu</strong></span> <span class='ocrx_word' id='word_1_219' title='bbox 2584 2994 2925 3060; x_wconf 88' lang='lat' dir='ltr'><strong>scribitur:</strong></span> 
     </span>
     <span class='ocr_line' id='line_1_24' title="bbox 620 3102 2928 3186; baseline 0 -21"><span class='ocrx_word' id='word_1_220' title='bbox 620 3103 1142 3186; x_wconf 86' lang='lat' dir='ltr'><strong>sciturosque</strong></span> <span class='ocrx_word' id='word_1_221' title='bbox 1235 3103 1406 3167; x_wconf 87' lang='lat' dir='ltr'><strong>sine</strong></span> <span class='ocrx_word' id='word_1_222' title='bbox 1498 3104 1909 3168; x_wconf 89' lang='lat' dir='ltr'><strong>restituta</strong></span> <span class='ocrx_word' id='word_1_223' title='bbox 2003 3110 2420 3186; x_wconf 84' lang='lat' dir='ltr'><strong>potestate</strong></span> <span class='ocrx_word' id='word_1_224' title='bbox 2502 3102 2772 3186; x_wconf 86' lang='lat' dir='ltr'><strong>redigi</strong></span> <span class='ocrx_word' id='word_1_225' title='bbox 2850 3104 2928 3166; x_wconf 92' lang='lat' dir='ltr'><strong>in</strong></span> 
     </span>
     <span class='ocr_line' id='line_1_25' title="bbox 620 3209 2931 3295; baseline 0.001 -22"><span class='ocrx_word' id='word_1_226' title='bbox 620 3209 1137 3275; x_wconf 83' lang='lat' dir='ltr'><strong>concordiam</strong></span> <span class='ocrx_word' id='word_1_227' title='bbox 1184 3231 1312 3274; x_wconf 88' lang='lat' dir='ltr'><strong>res</strong></span> <span class='ocrx_word' id='word_1_228' title='bbox 1359 3218 1789 3293; x_wconf 86' lang='lat' dir='ltr'><strong>nequeant,</strong></span> <span class='ocrx_word' id='word_1_229' title='bbox 1836 3209 2086 3276; x_wconf 86' lang='lat' dir='ltr'><strong>frustra</strong></span> <span class='ocrx_word' id='word_1_230' title='bbox 2121 3211 2428 3275; x_wconf 90' lang='lat' dir='ltr'><strong>mendum</strong></span> <span class='ocrx_word' id='word_1_231' title='bbox 2468 3210 2931 3295; x_wconf 87' lang='lat' dir='ltr'><strong>interpolando</strong></span> 
     </span>
     <span class='ocr_line' id='line_1_26' title="bbox 620 3316 2931 3402; baseline 0 -20"><span class='ocrx_word' id='word_1_232' title='bbox 620 3317 941 3382; x_wconf 91' lang='lat' dir='ltr'><strong>occultari</strong></span> <span class='ocrx_word' id='word_1_233' title='bbox 987 3316 1563 3402; x_wconf 88' lang='lat' dir='ltr'><strong>(sciturosque,</strong></span> <span class='ocrx_word' id='word_1_234' title='bbox 1612 3317 1822 3402; x_wconf 90' lang='lat' dir='ltr'><strong>quod</strong></span> <span class='ocrx_word' id='word_1_235' title='bbox 1865 3317 2328 3402; x_wconf 90' lang='lat' dir='ltr'><strong>nequeant),</strong></span> <span class='ocrx_word' id='word_1_236' title='bbox 2374 3317 2628 3401; x_wconf 90' lang='lat' dir='ltr'><strong>pridem</strong></span> <span class='ocrx_word' id='word_1_237' title='bbox 2673 3318 2931 3384; x_wconf 87' lang='lat' dir='ltr'><strong>ostendi</strong></span> 
     </span>
     <span class='ocr_line' id='line_1_27' title="bbox 620 3423 2927 3508; baseline 0.001 -20"><span class='ocrx_word' id='word_1_238' title='bbox 620 3423 860 3507; x_wconf 89' lang='lat' dir='ltr'><strong>Opusc.</strong></span> <span class='ocrx_word' id='word_1_239' title='bbox 908 3423 1108 3488; x_wconf 90' lang='lat' dir='ltr'><strong>Acad.</strong></span> <span class='ocrx_word' id='word_1_240' title='bbox 1156 3423 1222 3487; x_wconf 92' lang='lat'><strong>11</strong></span> <span class='ocrx_word' id='word_1_241' title='bbox 1281 3448 1342 3507; x_wconf 90' lang='lat' dir='ltr'><strong>p.</strong></span> <span class='ocrx_word' id='word_1_242' title='bbox 1391 3428 1535 3489; x_wconf 89' lang='grc'>235.</span> <span class='ocrx_word' id='word_1_243' title='bbox 1620 3425 2010 3491; x_wconf 90' lang='lat' dir='ltr'><strong>Medicinam</strong></span> <span class='ocrx_word' id='word_1_244' title='bbox 2068 3448 2197 3492; x_wconf 92' lang='lat' dir='ltr'><strong>non</strong></span> <span class='ocrx_word' id='word_1_245' title='bbox 2244 3425 2674 3508; x_wconf 87' lang='lat' dir='ltr'><strong>reperiebam.</strong></span> <span class='ocrx_word' id='word_1_246' title='bbox 2758 3425 2927 3491; x_wconf 88' lang='lat' dir='ltr'><strong>Eam</strong></span> 
     </span>
     <span class='ocr_line' id='line_1_28' title="bbox 619 3528 2932 3617; baseline 0.002 -24"><span class='ocrx_word' id='word_1_247' title='bbox 619 3530 1102 3613; x_wconf 86' lang='lat' dir='ltr'><strong>Bezzenberger</strong></span> <span class='ocrx_word' id='word_1_248' title='bbox 1159 3528 1393 3594; x_wconf 87' lang='lat' dir='ltr'><strong>afferre</strong></span> <span class='ocrx_word' id='word_1_249' title='bbox 1454 3538 1731 3597; x_wconf 87' lang='lat' dir='ltr'><strong>conatus</strong></span> <span class='ocrx_word' id='word_1_250' title='bbox 1792 3539 1922 3614; x_wconf 90' lang='lat' dir='ltr'><strong>est,</strong></span> <span class='ocrx_word' id='word_1_251' title='bbox 1992 3534 2106 3617; x_wconf 91' lang='lat' dir='ltr'><strong>qui</strong></span> <span class='ocrx_word' id='word_1_252' title='bbox 2161 3532 2530 3598; x_wconf 71' lang='lat' dir='ltr'><strong>tribuniciae</strong></span> <span class='ocrx_word' id='word_1_253' title='bbox 2575 3536 2932 3617; x_wconf 89' lang='lat' dir='ltr'><strong>potestatis</strong></span> 
     </span>
     <span class='ocr_line' id='line_1_29' title="bbox 620 3635 2935 3725; baseline 0.003 -25"><span class='ocrx_word' id='word_1_254' title='bbox 620 3635 1196 3720; x_wconf 84' lang='lat' dir='ltr'><strong>significationem,</strong></span> <span class='ocrx_word' id='word_1_255' title='bbox 1258 3658 1401 3719; x_wconf 89' lang='lat' dir='ltr'><strong>quae</strong></span> <span class='ocrx_word' id='word_1_256' title='bbox 1458 3639 1689 3705; x_wconf 88' lang='lat' dir='ltr'><strong>abesse</strong></span> <span class='ocrx_word' id='word_1_257' title='bbox 1759 3643 2096 3725; x_wconf 90' lang='lat' dir='ltr'><strong>nequiret,</strong></span> <span class='ocrx_word' id='word_1_258' title='bbox 2153 3641 2220 3704; x_wconf 92' lang='lat' dir='ltr'><strong>in</strong></span> <span class='ocrx_word' id='word_1_259' title='bbox 2266 3642 2738 3724; x_wconf 85' lang='lat' dir='ltr'><strong>interrogativa</strong></span> <span class='ocrx_word' id='word_1_260' title='bbox 2785 3663 2935 3707; x_wconf 86' lang='lat' dir='ltr'><strong>ora-</strong></span> 
     </span>
     <span class='ocr_line' id='line_1_30' title="bbox 623 3744 2930 3832; baseline 0.003 -26"><span class='ocrx_word' id='word_1_261' title='bbox 623 3745 821 3809; x_wconf 88' lang='lat' dir='ltr'><strong>tionis</strong></span> <span class='ocrx_word' id='word_1_262' title='bbox 867 3744 1081 3809; x_wconf 88' lang='lat' dir='ltr'><strong>forma</strong></span> <span class='ocrx_word' id='word_1_263' title='bbox 1123 3746 1338 3811; x_wconf 91' lang='lat' dir='ltr'><strong>inesse</strong></span> <span class='ocrx_word' id='word_1_264' title='bbox 1384 3746 1547 3811; x_wconf 84' lang='lat' dir='ltr'><strong>vidit</strong></span> <span class='ocrx_word' id='word_1_265' title='bbox 1592 3753 1659 3812; x_wconf 92' lang='lat' dir='ltr'><strong>et</strong></span> <span class='ocrx_word' id='word_1_266' title='bbox 1706 3749 1799 3812; x_wconf 92' lang='lat' dir='ltr'><strong>sic</strong></span> <span class='ocrx_word' id='word_1_267' title='bbox 1848 3748 2042 3813; x_wconf 92' lang='lat' dir='ltr'><strong>simul</strong></span> <span class='ocrx_word' id='word_1_268' title='bbox 2090 3749 2438 3832; x_wconf 84' lang='lat' dir='ltr'><strong>expedivit,</strong></span> <span class='ocrx_word' id='word_1_269' title='bbox 2497 3770 2629 3832; x_wconf 89' lang='lat' dir='ltr'><strong>qua</strong></span> <span class='ocrx_word' id='word_1_270' title='bbox 2673 3750 2930 3814; x_wconf 87' lang='lat' dir='ltr'><strong>ratione</strong></span> 
     </span>
    </p>
   </div>
   <div class='ocr_carea' id='block_1_3' title="bbox 635 3880 1072 3890">
    <p class='ocr_par' dir='ltr' id='par_1_4' title="bbox 635 3880 1072 3890">
     <span class='ocr_line' id='line_1_31' title="bbox 635 3880 1072 3890; baseline 0 1392"><span class='ocrx_word' id='word_1_271' title='bbox 635 3880 1072 3890; x_wconf 95' lang='lat' dir='ltr'><strong> </strong></span> 
     </span>
    </p>
   </div>
   <div class='ocr_carea' id='block_1_4' title="bbox 678 3926 2956 4344">
    <p class='ocr_par' dir='ltr' id='par_1_5' title="bbox 678 3926 2956 4344">
     <span class='ocr_line' id='line_1_32' title="bbox 678 3926 2932 4003; baseline 0.003 -23"><span class='ocrx_word' id='word_1_272' title='bbox 678 3927 726 3992; x_wconf 87' lang='lat'><strong>¹)</strong></span> <span class='ocrx_word' id='word_1_273' title='bbox 765 3926 1006 3995; x_wconf 84' lang='lat' dir='ltr'><strong>[Eodem</strong></span> <span class='ocrx_word' id='word_1_274' title='bbox 1041 3929 1209 3983; x_wconf 90' lang='lat' dir='ltr'><strong>modo</strong></span> <span class='ocrx_word' id='word_1_275' title='bbox 1248 3929 1447 3985; x_wconf 73' lang='lat' dir='ltr'><strong>Graece</strong></span> <span class='ocrx_word' id='word_1_276' title='bbox 1484 3932 1719 4000; x_wconf 89' lang='lat' dir='ltr'><strong>ponitur</strong></span> <span class='ocrx_word' id='word_1_277' title='bbox 1754 3941 1828 3986; x_wconf 71' lang='grc' dir='ltr'><strong>δεῖ</strong></span> <span class='ocrx_word' id='word_1_278' title='bbox 1858 3933 2071 4003; x_wconf 87' lang='lat' dir='ltr'><strong>(Eurip.</strong></span> <span class='ocrx_word' id='word_1_279' title='bbox 2107 3933 2226 3989; x_wconf 90' lang='lat' dir='ltr'><strong>Ion.</strong></span> <span class='ocrx_word' id='word_1_280' title='bbox 2267 3935 2384 4000; x_wconf 87' lang='lat'>291,</span> <span class='ocrx_word' id='word_1_281' title='bbox 2422 3934 2787 3990; x_wconf 89' lang='lat' dir='ltr'><strong>Demosthen.</strong></span> <span class='ocrx_word' id='word_1_282' title='bbox 2810 3934 2932 4003; x_wconf 86' lang='lat' dir='ltr'>XX,</span> 
     </span>
     <span class='ocr_line' id='line_1_33' title="bbox 755 4012 2935 4089; baseline 0.003 -23"><span class='ocrx_word' id='word_1_283' title='bbox 755 4012 864 4080; x_wconf 85' lang='grc'>84),</span> <span class='ocrx_word' id='word_1_284' title='bbox 919 4030 1036 4067; x_wconf 90' lang='lat' dir='ltr'><strong>non</strong></span> <span class='ocrx_word' id='word_1_285' title='bbox 1080 4014 1262 4069; x_wconf 82' lang='lat' dir='ltr'><strong>solum</strong></span> <span class='ocrx_word' id='word_1_286' title='bbox 1304 4026 1474 4082; x_wconf 67' lang='grc' dir='ltr'><strong><em>μέλλω.</em></strong></span> <span class='ocrx_word' id='word_1_287' title='bbox 1565 4017 1804 4072; x_wconf 86' lang='lat' dir='ltr'><strong>Paulum</strong></span> <span class='ocrx_word' id='word_1_288' title='bbox 1839 4018 2181 4086; x_wconf 85' lang='lat' dir='ltr'><strong>Manutium,</strong></span> <span class='ocrx_word' id='word_1_289' title='bbox 2236 4020 2420 4072; x_wconf 86' lang='lat' dir='ltr'><strong>virum</strong></span> <span class='ocrx_word' id='word_1_290' title='bbox 2467 4020 2780 4088; x_wconf 84' lang='lat' dir='ltr'><strong>egregium,</strong></span> <span class='ocrx_word' id='word_1_291' title='bbox 2837 4022 2935 4089; x_wconf 92' lang='lat' dir='ltr'><strong>qui</strong></span> 
     </span>
     <span class='ocr_line' id='line_1_34' title="bbox 757 4097 2934 4174; baseline 0.005 -24"><span class='ocrx_word' id='word_1_292' title='bbox 757 4097 961 4152; x_wconf 87' lang='lat' dir='ltr'><strong>abusus</strong></span> <span class='ocrx_word' id='word_1_293' title='bbox 999 4117 1112 4153; x_wconf 93' lang='lat' dir='ltr'><strong>uno</strong></span> <span class='ocrx_word' id='word_1_294' title='bbox 1151 4105 1208 4153; x_wconf 88' lang='lat' dir='ltr'><strong>et</strong></span> <span class='ocrx_word' id='word_1_295' title='bbox 1242 4101 1422 4155; x_wconf 85' lang='lat' dir='ltr'><strong>altero</strong></span> <span class='ocrx_word' id='word_1_296' title='bbox 1461 4103 1605 4169; x_wconf 89' lang='lat' dir='ltr'><strong>loco,</strong></span> <span class='ocrx_word' id='word_1_297' title='bbox 1646 4104 1741 4156; x_wconf 89' lang='lat' dir='ltr'><strong>ubi</strong></span> <span class='ocrx_word' id='word_1_298' title='bbox 1777 4121 1981 4173; x_wconf 87' lang='lat' dir='ltr'><strong>posse</strong></span> <span class='ocrx_word' id='word_1_299' title='bbox 2020 4109 2108 4158; x_wconf 87' lang='lat' dir='ltr'><strong>est</strong></span> <span class='ocrx_word' id='word_1_300' title='bbox 2143 4105 2373 4172; x_wconf 88' lang='lat' dir='ltr'><strong>licere,</strong></span> <span class='ocrx_word' id='word_1_301' title='bbox 2409 4105 2745 4174; x_wconf 81' lang='lat' dir='ltr'><strong>perleges</strong></span> <span class='ocrx_word' id='word_1_302' title='bbox 2776 4104 2934 4161; x_wconf 85' lang='lat' dir='ltr'><strong>fieri</strong></span> 
     </span>
     <span class='ocr_line' id='line_1_35' title="bbox 757 4185 2956 4260; baseline 0.004 -25"><span class='ocrx_word' id='word_1_303' title='bbox 757 4199 977 4250; x_wconf 87' lang='lat' dir='ltr'><strong>posse,</strong></span> <span class='ocrx_word' id='word_1_304' title='bbox 1046 4185 1212 4238; x_wconf 90' lang='lat' dir='ltr'><strong>etiam</strong></span> <span class='ocrx_word' id='word_1_305' title='bbox 1266 4204 1372 4255; x_wconf 91' lang='lat' dir='ltr'><strong>pro</strong></span> <span class='ocrx_word' id='word_1_306' title='bbox 1432 4195 1757 4258; x_wconf 88' lang='lat' dir='ltr'><strong>oportere</strong></span> <span class='ocrx_word' id='word_1_307' title='bbox 1813 4189 1925 4242; x_wconf 89' lang='lat' dir='ltr'><strong>dici</strong></span> <span class='ocrx_word' id='word_1_308' title='bbox 1977 4207 2145 4258; x_wconf 88' lang='lat' dir='ltr'><strong>posse</strong></span> <span class='ocrx_word' id='word_1_309' title='bbox 2198 4190 2397 4244; x_wconf 87' lang='lat' dir='ltr'><strong>statuit</strong></span> <span class='ocrx_word' id='word_1_310' title='bbox 2453 4188 2548 4257; x_wconf 88' lang='lat' dir='ltr'><strong>(ad</strong></span> <span class='ocrx_word' id='word_1_311' title='bbox 2600 4190 2709 4245; x_wconf 89' lang='lat' dir='ltr'><strong>Cic.</strong></span> <span class='ocrx_word' id='word_1_312' title='bbox 2767 4191 2956 4260; x_wconf 70' lang='lat' dir='ltr'><strong>epist.⁴</strong></span> 
     </span>
     <span class='ocr_line' id='line_1_36' title="bbox 758 4267 2654 4344; baseline 0.005 -25"><span class='ocrx_word' id='word_1_313' title='bbox 758 4267 828 4320; x_wconf 85' lang='lat' dir='ltr'><strong>ad</strong></span> <span class='ocrx_word' id='word_1_314' title='bbox 863 4269 979 4320; x_wconf 85' lang='lat' dir='ltr'><strong>Att.</strong></span> <span class='ocrx_word' id='word_1_315' title='bbox 1019 4269 1091 4335; x_wconf 94' lang='lat' dir='ltr'>II,</span> <span class='ocrx_word' id='word_1_316' title='bbox 1125 4272 1174 4336; x_wconf 90' lang='grc'><strong>9,</strong></span> <span class='ocrx_word' id='word_1_317' title='bbox 1216 4275 1240 4322; x_wconf 93' lang='lat'>1</span> <span class='ocrx_word' id='word_1_318' title='bbox 1282 4277 1338 4324; x_wconf 87' lang='lat' dir='ltr'><strong>et</strong></span> <span class='ocrx_word' id='word_1_319' title='bbox 1373 4272 1468 4340; x_wconf 88' lang='lat'>111,</span> <span class='ocrx_word' id='word_1_320' title='bbox 1512 4275 1588 4338; x_wconf 90' lang='lat'>15,</span> <span class='ocrx_word' id='word_1_321' title='bbox 1628 4273 1698 4340; x_wconf 86' lang='lat'>4),</span> <span class='ocrx_word' id='word_1_322' title='bbox 1736 4292 1851 4328; x_wconf 92' lang='lat' dir='ltr'><strong>non</strong></span> <span class='ocrx_word' id='word_1_323' title='bbox 1888 4279 2027 4342; x_wconf 93' lang='lat' dir='ltr'><strong>puto</strong></span> <span class='ocrx_word' id='word_1_324' title='bbox 2064 4293 2214 4329; x_wconf 91' lang='lat' dir='ltr'><strong>nunc</strong></span> <span class='ocrx_word' id='word_1_325' title='bbox 2249 4273 2654 4344; x_wconf 75' lang='lat' dir='ltr'><strong>refellendum]</strong></span> 
     </span>
    </p>
   </div>
   <div class='ocr_carea' id='block_1_5' title="bbox 673 4351 2935 4497">
    <p class='ocr_par' dir='ltr' id='par_1_6' title="bbox 673 4351 2935 4497">
     <span class='ocr_line' id='line_1_37' title="bbox 673 4351 2935 4427; baseline 0.005 -24"><span class='ocrx_word' id='word_1_326' title='bbox 673 4355 723 4418; x_wconf 65' lang='grc'><strong>2)</strong></span> <span class='ocrx_word' id='word_1_327' title='bbox 761 4351 891 4420; x_wconf 88' lang='lat' dir='ltr'><strong>Cap.</strong></span> <span class='ocrx_word' id='word_1_328' title='bbox 932 4356 1013 4418; x_wconf 90' lang='lat'>51,</span> <span class='ocrx_word' id='word_1_329' title='bbox 1064 4357 1125 4406; x_wconf 86' lang='grc'><strong>12</strong></span> <span class='ocrx_word' id='word_1_330' title='bbox 1162 4373 1262 4422; x_wconf 87' lang='lat' dir='ltr'><strong>pro</strong></span> <span class='ocrx_word' id='word_1_331' title='bbox 1308 4356 1392 4409; x_wconf 87' lang='lat' dir='ltr'><strong>Et</strong></span> <span class='ocrx_word' id='word_1_332' title='bbox 1439 4358 1700 4412; x_wconf 81' lang='lat' dir='ltr'><strong>leniter</strong></span> <span class='ocrx_word' id='word_1_333' title='bbox 1747 4364 1845 4413; x_wconf 88' lang='lat' dir='ltr'><strong>aut</strong></span> <span class='ocrx_word' id='word_1_334' title='bbox 1881 4360 2239 4414; x_wconf 86' lang='lat' dir='ltr'><strong>scribendum</strong></span> <span class='ocrx_word' id='word_1_335' title='bbox 2276 4360 2408 4416; x_wconf 85' lang='lat' dir='ltr'><strong>Sed</strong></span> <span class='ocrx_word' id='word_1_336' title='bbox 2451 4361 2717 4415; x_wconf 90' lang='lat' dir='ltr'><strong>leniter</strong></span> <span class='ocrx_word' id='word_1_337' title='bbox 2754 4360 2935 4427; x_wconf 85' lang='lat'>(1861)</span> 
     </span>
     <span class='ocr_line' id='line_1_38' title="bbox 757 4440 1421 4497; baseline 0.008 -6"><span class='ocrx_word' id='word_1_338' title='bbox 757 4443 858 4492; x_wconf 80' lang='lat' dir='ltr'><strong>aut</strong></span> <span class='ocrx_word' id='word_1_339' title='bbox 891 4443 1114 4493; x_wconf 84' lang='lat' dir='ltr'><strong>tantum</strong></span> <span class='ocrx_word' id='word_1_340' title='bbox 1148 4440 1421 4497; x_wconf 88' lang='lat' dir='ltr'><strong>leniter.</strong></span> 
     </span>
    </p>
   </div>
  </div>
 </body>
</html>
