3230 5282
1469 599 1590 660 385
2320 610 2444 665 Lib.
2482 610 2679 664 XXVI.

365 793 634 850 tantum
678 783 1022 861 arbitrari,
1079 790 1146 847 et
1190 781 1444 862 XXIII,
1503 787 1558 861 5,
1622 787 1718 863 15,
1777 783 1888 848 ubi
1935 782 2354 865 apertissima
2398 788 2498 846 est
2544 782 2682 865 opi-

373 894 618 972 nionis,
685 914 817 958 non
887 903 1082 956 certae
1149 893 1246 955 rei
1317 890 1761 972 significatio).
1873 891 2003 957 Sed
2061 892 2328 975 aptiora
2384 889 2685 973 exempla

373 1022 531 1066 usus
598 999 782 1065 verbi
850 999 1219 1064 arbitror
1283 1000 1354 1063 in
1420 1000 1803 1065 testimonio
1872 998 2146 1064 dicendo
2215 1000 2415 1063 etiam
2473 997 2555 1062 de
2610 1018 2681 1063 re

369 1117 559 1173 certa
602 1109 747 1192 ipse
792 1105 877 1171 ad
921 1106 1049 1186 111,
1114 1110 1190 1169 13
1239 1106 1595 1190 adscripsit
1642 1129 1720 1172 ex
1769 1105 1901 1172 Cic.
1948 1129 2069 1191 pro
2115 1106 2389 1172 Fonteio
2440 1109 2538 1184 13,
2601 1109 2679 1170 29

369 1225 440 1281 et
483 1217 687 1282 Acad.
734 1214 816 1296 11,
876 1219 978 1292 47,
1043 1219 1160 1278 146
1225 1214 1416 1295 (Livii
1472 1215 1691 1280 locum
1736 1214 1843 1294 IV,
1899 1220 2000 1294 40,
2047 1219 2084 1280 6
2132 1215 2446 1280 omissum
2491 1236 2682 1297 opor·

365 1324 547 1405 tuit).
636 1323 886 1388 Eodem
932 1324 1266 1406 pertinent
1314 1323 1441 1388 duo
1489 1323 1602 1387 alii
1650 1321 1980 1389 Ciceronis
2023 1322 2174 1402 loci,
2220 1322 2305 1386 ad
2349 1322 2528 1387 Fam.
2567 1321 2682 1402 111,

374 1437 433 1512 8,
471 1436 506 1495 3
555 1431 826 1516 (idque
872 1452 986 1496 me
1032 1430 1399 1496 arbitror
1444 1429 1847 1515 Synnadis
1894 1430 2172 1495 multis
2216 1430 2491 1496 verbis
2537 1451 2679 1514 pro

372 1540 779 1606 tribunali
836 1536 1432 1623 disputavisse)
1494 1546 1560 1604 et
1614 1539 1799 1604 Brut.
1846 1543 1959 1617 81,
2017 1541 2160 1602 281.
2264 1536 2326 1620 [ἓ
2390 1542 2500 1617 13,
2569 1538 2681 1603 ubi

371 1648 705 1713 indicatur
749 1654 1206 1731 argumentum
1251 1648 1619 1727 rogationis
1665 1647 1750 1712 ad
1796 1647 2051 1730 plebem
2094 1646 2264 1725 latae,
2311 1647 2679 1712 necessario

367 1757 581 1820 Fulvii
627 1756 875 1821 nomini
919 1775 1295 1840 praenomen
1340 1755 1851 1839 praeponendum
1898 1744 2017 1818 est.
2092 1753 2166 1818 In
2214 1753 2441 1818 eadem
2489 1775 2679 1837 para-

367 1864 625 1948 grapho
682 1863 912 1929 verba:
994 1883 1358 1948 quosque
1415 1879 1570 1927 una
1629 1883 1891 1928 secum
1958 1860 2346 1926 dedidere
2407 1868 2583 1927 recte
2642 1883 2682 1927 a

371 1971 824 2055 superioribus
871 1970 1234 2036 editoribus
1282 1971 1524 2035 omissa
1570 1990 1715 2034 esse
1761 1969 2097 2048 videntur,
2155 1976 2302 2033 orta
2356 1951 2436 2034 eir
2481 1970 2681 2034 ditto-

372 2079 650 2164 graphia
706 2087 774 2144 et
831 2080 1258 2156 correctione,
1318 2099 1521 2161 quum
1565 2078 1885 2161 scriptum
1932 2083 2107 2141 esset
2152 2097 2514 2161 quosque
2559 2099 2679 2161 pro

368 2209 730 2271 quaeque.
842 2186 1076 2268 Agitur
1154 2185 1233 2250 de
1318 2186 1515 2250 certis
1594 2184 1965 2250 hominibus
2033 2190 2102 2248 et
2167 2205 2392 2250 eorum
2458 2184 2676 2251 rebus.

369 2296 542 2359 Male
590 2295 868 2361 aliorum
914 2293 1251 2358 hominum
1298 2292 1690 2373 significatio
1737 2294 2200 2375 interponitur.
2297 2291 2506 2374 1863]

547 2401 700 2486 Cap.
753 2406 852 2482 36,
914 2406 950 2466 3
999 2402 1095 2485 (in
1141 2401 1226 2466 M.
1275 2401 1522 2465 Laevini
1569 2400 1853 2466 consulis
1899 2402 2196 2466 oratione
2244 2400 2323 2464 de
2369 2422 2529 2466 auro
2575 2423 2679 2466 ar-

368 2519 704 2593 gentoque
785 2518 850 2575 et
928 2531 1055 2575 aere
1133 2509 1218 2574 ad
1285 2507 1560 2572 classem
1629 2508 1993 2591 parandam
2061 2507 2519 2591 conferendo):
2602 2508 2678 2574 Si

372 2618 563 2701 quid
633 2618 1069 2702 iniungere
1136 2615 1516 2682 inferiori
1584 2615 1816 2696 velis,
1884 2616 1964 2681 id
2032 2618 2255 2700 prius
2324 2617 2399 2682 in
2456 2624 2533 2682 te
2591 2637 2679 2682 ac

369 2734 558 2792 tuos
634 2729 698 2792 si
767 2728 940 2811 ipse
1010 2726 1214 2791 iuris
1275 2726 1706 2804 statueris,
1773 2724 2106 2790 facilius
2163 2745 2431 2789 omnes
2492 2725 2677 2791 obe-

367 2836 693 2900 dien-tes
740 2835 1060 2900 habeas.
1141 2832 1439 2898 Alterum
1483 2833 1551 2897 si
1595 2831 2004 2897 incommodo
2048 2832 2194 2897 loco
2240 2833 2679 2915 interponitur

367 2943 545 3007 inter
611 2950 687 3008 te
758 2962 847 3007 ac
913 2949 1096 3007 tuos
1164 2947 1233 3005 et
1297 2942 1470 3024 ipse
1538 2947 1607 3005 et
1672 2960 1948 3024 pravum
2014 2938 2110 3019 (in
2178 2939 2303 3004 hac
2359 2940 2676 3005 orationis

367 3050 610 3131 forma)
678 3047 939 3132 pondus
998 3049 1066 3112 in
1120 3049 1216 3112 id·
1255 3069 1617 3132 pronomen
1674 3048 2046 3112 inclinatur.
2161 3047 2381 3128 Longe
2438 3049 2677 3111 rectior

371 3158 587 3221 oratio
644 3158 800 3231 erit,
861 3157 948 3231 si,
1014 3155 1275 3220 sublato
1337 3155 1546 3220 altero
1591 3148 1657 3219 si
1704 3153 1907 3236 (quod
1956 3174 2036 3219 ex
2080 3155 2521 3235 geminatione
2567 3154 2674 3219 lit-

367 3270 660 3328 terarum
706 3284 735 3325 s
780 3270 847 3328 et
890 3262 913 3324 l
959 3271 1173 3328 ortum
1220 3263 1364 3344 est),
1411 3263 1781 3346 scripseris:
1844 3261 1942 3341 Si,
1987 3260 2195 3345 quod
2241 3261 2665 3345 iniungere
2704 3274 2845 3345 (315)

299 3407 310 3415 ·
369 3372 757 3437 inferiori
823 3370 1042 3447 velis,
1109 3370 1189 3435 id
1258 3371 1483 3453 prius
1550 3372 1632 3434 in
1698 3378 1774 3434 te
1842 3390 1930 3434 ac
1997 3378 2180 3435 tuos
2246 3370 2418 3454 ipse
2474 3371 2674 3435 iuris

367 3481 802 3559 statueris,
857 3478 1201 3544 facilius
1259 3485 1384 3543 cet.
1485 3477 1692 3542 Paulo
1747 3486 1900 3560 post
1932 3476 2018 3559 (ξ
2071 3478 2206 3557 ll),
2265 3477 2378 3541 ubi
2436 3478 2676 3542 descri-

369 3586 549 3652 bitur
616 3586 912 3652 studium
981 3595 1448 3670 certamenque
1518 3586 1854 3650 hominum
1913 3605 2147 3649 aurum
2203 3592 2674 3667 argentumque

363 3701 436 3759 et
513 3716 599 3759 aes
667 3694 1175 3774 conferentium,
1258 3716 1461 3775 quum
1528 3695 1596 3758 in
1661 3693 1712 3757 P
1781 3691 2141 3758 scribatur:
2223 3694 2672 3758 certamine

297 3790 300 3795 θ
368 3802 713 3881 iniect0‚
773 3809 860 3866 ut
914 3803 1172 3885 prima
1216 3806 1303 3866 ut
1347 3803 1562 3865 inter
1606 3801 1908 3884 primos
1954 3801 2273 3865 nomina
2319 3820 2461 3864 sua
2506 3799 2674 3864 vel-

368 3908 540 3974 lent
582 3910 659 3974 in
708 3909 1071 3993 publicis
1115 3908 1427 3974 tabulis
1473 3930 1669 3988 esse,
1716 3914 1994 3991 apparet
2038 3908 2453 3972 scribendum
2501 3928 2671 3971 esse:

368 4023 457 4083 ut
514 4019 772 4101 prima
817 4022 943 4079 nt
986 4016 1073 4097 (si
1120 4017 1407 4082 omnium
1453 4016 1648 4100 primi
1693 4037 1830 4080 esse
1876 4038 2007 4081 non
2054 4022 2351 4099 possent,
2411 4014 2672 4095 saltem)

367 4125 589 4189 inter
659 4126 968 4208 primos
1024 4124 1344 4189 nomina
1399 4144 1544 4188 sua
1599 4123 1904 4188 vellent
1959 4159 2040 4167 —-
2098 4144 2293 4188 esse.
2402 4122 2675 4186 Poterat

365 4232 588 4297 Livius
634 4240 776 4297 aut
820 4234 1040 4297 inter
1085 4233 1339 4315 prima
1385 4231 1704 4311 scribere3
1752 4230 1981 4295 maluit
2024 4230 2323 4311 alterum,
2370 4252 2450 4294 ne
2493 4229 2672 4294 amb-

368 4341 517 4423 igue
612 4347 1082 4405 concurrerent
1174 4342 1394 4404 inter
1481 4339 1739 4422 prima
1806 4339 2134 4403 nomina
2200 4359 2359 4402 sua.
2482 4336 2674 4415 Quod

365 4447 617 4513 editur:
699 4449 958 4531 prima
1024 4448 1236 4512 inter
1305 4448 1643 4530 primos,
1724 4447 1992 4510 nimium
2060 4452 2160 4510 est
2226 4451 2293 4509 et
2356 4446 2669 4526 ineptum.

2146 4564 2213 4615 25
