3230 5282
555 601 679 657 Lib.
717 601 810 655 VI.
1656 588 1775 649 160

558 780 633 840 ut
710 774 893 858 prius
969 772 1334 838 membrum
1410 773 1743 856 passivam
1822 771 2102 837 formam
2180 770 2426 835 habeat
2509 768 2603 850 (in
2670 789 2874 834 causa

559 881 990 965 significanda
1036 887 1102 945 et
1149 901 1248 960 ec,
1308 880 1486 964 quod
1531 881 1727 945 vitari
1774 880 2095 963 optimum
2138 879 2348 944 visum
2396 876 2529 959 sit),
2588 877 2874 941 alterum

559 992 840 1055 activam
889 987 998 1070 (de
1045 1010 1143 1068 eo,
1193 989 1371 1072 quod
1415 990 1631 1052 iacere
1678 988 1885 1051 visum
1933 988 2066 1069 sit).
2158 986 2408 1052 Trudi
2453 992 2553 1051 est
2597 987 2665 1050 in
2712 985 2870 1051 Lov.

558 1103 617 1177 4,
664 1086 889 1163 codice
934 1118 1066 1161 non
1110 1118 1263 1161 raro
1314 1097 1478 1161 scite
1526 1095 1894 1161 emendato.
1990 1093 2237 1177 (1875.)

732 1202 887 1288 Cap.
950 1208 1061 1284 27,
1132 1209 1167 1267 3
1239 1203 1378 1285 (ubi
1450 1204 1531 1267 de
1600 1205 1746 1268 aeris
1815 1203 2015 1268 alieni
2085 1204 2341 1267 incerta
2392 1202 2572 1267 fama
2626 1201 2870 1285 agitur)

556 1334 687 1377 non
745 1318 926 1377 recte
985 1312 1213 1376 scribi:
1285 1311 1936 1394 aggravantibus
2006 1331 2384 1375 summam
2453 1310 2695 1374 etiam
2750 1310 2871 1374 in-

389 1435 528 1503 (134)
567 1420 805 1485 vidiae
854 1421 1027 1485 eius
1071 1418 1434 1484 tribunis
1480 1419 1770 1503 plebis,
1817 1440 2052 1501 quum
2097 1418 2192 1483 ab
2240 1420 2345 1483 iis
2392 1418 2873 1497 elevaretur,

559 1527 856 1610 quibus
913 1526 1078 1592 fide
1135 1528 1392 1608 magis
1451 1547 1684 1609 quam
1738 1525 2079 1592 fortuna
2123 1526 2599 1592 debentium
2642 1526 2873 1592 labo-

557 1656 744 1700 rare
816 1635 1217 1699 creditum
1275 1634 1539 1699 videri
1599 1634 2128 1717 expediebat,
2193 1634 2483 1699 Antonio
2528 1633 2871 1698 Perizonio

559 1748 627 1807 et
670 1742 936 1807 Dukero
985 1741 1345 1822 assentior3
1389 1764 1602 1825 neque
1649 1744 1822 1806 enim
1866 1742 2189 1807 invidiae
2235 1762 2491 1807 summa
2535 1740 2876 1806 conficitur

559 1856 1066 1933 aggravaturve,
1134 1850 1250 1915 sed
1309 1850 1455 1915 aeris
1513 1849 1713 1914 alieni
1770 1871 2024 1916 summa
2079 1871 2228 1914 cum
2272 1849 2519 1914 invidia
2561 1869 2874 1932 aggrava-

559 1957 777 2022 batur.
890 1958 1150 2041 Neque,
1221 1958 1278 2023 si
1338 1979 1635 2023 summa
1689 1958 2014 2022 invidiae
2062 1957 2378 2036 cohaeret,
2445 1963 2625 2022 recte
2669 1958 2874 2022 inter-

561 2065 832 2148 ponitur
878 2067 1143 2130 etiam.
1217 2064 1650 2130 Scribendum
1677 2066 1943 2149 opinor:
1992 2065 2637 2148 aggravantibus
2676 2087 2872 2129 sum-

558 2194 752 2237 mam
799 2174 1045 2238 etiam
1091 2172 1570 2236 invidiosius
1609 2172 1837 2257 (quam
1872 2195 1993 2257 pro
2029 2174 2125 2237 rei
2160 2170 2463 2253 veritate)
2510 2172 2872 2238 tribunis

560 2279 851 2363 plebis.
973 2280 1277 2345 Dukerus
1360 2281 1776 2345 invidiose
1860 2279 2065 2345 scribi
2126 2280 2457 2359 voluerat,
2534 2301 2668 2346 non
2734 2286 2874 2345 tam

559 2376 768 2470 prope
828 2387 912 2451 ad
968 2386 1230 2452 traditae
1289 2389 1631 2471 scripturae
1687 2389 1998 2470 vestigia3
2064 2410 2185 2453 nec
2245 2389 2488 2453 etiam
2533 2395 2688 2472 apte
2732 2394 2875 2453 tum

560 2500 940 2578 poneretur.

736 2598 893 2686 Cap.
944 2606 1056 2683 29,
1127 2607 1167 2667 4
1235 2601 1345 2684 (de
1411 2602 1837 2669 Praenestinis
1899 2625 1939 2669 a
1995 2602 2066 2669 Τ.
2117 2601 2422 2680 Quinctio
2485 2601 2874 2670 Cincinnato

563 2709 890 2775 dictatore
952 2709 1202 2792 victis):
1272 2711 1398 2776 Ibi
1467 2711 1561 2793 (in
1620 2718 1975 2796 conspectu
2031 2712 2452 2777 Praenestinae
2508 2712 2719 2794 urbis)
2780 2734 2876 2776 ex

431 2867 436 2871 ⁴
560 2816 748 2900 fuga
830 2818 1221 2902 dissipati
1295 2819 1592 2898 locum,
1684 2840 1918 2901 quem
2006 2820 2548 2886 tumultuario
2629 2841 2875 2904 opere

562 2927 1169 3003 communirent,
1227 2928 1590 3011 capiunt.
1695 2926 1904 2991 Video
1949 2929 2351 3011 comparari,
2410 2927 2591 3012 quod
2632 2928 2878 3012 legitur

561 3032 733 3112 VIII,
782 3037 883 3113 24,
937 3038 1044 3097 1οε
1116 3034 1779 3116 contrahensque
1826 3055 2015 3099 suos
2063 3057 2153 3099 ex
2196 3035 2387 3118 fuga
2431 3036 2759 3119 palatos
2806 3043 2879 3101 et

562 3142 744 3223 quod
770 3139 989 3206 Caesar
1020 3141 1094 3206 B.
1122 3141 1197 3207 G.
1222 3142 1330 3221 VI,
1378 3146 1457 3205 35
1506 3142 1799 3225 scripsit:
1848 3143 2146 3208 multos
2194 3165 2285 3209 ex
2328 3143 2526 3225 fuga
2571 3144 2875 3227 disper-

562 3269 692 3312 sos
766 3250 1219 3333 excipiunt3
1292 3251 1408 3315 sed
1473 3256 1756 3331 utroque
1824 3250 1973 3316 loco
2044 3271 2134 3315 ex
2192 3250 2384 3334 fuga
2441 3250 2725 3315 refertur
2787 3251 2878 3316 ad

561 3356 910 3438 colligendi
960 3363 1025 3420 et
1071 3357 1503 3422 contrahendi
1549 3359 1917 3437 notionem,
1976 3380 2120 3440 quae
2165 3359 2234 3422 in
2281 3358 2477 3424 verbo
2524 3359 2879 3442 principali

563 3460 790 3542 (etiam
859 3464 926 3526 in
997 3464 1446 3547 excipiunt)
1516 3464 1806 3545 inest¹);
1876 3487 1966 3530 ex
2032 3466 2226 3549 fuga
2294 3467 2687 3549 dissipari
2755 3468 2878 3533 ho-

560 3569 766 3632 minos
826 3570 953 3633 dici
1007 3591 1206 3653 posse
1251 3591 1418 3653 nego
1465 3571 1592 3634 nisi
1638 3572 1761 3650 ita,
1829 3579 1903 3638 ut
1957 3561 2110 3658 post
2166 3576 2383 3658 ipsam
2440 3575 2719 3657 primam
2775 3574 2879 3641 fu-

561 3696 712 3757 gam
756 3677 1018 3758 longius
1068 3676 1302 3740 deinde
1351 3677 1631 3761 dispersi
1680 3680 2134 3762 significentur
2180 3681 2283 3762 (ut
2326 3680 2543 3762 XXII,
2605 3686 2713 3762 55,
2775 3681 2879 3764 4);

561 3784 788 3865 itaque
855 3804 1230 3866 perversum
1301 3791 1430 3864 est,
1501 3806 1612 3850 eos
1682 3787 1935 3871 aliquid
2004 3810 2093 3853 ex
2157 3788 2346 3870 fuga
2412 3789 2878 3873 dissipatos

561 3889 776 3953 facere
822 3891 918 3954 ita
965 3891 1121 3968 dici,
1178 3896 1253 3954 ut
1311 3891 1378 3955 id
1435 3899 1590 3976 post
1647 3892 1870 3976 fugam
1929 3917 1969 3960 a
2015 3896 2475 3977 colligentibus
2538 3918 2682 3961 sese
2739 3896 2880 3961 fac-

560 4003 702 4060 tum
747 3998 1183 4080 intellegatur.
1279 3998 1528 4063 Livium
1578 4002 1780 4084 igitur
1823 4003 1931 4067 hic
1975 4005 2316 4088 scripsisse
2362 4008 2557 4087 puto:
2615 4004 2739 4069 Ibi
2785 4026 2882 4069 ex

561 4102 748 4185 fuga
815 4103 1198 4185 dissipata
1262 4106 1529 4172 locum
1579 4144 1671 4155 —-
1714 4111 2083 4194 capiunt,
2151 4111 2702 4193 quemadmodum
2757 4112 2878 4178 lib.

619 4357 665 4423 ¹)
702 4357 881 4411 Aliter
925 4358 1134 4425 XLIII,
1193 4362 1281 4427 10,
1335 4363 1369 4414 8
1415 4360 1648 4416 dicitur:
1714 4367 1787 4417 ut
1833 4380 1994 4417 suos
2039 4364 2418 4434 dissipatos
2463 4363 2621 4434 fuga
2666 4365 2879 4420 colli-

699 4447 919 4510 geret3
957 4461 1090 4497 nam
1124 4442 1284 4512 fuga
1322 4445 1661 4515 dissipari
1696 4453 1912 4503 rectum
1949 4454 2048 4503 est.
