3230 5282
1429 624 1437 631 ·
1470 591 1591 649 421
2330 601 2455 656 Lib.
2492 600 2691 655 XXIX.

380 775 640 839 tantum
696 775 764 838 in
809 773 1236 839 formularum
1284 774 1685 839 carminibus
1731 774 2063 839 interdum
2106 776 2380 852 retinet,
2447 797 2580 839 non
2624 775 2693 839 in

380 882 747 961 narrando,
817 882 948 946 dici
1004 888 1229 947 tamen
1284 902 1433 946 cum
1490 882 1712 964 aliqua
1769 884 1986 966 specie
2044 888 2299 965 posset,
2370 883 2426 946 si
2482 881 2692 946 ullum

381 981 556 1055 esset
608 990 956 1072 vestigium
1000 990 1193 1055 huius
1240 990 1419 1054 verbi
1466 991 1644 1073 apud
1689 991 2093 1073 antiquiores
2140 990 2233 1054 sic
2279 991 2436 1074 poni
2484 990 2693 1070 soliti;

382 1098 501 1162 sed
545 1098 799 1163 nullum
845 1105 963 1163 est.
1052 1099 1274 1163 Livius
1320 1098 1660 1183 scripsisse
1707 1098 1966 1162 videtur
2011 1097 2444 1176 deiectum3
2491 1119 2571 1162 ex
2616 1117 2695 1162 eo

378 1206 649 1284 factum,
709 1214 782 1270 ut
828 1207 1201 1289 saepissime,
1260 1205 1687 1284 delectum,
1746 1212 1887 1270 tum
1933 1206 2415 1289 delegatum.
2509 1205 2686 1286 (De-
2721 1213 2864 1282 (843)

383 1313 590 1396 legit
633 1336 754 1396 pro
804 1314 1120 1379 deiecit
1163 1314 1213 1378 P
1261 1320 1330 1379 et
1376 1314 1576 1378 ceteri
1623 1313 1862 1393 XXIII,
1910 1319 2012 1392 47,
2063 1313 2149 1394 6.)

556 1421 712 1505 Cap.
763 1427 874 1501 24,
934 1427 1002 1484 4:
1071 1421 1523 1505 periculum
1580 1428 1784 1501 erat,
1842 1443 1934 1485 ne
1990 1456 2078 1466 —
2119 1423 2363 1486 timor
2423 1422 2503 1485 in
2563 1443 2693 1486 ex-

384 1531 725 1595 ercitum
783 1530 1222 1609 incideret,
1290 1551 1384 1594 ne
1447 1530 1685 1594 simul
1746 1551 1914 1593 cum
1967 1551 2156 1613 rege
2215 1535 2294 1594 et
2350 1527 2694 1595 Cartha-

383 1637 898 1717 giniensibus
945 1637 1165 1702 foret
1207 1637 1702 1702 bellandum.
1780 1637 1962 1702 Nove
2003 1643 2071 1702 et
2104 1638 2421 1702 inusitate
2460 1638 2695 1701 timor

385 1745 462 1808 in
541 1745 891 1828 aliquem
970 1745 1334 1810 incidere
1417 1745 1661 1809 dicitur
1731 1744 1952 1828 (quasi
2021 1767 2177 1810 casu
2245 1744 2511 1810 aliunde
2580 1746 2693 1810 ad-

382 1851 710 1934 veniens),
780 1874 913 1936 qua
980 1853 1243 1918 dicendi
1313 1853 1663 1917 insolentia
1733 1874 1861 1935 quo
1924 1854 2136 1916 minus
2192 1853 2447 1917 Livium
2504 1874 2695 1916 usum

383 1967 719 2044 putemus,
788 1958 1057 2026 obstant
1117 1962 1317 2026 etiam
1374 1961 1664 2038 codices,
1735 1961 1800 2024 in
1846 1960 2084 2042 quibus
2133 1968 2263 2025 est:
2333 1961 2408 2025 in
2470 1982 2695 2025 exer-

386 2069 555 2133 citu
623 2068 1073 2134 incederet.
1186 2069 1558 2152 Scripserat
1611 2068 1862 2132 Livius:
1933 2070 2009 2132 in
2070 2069 2434 2133 exercitu
2490 2069 2693 2132 insi-

386 2175 617 2241 deret
659 2176 825 2257 (sich
872 2175 1270 2258 festsetzen).
1359 2177 1448 2241 Et
1490 2178 1558 2240 in
1603 2176 1654 2240 P
1703 2182 1770 2240 et
1815 2178 1880 2241 in
1928 2175 2076 2241 aliis
2123 2177 2411 2258 antiquis
2457 2175 2695 2241 codici-

384 2284 509 2349 bus
557 2305 674 2367 pro
721 2285 1045 2350 insideo
1095 2285 1550 2367 similibusque
1596 2306 1769 2368 saepe
1817 2284 2129 2348 scribitur
2174 2284 2531 2349 insedeo,

558 2390 715 2475 Cap.
766 2396 879 2471 25,
940 2397 1008 2456 3:
1080 2391 1364 2458 Caelius
1421 2399 1505 2457 ut
1565 2393 1944 2457 abstinet
2000 2414 2356 2471 numer0,
2424 2393 2541 2456 ita
2597 2392 2695 2458 ad

386 2500 854 2565 immensum
911 2500 1476 2565 multitudinis
1536 2501 1891 2584 speciem
1948 2507 2213 2583 auget.
2328 2499 2437 2565 Sic
2479 2500 2560 2581 P,
2616 2522 2696 2564 ex

386 2628 513 2690 quo
570 2607 830 2673 videtur
885 2607 1256 2673 faciendum
1313 2610 1432 2674 ita
1484 2608 1561 2673 in
1619 2608 2111 2687 immensum,
2170 2629 2300 2691 quo
2349 2609 2543 2673 modo
2590 2630 2695 2675 ve-

384 2724 556 2781 teres
616 2716 998 2800 loquuntur.
1112 2716 1373 2782 Omissa
1441 2717 1911 2800 praepositione
1982 2722 2163 2781 ante·
2201 2719 2330 2796 im,
2398 2698 2697 2782 additum

382 2823 644 2889 videtur
690 2825 805 2888 ad.

556 2931 713 3015 Cap.
764 2938 865 3010 26,
915 2936 971 2997 5.
1075 2931 1266 3009 Quod
1310 2933 1379 2996 in
1425 2932 1766 2997 codicibus
1812 2932 2124 2997 scribitur
2170 2938 2236 2997 et
2279 2954 2320 2996 a
2363 2934 2693 2998 Weissen-

382 3040 618 3108 bornio
679 3042 1044 3123 repositum
1102 3048 1201 3105 est
1257 3062 1378 3105 nec
1431 3045 1656 3104 tamen
1712 3039 1904 3103 valde
1951 3038 2348 3104 defenditur:
2417 3039 2691 3124 Scipio

386 3147 542 3211 dux
601 3150 900 3230 partim
946 3148 1192 3212 factis
1237 3147 1625 3224 fortibus,
1686 3149 1981 3229 partim
2032 3154 2317 3231 suapte
2364 3147 2694 3214 fortuna

384 3255 730 3337 quadam
788 3256 1106 3337 ingenti
1164 3256 1257 3320 ad
1318 3257 1819 3320 incrementa
1861 3255 2144 3338 gloriae
2191 3255 2693 3336 celebratuS,

383 3362 624 3427 falsum
687 3385 831 3428 esse
893 3371 957 3428 et
1012 3364 1172 3429 ordo
1230 3364 1700 3429 adiectivorum
1746 3362 1918 3446 apud
1965 3385 2166 3427 unum
2212 3364 2693 3429 substantivum
2784 3392 2789 3397 ·

384 3470 774 3554 (fortuna)
821 3492 1021 3555 prave
1069 3472 1545 3536 cumulatorum
1580 3472 1872 3536 ostendit
1904 3477 1970 3535 et
2005 3472 2477 3554 magnitudinis
2512 3476 2695 3539 notio

382 3577 536 3643 hinc
604 3578 820 3643 aliena
888 3578 1068 3658 (nam
1133 3579 1359 3643 facta
1424 3579 1688 3643 fortia
1755 3586 1821 3643 et
1887 3601 2028 3643 sua
2095 3577 2427 3644 fortuna
2483 3603 2693 3663 quae-

386 3686 556 3752 dam
623 3688 793 3752 inter
864 3709 933 3751 se
1000 3687 1399 3769 referuntur)
1471 3694 1537 3753 et
1605 3688 2110 3752 incrementa
2164 3689 2444 3770 gloriae
2500 3692 2692 3755 nimis

382 3794 554 3858 nude
624 3796 934 3878 positum.
1047 3795 1280 3879 Itaque
1350 3796 1724 3878 superiores
1792 3796 2105 3860 edebant:
2174 3798 2537 3879 ingentis
2594 3798 2692 3863 ad

383 3903 893 3967 incrementa
952 3904 1269 3985 gloriae,
1337 3925 1467 3967 non
1526 3905 1740 3967 minus
1798 3925 1999 3986 pravo
2056 3904 2405 3969 verborum
2464 3906 2692 3971 ordine

384 4031 502 4074 nec
560 4009 879 4074 adiectivo
938 4012 1031 4089 ei,
1102 4012 1207 4073 cui
1254 4011 1637 4093 oportebat,
1709 4012 2118 4076 substantivo
2167 4014 2691 4095 accommodat03

381 4138 534 4181 nam
590 4118 994 4182 incrementa
1037 4117 1260 4200 gloriae
1306 4119 1597 4201 ingentia
1642 4125 1988 4197 notantur,
2047 4142 2176 4183 non
2233 4122 2516 4203 ingentis
2561 4124 2693 4187 iam

383 4245 503 4307 per
548 4246 617 4289 se
662 4225 885 4307 gloriae
933 4226 1351 4290 incrementa.
1421 4226 1696 4291 Videtur
1733 4227 1954 4292 Livius
1989 4228 2359 4311 scripsisse:
2408 4238 2691 4313 suapte

382 4330 723 4396 fortuna
801 4333 1149 4415 quadam
1232 4333 1309 4395 ln
1378 4335 1752 4417 ingentia
1830 4335 2335 4400 incrementa
2409 4336 2690 4419 gloriae

383 4439 860 4504 celebratus
908 4440 1008 4521 (ut
1053 4442 1295 4506 dicitur
1339 4443 1417 4505 in
1466 4444 1932 4507 immensum
1979 4450 2046 4507 et
2089 4443 2375 4524 similia).
2434 4444 2692 4508 Hausta
