3230 5282
592 607 714 661 Lib.
754 606 974 659 XXXV.
1690 591 1812 651 516

592 778 795 842 Item
856 777 946 841 de
993 775 1451 860 provinciis
1497 782 1930 859 praetorum
1976 775 2387 841 decretum
2435 786 2581 857 est,
2650 782 2907 863 prima

591 893 678 949 ut
723 906 902 949 sors
950 884 1147 962 duae,
1207 883 1688 965 urbanaque
1736 889 1816 946 et
1862 883 2083 947 inter
2128 884 2351 948 cives
2398 906 2486 949 ac
2534 890 2904 970 peregri-

592 1012 731 1057 nos
777 990 1256 1056 iurisdictio
1304 996 1543 1068 esset,
1599 990 1958 1053 secunda
2002 988 2329 1070 Bruttii,
2392 996 2648 1058 tertia
2694 996 2901 1059 clas-

593 1101 705 1164 sis
762 1104 884 1163 cet.
985 1097 1151 1163 Mire
1210 1097 1382 1162 enim
1439 1095 1682 1162 dicitur
1738 1098 1997 1181 prima
2057 1119 2227 1163 sors
2276 1099 2441 1163 duae
2488 1122 2676 1166 esse
2722 1102 2898 1186 (proz

593 1207 962 1290 composita
1007 1227 1086 1271 ex
1133 1204 1391 1270 duabus
1435 1203 1686 1284 rebus),
1747 1210 2061 1286 sequente
2110 1209 2475 1288 praesertim
2523 1210 2901 1285 secunda,

591 1335 736 1397 quae
781 1314 911 1380 isto
959 1313 1153 1382 modo
1198 1313 1400 1377 tertia
1444 1332 1588 1377 esse
1636 1311 1914 1375 videtur.
1994 1312 2261 1392 Vereor,
2307 1336 2388 1379 ne
2434 1316 2654 1382 Livius
2701 1320 2899 1401 scrip-

592 1423 780 1486 serit:
851 1422 1113 1504 prima
1179 1426 1265 1485 ut
1332 1441 1514 1485 sors
1572 1417 1910 1502 duplex,
1980 1420 2452 1505 urbanaque
2510 1460 2599 1469 ——-
2654 1426 2898 1489 iuris-

593 1529 848 1594 dictio
895 1533 1137 1593 esset.
1227 1525 1500 1592 Poterat
1545 1527 1746 1591 etiam
1793 1526 1960 1591 duae
2006 1549 2277 1611 prorsus
2326 1531 2633 1612 omitti.¹)

765 1636 920 1718 Cap.
968 1641 1070 1714 47,
1118 1639 1155 1698 6
1208 1633 1582 1717 (Philippus
1629 1633 1898 1718 quidam
1932 1634 2577 1719 Megalopolitanus),
2626 1662 2704 1703 se
2752 1643 2900 1706 ori-

420 1764 561 1833 (415)
598 1744 891 1809 undum
959 1765 1000 1808 a
1064 1742 1349 1824 Magno
1417 1741 1880 1806 Alexandro
1948 1741 2247 1822 1010110,
2312 1744 2522 1810 filiis
2591 1747 2896 1812 duobus

589 1850 1057 1934 Philippum
1103 1855 1345 1933 atque
1392 1848 1933 1913 Alexandrum
1981 1857 2056 1913 et
2099 1849 2300 1914 filiae
2349 1851 2725 1935 Apamam
2771 1877 2892 1918 no-

587 1959 800 2022 mina
845 1958 1376 2040 imposuerat,
1422 1977 1655 2038 quam
1700 1957 1952 2039 regiis
2001 1957 2431 2039 (Amynandri
2480 1961 2893 2040 Athamanis)

587 2065 982 2131 inclutam
1042 2065 1358 2148 nuptiis
1417 2065 1672 2128 maior
1719 2085 1808 2128 ex
1854 2064 2259 2130 fratribus
2304 2067 2738 2150 Philippus
2786 2091 2893 2133 se-

589 2179 824 2238 cutus
909 2174 987 2236 in
1056 2171 1623 2237 Athamaniam
1701 2171 1994 2237 fuerat.
2116 2173 2283 2237 Mire
2362 2174 2604 2239 femina
2669 2178 2891 2257 regulo

588 2286 798 2362 panut
856 2280 1082 2344 statim
1139 2279 1391 2344 incluta
1444 2278 1547 2343 his
1604 2280 1855 2362 nuptiis
1914 2279 2169 2359 dicitur,
2238 2289 2577 2364 tamquam
2620 2286 2895 2347 nominis

588 2387 852 2451 claritas
900 2386 983 2452 ad
1027 2387 1425 2469 longinquos
1471 2391 1538 2451 et
1582 2393 1884 2469 posteros
1930 2394 2296 2470 propagata
2342 2389 2773 2480 significetur,
2830 2397 2897 2454 et

586 2493 795 2559 frater
841 2493 1157 2558 inclutam
1203 2495 1451 2576 nuptiis
1497 2499 1785 2572 secutus,
1851 2501 2192 2575 tamquam
2235 2495 2415 2560 fama
2462 2519 2495 2561 e
2541 2496 2895 2580 longinquo

587 2600 817 2666 adlata
862 2602 1208 2666 excitatus
1303 2601 1552 2685 Opinor
1596 2621 1729 2666 una
1772 2601 2000 2666 littera
2047 2601 2425 2669 aberratum
2473 2627 2639 2683 esse,
2699 2628 2892 2691 quum

587 2709 808 2773 Livius
879 2710 1287 2793 scripsisset:
1373 2731 1609 2793 quam
1678 2709 1939 2792 regiis
2008 2709 2376 2773 inclusa·
2445 2715 2755 2796 nuptiis
2813 2751 2894 2759 —-

587 2815 1033 2899 Philippus
1113 2822 1442 2880 secutus
1525 2818 1602 2881 in
1671 2816 2237 2882 Athamaniam
2317 2818 2608 2893 fuerat,
2729 2821 2893 2885 Nam

588 2924 1001 3005 illigatam
1049 2924 1307 3005 longius
1355 2922 1723 3003 discedit.²)
1754 2923 1771 2941 ‘

644 3177 689 3242 ι)
730 3177 861 3245 Cap.
909 3180 1004 3243 42,
1054 3180 1085 3231 3
1132 3177 1324 3230 nescio
1362 3177 1583 3231 Liviine
1631 3193 1785 3230 error
1842 3194 1913 3230 011
1958 3179 2255 3246 scripturae
2305 3179 2569 3234 mendum
2609 3182 2682 3233 sit
2717 3183 2775 3235 in
2812 3182 2895 3235 his

724 3262 930 3321 verbis:
998 3266 1066 3315 et
1117 3262 1336 3330 primo
1396 3278 1601 3316 naves
1655 3266 1939 3330 apertae,
2006 3281 2172 3331 quas
2223 3281 2366 3317 cum
2432 3283 2507 3318 eo
2557 3266 2893 3332 (Hannibale

725 3345 1059 3412 Antiochus)
1134 3347 1468 3400 missurus
1544 3347 1612 3400 in
1677 3346 1977 3402 Africam
2041 3348 2302 3414 fuerat,
2380 3355 2659 3402 moratae
2722 3356 2893 3403 sunt.

724 3429 870 3483 Nam
921 3434 981 3483 et
1016 3430 1112 3484 lib.
1150 3429 1407 3497 XXXIV,
1453 3434 1520 3485 60
1553 3431 1839 3486 Hannibal
1878 3439 2144 3487 narratur
2180 3438 2409 3487 centum
2456 3440 2690 3488 tectas
2728 3452 2892 3489 naves

723 3515 1041 3582 postulasse
1076 3532 1179 3569 nec
1217 3520 1457 3584 poterat,
1509 3518 1725 3584 opinor,
1770 3517 1936 3573 aliter
1972 3519 2281 3572 exercitum
2321 3536 2388 3572 ex
2423 3519 2558 3572 Asia
2595 3518 2885 3589 Carthagi·

726 3615 856 3653 nem
892 3600 1167 3654 traiicere.

643 3685 696 3751 ’)
734 3683 863 3753 Cap.
902 3686 997 3751 49,
1050 3686 1111 3737 13
1159 3684 1245 3751 (111
1290 3684 1352 3738 T.
1391 3684 1641 3752 Quinctii
1685 3688 1939 3741 oratione
1984 3689 2043 3742 in
2092 3690 2333 3743 concilio
2381 3689 2739 3753 Achaeorum)
2784 3706 2893 3742 non

726 3770 910 3822 minus
958 3786 1103 3823 nunc
1152 3786 1317 3836 quam
1364 3770 1498 3823 olim
1543 3771 1643 3838 (ad
1682 3771 1793 3826 Cic.
1832 3772 1954 3826 libr.
1993 3773 2020 3825 I
2056 3773 2125 3827 de
2161 3772 2282 3827 Fin.
2323 3793 2368 3828 0.
2406 3777 2439 3825 ’7
2474 3792 2527 3841 p.
2566 3773 2653 3840 52)
2701 3775 2889 3839 miror,

725 3853 820 3921 qui
873 3852 1081 3908 factum
1139 3854 1236 3920 sit,
1292 3858 1358 3909 ut
1399 3856 1653 3924 plerique
1701 3857 2049 3912 recentiores
2093 3857 2558 3913 Drakenborchio
2607 3858 2897 3912 crederent

724 3943 879 3993 recte
915 3937 1109 3992 scribi:
1164 3937 1325 3993 Nam
1371 3939 1551 4008 quod
1600 3943 1935 4007 optimum
1983 3960 2133 3997 esse
2179 3943 2450 4011 dicant,
2506 3961 2637 3996 11011
2674 3945 2891 3996 inter·

725 4023 891 4089 poni
917 4039 1040 4076 vos
1068 4022 1291 4091 bello,
1336 4025 1516 4080 nihil
1544 4027 1732 4081 immo
1761 4033 1895 4082 tam
1930 4028 2225 4081 alienum
2258 4028 2461 4082 rebus
2497 4028 2743 4080 vestris
2781 4034 2894 4080 est.

725 4105 1125 4163 Coniunctivus
1172 4110 1320 4164 enim
1364 4112 1422 4165 in
1466 4112 1575 4166 hoc
1623 4129 1859 4179 genere,
1914 4113 2010 4165 ubi
2054 4112 2331 4167 iudicatur
2377 4112 2445 4165 de
2491 4131 2553 4167 re
2599 4111 2774 4178 facta,
2830 4111 2897 4165 de

726 4192 1010 4246 sententis
1043 4194 1155 4248 10111
1193 4196 1263 4249 ab
1302 4196 1424 4251 01110
1461 4198 1781 4265 proposita,
1834 4196 1971 4250 ferri
2018 4198 2243 4265 nequit,
2300 4198 2582 4266 longeque
2620 4197 2898 4250 diversum

724 4280 813 4330 est
848 4276 1028 4345 quod
1064 4281 1214 4347 apud
1250 4280 1511 4336 Plautum
1546 4286 1605 4336 et
1639 4281 1964 4337 Terentium
2001 4299 2129 4336 cum
2166 4282 2526 4337 coniunctivo
2564 4282 2898 4351 (potentiali)

724 4362 806 4417 010
858 4362 1135 4432 positum,
1198 4369 1263 4420 ut
1325 4366 1653 4422 coniectura
1703 4367 2071 4436 praecipiatur
2126 4367 2207 4434 id,
2273 4367 2427 4435 quod
2483 4369 2609 4436 quis
2663 4368 2898 4421 fortasse

724 4445 979 4502 dicturus
1014 4448 1108 4515 sit,
1146 4454 1209 4504 ut
1244 4448 1427 4517 quod
1460 4448 1653 4506 (11000
1690 4451 1785 4505 sit:
1835 4450 2181 4521 fingemus
2219 4456 2285 4506 te
2322 4452 2583 4517 dicere;
2623 4453 2678 4506 si
2715 4451 2899 4505 forte
