3230 5282
546 585 670 638 Lib.
707 583 877 637 XXX.
1637 574 1761 635 426

548 757 705 822 ferri
762 763 979 841 potest
1025 756 1415 840 (praesertim
1472 778 1599 821 non
1647 755 1873 821 addito
1921 758 2375 839 equitibus,
2445 759 2568 823 etsi
2612 757 2716 822 vel
2760 757 2856 821 sic

549 886 822 950 prorsus
889 865 1206 930 inusitate
1264 864 1617 944 diceretur)
1675 885 1887 946 neque
1949 865 2034 930 ad
2091 867 2462 949 genetivum
2507 861 2855 929 Cartha-

552 973 1039 1057 giniensium
1108 972 1321 1037 audiri
1392 972 1527 1036 ullo
1596 972 1792 1037 modo
1863 979 2085 1057 potest
2152 975 2530 1057 equitatu
2584 994 2665 1037 ex
2725 972 2855 1038 alio

380 1099 521 1168 (347)
559 1103 717 1146 casu
773 1081 838 1144 in
895 1082 1226 1163 superiore
1282 1081 1623 1145 sententiae
1679 1088 1867 1163 parte
1927 1083 2022 1146 sic
2078 1084 2323 1166 posito,
2391 1088 2466 1146 ut
2520 1101 2647 1144 non
2705 1080 2858 1144 huic

550 1188 840 1253 membro
886 1187 1318 1271 respondeat,
1389 1188 1503 1252 sed
1561 1189 1758 1253 alteri
1818 1188 2134 1270 (contra
2187 1189 2569 1254 Italicum
2629 1189 2856 1269 equi-

554 1304 813 1362 tatum
869 1332 954 1340 —-
1011 1303 1298 1360 contra
1365 1296 1942 1378 Masinissam);
2023 1303 2203 1362 recte
2270 1298 2442 1361 enim
2513 1296 2854 1360 scribitur:

551 1405 977 1470 Numidico
1027 1404 1404 1485 equitatu
1451 1410 1737 1468 contra
1779 1404 2180 1484 Italicum,
2239 1404 2858 1487 Carthaginien-

553 1516 757 1578 sium
824 1519 1112 1577 contra
1177 1510 1691 1576 Masinissam
1764 1513 2057 1577 locato.
2171 1514 2407 1577 Restat
2462 1513 2695 1595 igitur,
2764 1517 2857 1590 ut,

553 1622 849 1703 quamvis
907 1620 1122 1684 audax
1177 1618 1479 1683 videatur
1526 1620 1879 1700 correctio,
1937 1618 2292 1684 scribatur:
2362 1617 2729 1683 Numidis
2772 1654 2860 1664 -—

553 1726 1399 1810 Carthaginiensibus
1448 1725 1551 1809 [ut
1606 1735 1712 1792 est
1764 1728 1830 1791 in
1880 1732 2033 1791 vett.
2083 1727 2290 1806 editt„
2352 1725 2857 1809 Carthagini·
2956 1709 2969 1722 ³

553 1836 883 1900 ensibus
943 1835 1144 1899 etiam
1201 1835 1269 1897 in
1329 1837 1564 1899 ceteris
1623 1841 1776 1899 ante
1825 1832 1984 1916 W.],
2031 1835 2155 1900 nisi
2211 1837 2429 1918 potius
2477 1841 2623 1918 post
2669 1833 2859 1899 Car-

554 1944 1198 2027 thaginiensium
1275 1943 1519 2006 excidit
1574 1943 1841 2026 copiis
1902 1942 2187 2026 (copiis
2246 1942 2576 2023 eontra);
2647 1948 2712 2006 et
2768 1944 2860 2006 vi-

554 2052 792 2117 dentur
850 2072 1074 2116 omnes
1122 2050 1728 2133 Carthaginienses,
1786 2072 1915 2115 non
1963 2050 2089 2115 soli
2136 2052 2421 2132 equites,
2492 2051 2861 2115 Masinissae

555 2161 843 2244 oppositi
909 2159 1130 2223 fuisse.
1241 2159 1409 2222 Nam
1466 2163 1531 2222 et
1587 2157 1898 2240 Polybius
1956 2157 2163 2238 (XIV,
2223 2163 2291 2238 8,
2350 2163 2415 2239 ’7)
2478 2158 2859 2242 simpliciter

551 2276 674 2338 τοὺς
718 2273 1131 2348 Καρχηδονίους
1176 2267 1498 2344 nominat,
1565 2286 1688 2330 nec
1731 2265 1954 2330 Livius
2013 2265 2343 2349 peditibus
2401 2267 2600 2330 alium
2646 2265 2860 2330 locum

554 2376 880 2456 adsignat.
1005 2373 1255 2437 Deinde
1335 2380 1557 2437 autem
1639 2371 2112 2438 Celtiberos
2190 2373 2528 2438 mediam
2608 2374 2861 2438 aciem

556 2483 931 2564 accipere
977 2503 1098 2564 pro
1147 2502 1254 2559 ec,
1313 2480 1488 2563 quod
1536 2488 1664 2545 est:
1724 2482 1799 2544 in
1846 2480 2182 2546 mediam
2233 2483 2518 2559 aciem,
2576 2482 2861 2546 insolen-

555 2591 880 2655 tissimum
946 2588 1152 2653 habet
1216 2594 1283 2654 et
1351 2610 1482 2653 non
1548 2589 1894 2654 ferendum
1960 2589 2272 2673 loquendi
2340 2611 2579 2674 genus3
2649 2609 2857 2673 neque

557 2699 726 2763 enim
771 2698 946 2762 acies
993 2696 1129 2762 ullo
1178 2698 1370 2761 modo
1419 2698 1757 2781 accipitur.
1859 2698 2085 2782 Neque
2131 2698 2218 2776 id,
2267 2700 2449 2763 cuius
2495 2699 2860 2763 adiectione

553 2806 1125 2871 Weissenbornius
1181 2804 1352 2869 hanc
1408 2805 1829 2870 insolentiam
1884 2804 2166 2870 fortasse
2223 2813 2447 2871 natam
2494 2812 2713 2890 putat:
2783 2806 2861 2868 in

558 2915 902 2980 adversa
945 2914 1356 2995 legionum
1403 2914 1654 2995 signa,
1703 2915 1915 2996 ipsum
1963 2915 2208 2979 usitate
2257 2915 2532 2993 dicitur3
2580 2934 2732 2976 nam
2780 2912 2860 2976 de

557 3023 942 3087 instruendo
992 3028 1276 3085 contra
1320 3028 1438 3086 aut
1483 3022 1871 3087 adversus
1918 3022 2174 3099 dicitur,
2233 3023 2311 3085 in
2358 3021 2437 3085 de
2482 3028 2682 3100 motu,
2742 3041 2862 3084 nec

558 3153 676 3214 pro
745 3152 853 3209 e0,
932 3130 1109 3213 quod
1180 3128 1524 3212 praecedit:
1595 3136 1887 3194 contra
1942 3129 2462 3193 Masinissam
2529 3129 2862 3207 locatiS,

557 3238 780 3303 Livius
858 3238 1103 3303 usitate
1182 3236 1483 3301 dixisset:
1564 3237 1641 3300 in
1706 3238 2229 3302 Masinissam
2298 3237 2613 3301 locatis.
2726 3236 2862 3300 Nec

557 3347 702 3428 ipsa
768 3345 1287 3410 adversorum
1346 3345 1754 3425 signorum
1808 3346 2054 3409 mentio
2113 3351 2249 3408 tam
2308 3345 2392 3408 ad
2449 3345 2739 3408 ordinem
2798 3350 2865 3407 et

560 3459 958 3518 structuram
1041 3452 1206 3515 aciei
1284 3472 1480 3533 quam
1563 3451 1648 3514 ad
1728 3458 1976 3517 motum
2045 3459 2111 3516 et
2176 3454 2493 3535 impetum
2558 3452 2863 3534 pertinet.

562 3558 832 3624 Omissae
880 3580 921 3622 a
964 3558 1233 3622 librario
1282 3566 1432 3622 ante
1479 3559 1815 3622 mediam
1862 3560 2345 3642 praepositionis
2393 3561 2468 3622 in
2515 3580 2715 3623 causa
2748 3557 2861 3639 (u)

562 3673 795 3750 aperta
852 3672 968 3730 est.
1083 3665 1317 3747 Itaque
1386 3672 1637 3729 certum
1699 3671 1801 3729 est
1857 3666 2107 3730 Livium
2168 3667 2541 3749 scripsisse:
2613 3665 2863 3730 Celti-

559 3775 800 3839 beros
861 3774 939 3836 in
996 3772 1338 3836 mediam
1385 3774 1640 3837 aciem
1687 3770 1892 3856 [quod
1939 3775 2137 3838 etiam
2185 3782 2415 3839 contra
2461 3774 2862 3837 Gronovium

562 3883 778 3947 tenuit
821 3879 1444 3961 Drakenborchius],
1493 3880 1864 3963 probabile:
1936 3883 2012 3946 in
2058 3881 2397 3945 mediam
2445 3882 2692 3945 aciem
2738 3880 2863 3943 ad-

560 4011 843 4054 versus
924 3990 1154 4069 signa
1234 3987 1642 4069 legionum
1722 4009 2114 4072 accepere
2184 3988 2861 4068 (aciemadversu-

563 4099 822 4179 signa,
859 4117 886 4157 s
922 4096 1119 4160 semel
1155 4094 1444 4179 scripto).
1525 4083 1861 4179 Polybius:
1906 4103 2028 4166 τοὺς
2066 4102 2399 4176 Κελτίβηρας
2433 4104 2632 4175 μέσους
2669 4102 2862 4165 ἔταξαν

564 4212 774 4275 ἀντίους
817 4214 932 4274 ταῖς
976 4214 1084 4265 τῶν
1126 4211 1402 4283 Ῥωμαίων
1449 4212 1711 4284 σπείραις.
1794 4201 2226 4285 [Adversus
2272 4204 2403 4266 iam
2451 4199 2859 4286 Rupertius]

735 4311 890 4395 Cap.
940 4318 1012 4390 9,
1075 4318 1149 4375 12
1198 4312 1306 4392 (dc
1353 4312 1602 4375 Tunete
1650 4309 1949 4393 oppido):
2022 4310 2249 4374 locus
2312 4332 2541 4394 quum
2603 4311 2864 4393 operi-

563 4421 740 4501 bus,
799 4429 960 4484 tum
1009 4427 1296 4503 suapte
1342 4425 1637 4482 natura
1683 4424 1910 4482 tutus
1958 4424 2037 4481 et
2081 4419 2215 4499 qui
2262 4425 2338 4481 et
2383 4417 2477 4482 ab
2526 4415 2865 4481 Cartha-
