3230 5282
1452 633 1527 693 61
1542 635 1570 694 1
2384 627 2506 684 Lib.
2544 627 2661 682 XL.

374 817 720 902 scripturae
768 817 1094 883 credimus
1142 816 1558 899 (collegam
1602 852 1689 863 -
1731 818 2040 883 creavit
2085 815 2152 882 C.
2200 818 2363 883 val.
2412 818 2661 883 Laevi-

368 947 563 990 num.
652 926 730 990 Is
774 925 909 1007 —),
953 926 1326 991 necessario
1374 925 1671 990 Laevinus
1717 932 1836 991 est.
1926 927 2128 1009 Atqui
2185 913 2291 1006 iss
2332 927 2445 1010 qui
2491 948 2548 991 a.
2597 926 2658 991 d.

368 1033 466 1100 111
507 1033 676 1099 Non.
726 1033 900 1100 Sext.
949 1041 1209 1099 creatus
1255 1040 1386 1113 est,
1433 1055 1563 1099 non
1607 1035 1853 1118 potuit,
1911 1034 2064 1099 iam
2134 1034 2266 1099 diu
2324 1035 2662 1117 cupidus

371 1143 843 1226 provinciae,
889 1143 1050 1226 ipsis
1097 1141 1298 1207 Nonis
1345 1140 1517 1207 Sext.
1566 1143 1633 1206 in
1694 1164 1834 1208 eam
1893 1142 2108 1222 abire;
2150 1143 2244 1208 ·id
2302 1142 2380 1208 de
2423 1142 2661 1208 Petilio

368 1255 626 1315 tantum
670 1256 848 1315 recte
896 1251 1023 1315 dici
1068 1251 1300 1334 potuit,
1347 1271 1542 1332 quem
1584 1250 1736 1316 inde
1782 1250 1865 1316 ab
1911 1251 2100 1317 initio
2146 1252 2301 1316 anni
2346 1251 2663 1335 prodigia,

370 1357 550 1424 feriae
631 1379 983 1442 earumque
1061 1359 1491 1430 instauratio,
1562 1360 1827 1423 comitia
1905 1358 2167 1442 collegae
2247 1358 2663 1441 subrogando

376 1466 597 1532 Romae
663 1467 1103 1545 retinuerant,
1170 1467 1239 1530 in
1304 1467 1708 1551 provinciam
1770 1466 2068 1552 pluribus
2124 1475 2276 1532 ante
2332 1466 2664 1532 mensibus

376 1574 707 1640 decretam
772 1575 869 1640 ire
931 1576 1317 1658 cupientem.
1405 1576 1618 1658 Atque
1665 1574 1968 1640 Petilium
2017 1575 2151 1656 (cui
2193 1573 2467 1659 Ligures
2514 1597 2664 1658 pro·

372 1683 583 1748 vincia
630 1692 965 1758 evenerat,
1012 1704 1064 1746 c.
1117 1688 1212 1760 15,
1262 1681 1325 1761 5)
1376 1684 1660 1766 priorem
1716 1685 1781 1748 in
1842 1685 2244 1768 provinciam
2300 1683 2665 1766 profectum

375 1811 535 1870 esse,
580 1793 779 1856 etiam
828 1813 861 1856 e
906 1812 1047 1875 cap.
1103 1795 1196 1866 18,
1245 1795 1282 1854 6
1329 1790 1621 1874 intellegi
1667 1798 1905 1875 potest.
1977 1792 2105 1857 Sed
2149 1800 2388 1870 tamen,
2421 1792 2666 1883 ,quoni-

376 1920 482 1964 am
526 1898 724 1976 Pisae,
770 1899 1069 1981 Ligures,
1120 1897 1334 1963 Gallia
1390 1899 1710 1978 contiguae
1756 1905 1973 1978 erant,
2021 1907 2087 1964 et
2132 1900 2441 1965 exercitui
2489 1898 2661 1964 diem
2697 1891 2835 1964 (50²)

377 2006 464 2072 ad
510 2007 1025 2072 conveniendum
1063 2006 1255 2072 Pisas
1304 2005 1598 2070 edixerat
1646 2004 1706 2089 (ξ
1753 2011 1820 2071 8:
1869 2007 2140 2072 eodem
2182 2006 2436 2087 Pisas)
2484 2013 2550 2071 et
2595 2004 2664 2070 C.

375 2112 724 2180 Claudium
767 2117 930 2192 iam,
992 2121 1225 2180 senatu
1279 2114 1576 2194 iubente,
1638 2113 1699 2198 (ξ
1758 2114 1824 2194 9)
1866 2116 1936 2181 in
1983 2115 2255 2199 Ligures
2300 2115 2667 2198 ingressum

376 2222 463 2288 ad
509 2244 577 2289 se
622 2224 691 2289 in
740 2222 1025 2289 Galliam
1068 2228 1260 2287 vocat
1317 2222 1398 2304 (c.
1453 2225 1549 2301 18,
1599 2222 1685 2304 5).
1776 2223 2098 2301 Quoniam
2164 2224 2367 2308 igitur
2409 2221 2459 2304 ’ὅ
2507 2227 2543 2286 6
2599 2222 2668 2286 in

375 2332 600 2397 codice
647 2332 963 2415 scriptum
1010 2338 1142 2396 est:
1212 2332 1414 2396 iiset
1457 2332 1611 2396 iam
1660 2332 1791 2397 diu
1837 2332 2182 2416 cupidus
2227 2330 2667 2416 provinciae

376 2445 517 2520 cet.‚
561 2439 1040 2504 restituendum
1078 2447 1197 2518 est,
1231 2439 1439 2505 altero
1475 2439 1499 2501 l
1533 2441 1600 2504 in
1640 2461 1677 2520 p
1711 2447 1992 2506 mutato:
2042 2443 2203 2521 lpse
2239 2439 2342 2517 (Q.
2375 2438 2667 2518 Petilius,

376 2548 488 2631 qui
531 2550 860 2612 Laevinum
908 2547 1225 2630 collegam
1270 2546 1574 2629 creavit),
1634 2549 1787 2613 iam
1845 2548 1975 2613 diu
2032 2547 2372 2632 cupidus
2429 2568 2667 2631 pror„

376 2663 498 2722 cet.
588 2656 927 2740 [Senserat
971 2656 1378 2722 difficultatis
1424 2664 1683 2740 partem
1730 2654 2119 2739 Creverius]
2659 2660 2665 2664 ’

547 2762 704 2850 Cap.
759 2769 855 2844 18,
907 2770 972 2829 1:
1036 2765 1329 2830 Hostes
1375 2764 1705 2847 (Ligures)
1763 2801 1849 2811 —
1907 2765 2102 2830 duos
2147 2770 2489 2843 monteS,
2538 2762 2668 2827 Le-

374 2880 538 2939 tum
604 2881 679 2938 et
745 2871 1184 2938 Ballistam
1256 2873 1376 2954 (sic
1420 2872 1522 2937 bis
1581 2873 1754 2954 cod.)
1824 2880 2218 2957 ceperunt
2282 2890 2668 2952 muroque

377 2982 544 3064 (cod.
614 2981 1074 3063 murosque)
1143 2981 1476 3064 insuper
1543 2980 1911 3065 amplexi.
2013 2980 2154 3046 Hoc
2222 2979 2484 3063 quidem
2549 2997 2669 3061 pro

377 3089 729 3174 amplexi
799 3096 985 3154 sunt
1052 3090 1260 3173 accipi
1340 3111 1471 3153 non
1537 3110 1727 3173 posse
1796 3088 2221 3174 (ceperunt
2287 3107 2669 3170 muroque

377 3197 774 3281 amplexi),
820 3197 918 3261 vel
964 3195 1538 3262 Drakenborchius
1576 3197 1781 3262 sensit
1826 3197 1979 3277 (vid.
2030 3196 2114 3261 ad
2157 3196 2328 3276 XXI,
2374 3200 2475 3274 25,
2523 3201 2558 3260 9
2605 3217 2668 3278 p.

377 3308 548 3383 214).
660 3305 889 3388 Itaque
968 3312 1083 3370 aut
1148 3326 1367 3369 muro
1436 3307 1770 3389 insuper
1837 3312 1953 3370 aut
2018 3327 2231 3370 muro
2288 3304 2672 3385 fossaque

376 3414 714 3496 insuper
759 3412 1172 3478 scribendum
1217 3415 1407 3495 est.¹)

428 3651 478 3717 ¹)
515 3649 627 3716 Ea,
665 3667 787 3719 quae
827 3647 858 3718 ξ
895 3652 928 3704 8
965 3648 1034 3702 de
1068 3650 1208 3703 vitio
1244 3650 1304 3705 in
1339 3651 1637 3705 sortitione
1680 3650 1831 3705 facto
1868 3649 2197 3717 traduntur,
2242 3667 2308 3704 eo
2359 3646 2673 3703 difficiliora

516 3743 644 3789 sunt
682 3735 753 3788 ad
790 3734 1202 3803 corrigendum,
1241 3737 1390 3803 quod
1428 3743 1482 3790 et
1517 3754 1605 3791 res
1650 3738 1944 3806 ignoratur
1988 3741 2045 3789 et
2090 3734 2352 3789 librarius
2407 3752 2523 3789 non
2558 3752 2671 3789 uno

521 3820 689 3874 modo
726 3821 1013 3874 aberrasse
1048 3820 1292 3875 videtur.
1365 3821 1571 3876 Forma
1607 3822 1717 3875 loci
1752 3821 1874 3875 haec
1911 3821 2081 3875 fuisse
2117 3823 2364 3875 videtur:
2419 3820 2489 3873 id
2524 3819 2675 3873 vitii

517 3906 690 3973 (viti)
747 3904 1008 3960 factum
1054 3912 1294 3974 postea
1340 3923 1636 3976 augures
1691 3907 2217 3977 responderunt,
2264 3907 2440 3976 quod
2484 3910 2674 3960 sorte

515 3994 582 4045 in
620 3992 858 4045 sitella
894 3991 963 4044 in
999 3992 1329 4060 templum
1384 3992 1583 4045 illata
1619 3993 1790 4046 foris
1837 3992 1986 4061 ipse
2020 3993 2420 4058 mansisset,
2478 4008 2679 4059 quum

515 4077 840 4146 templum
877 4075 1152 4144 ingredi
1189 4082 1252 4129 et
1287 4077 1510 4144 ipsum
1551 4064 1929 4146 oporteret.
1988 4076 2079 4130 Ad
2112 4077 2287 4131 foris
2326 4076 2548 4130 aliunde
2576 4076 2674 4129 ad·-

518 4162 694 4216 ditum
732 4168 871 4231 puto
910 4165 1107 4214 extra
1154 4160 1501 4229 templum.
1570 4161 1761 4215 Vitio
1810 4166 2030 4216 creatur
2077 4162 2294 4228 consul,
2333 4162 2433 4215 sed
2467 4163 2526 4215 in
2564 4179 2678 4216 cre-

520 4249 667 4302 ando
705 4246 935 4302 consule
971 4244 1239 4312 vitium,
1275 4245 1405 4299 hoc
1444 4252 1539 4300 aut
1577 4247 1755 4301 illud
1808 4247 1971 4299 vitii
2006 4247 2107 4301 fit.
2178 4246 2264 4300 Ex
2300 4247 2513 4301 Manli
2558 4246 2673 4300 fac-

516 4344 635 4387 tum
674 4340 758 4387 est
793 4331 1049 4386 Manlio
1094 4331 1153 4385 in
1203 4331 1397 4386 codice
1434 4350 1477 4385 c.
1521 4336 1598 4399 10,
1636 4334 1669 4387 6
1705 4332 1957 4400 (fugam
2002 4350 2032 4386 e
2077 4333 2329 4387 castris
2373 4329 2676 4399 Manlio).

520 4418 827 4489 [Scriptum
891 4418 1060 4471 etiam
1123 4415 1296 4469 fuisse
1348 4423 1563 4485 potest:
1626 4416 1807 4471 foris
1870 4418 2017 4487 ipse
2080 4423 2424 4488 oppertus
2479 4421 2676 4472 esset.

518 4503 832 4573 (Gitlbauer
867 4521 919 4571 p.
963 4504 1058 4556 102
1095 4501 1302 4555 oblitus
1341 4510 1442 4568 est,
1480 4509 1606 4555 exta
1640 4503 1699 4556 in
1737 4503 1977 4557 sitellam
2013 4520 2126 4557 uon
2160 4504 2368 4572 inferri,
2407 4504 2505 4557 sed
2541 4519 2675 4557 cou-

2121 4607 2221 4660 39*

831 4828 1246 5153 s
1527 4858 1699 4931 ‘⁵'
