3230 5282
579 593 592 598 ‘
634 614 758 671 nib.
794 613 996 670 xnm„
1723 603 1845 665 672

637 808 719 855 ea
761 808 833 853 re
881 787 1054 853 actio
1113 787 1229 868 sit,
1299 787 1437 851 sine
1497 809 1631 871 qua
1694 809 1834 854 mos
1901 787 2193 872 intellegi
2237 788 2481 871 nequit.
2570 787 2935 855 Admodum

633 917 863 963 vereor
906 916 988 960 ne
1034 894 1301 960 verbum
1349 894 1681 961 exciderit.
1761 895 1897 962 Nec
1940 895 2107 962 bene
2153 896 2376 963 bello
2423 898 2649 981 capti
2695 904 2763 963 et
2804 897 2931 964 ho-

636 1011 809 1072 stes
852 1012 1191 1087 tamquam
1227 1002 1354 1068 duo
1390 1024 1634 1087 genera
1667 1004 2079 1089 copulantur.
2147 1004 2413 1070 Fuitne:
2463 1004 2672 1088 quod
2717 1004 2930 1072 bello

637 1114 912 1199 captis
956 1111 1344 1180 hostibus
1390 1111 1678 1195 inponi
1721 1133 1882 1178 mos
1928 1112 2197 1179 esset?

806 1219 964 1307 Cap.
1016 1226 1112 1300 18,
1160 1224 1197 1284 2
1245 1218 1385 1302 (ubi
1432 1221 1800 1304 exponitur,
1849 1243 1992 1305 quae
2027 1241 2248 1286 causae
2278 1220 2521 1286 Persea
2554 1221 2933 1305 impulerint

633 1329 720 1396 ad
807 1328 1290 1413 expeditionem
1377 1329 1444 1394 in
1531 1327 1867 1414 Illyricum
1945 1327 2485 1414 suscipiendam):
2553 1365 2642 1376 —
2707 1330 2930 1396 fran-

635 1439 873 1524 gendi
916 1436 1457 1504 finitimorum
1501 1457 1682 1521 spes
1729 1438 2218 1521 animosque,
2262 1458 2354 1503 ne
2401 1437 2609 1523 quid,
2656 1459 2930 1506 averso

635 1546 806 1630 (cod.
854 1544 1517 1632 quidinadverso)
1564 1566 1642 1611 se
1698 1546 1777 1611 in
1833 1545 2260 1612 Romanum
2319 1545 2644 1628 bellum,
2715 1550 2932 1630 peri-

635 1655 795 1721 culi
853 1653 1254 1721 subesset.
1347 1651 1501 1719 Cod.
1568 1653 1923 1738 periculi
1981 1653 2327 1734 abisset,
2387 1675 2465 1719 ex
2511 1675 2644 1739 quo
2691 1654 2930 1720 Forch·

632 1764 931 1830 hammer
973 1769 1153 1828 recte
1189 1760 1433 1827 effecit:
1480 1762 1836 1845 periculi
1884 1762 1977 1827 ab
2023 1763 2128 1827 iis
2175 1770 2412 1828 esset.
2482 1761 2726 1845 (Minus
2769 1762 2933 1829 bene

635 1872 1081 1956 Kreyssigius:
1148 1869 1497 1954 periculi
1550 1869 1923 1953 adesset.)
2014 1868 2324 1954 Sequitur
2389 1869 2482 1951 (in
2550 1870 2779 1936 eadem
2823 1893 2931 1936 ex-

581 1979 1018 2065 =positione):
1086 1978 1345 2044 solum
1410 1977 1797 2044 infestum
1877 2000 2051 2044 esse
2117 1978 2612 2045 Macedoniae
2677 1979 2930 2060 latae,

638 2087 848 2175 quod
896 2087 992 2154 ab
1037 2086 1385 2171 Illyrico
1442 2093 1800 2171 pateret,
1860 2107 2234 2167 cernens3
2283 2086 2515 2153 codex:
2583 2088 2608 2152 i
2665 2088 2933 2167 solum,

639 2217 719 2262 ex
762 2218 892 2282 quo
937 2195 1041 2262 fit:
1088 2194 1166 2260 id
1213 2193 1469 2261 solum
1510 2229 1597 2240 -
1641 2194 1874 2260 latus.
1946 2194 2330 2278 [Vahlenius
2376 2202 2598 2260 tamen
2632 2194 2656 2257 i
2689 2204 2930 2279 puncto

636 2311 939 2371 notatum
999 2300 1275 2385 scribit]
1357 2300 1418 2385 [ἓ
1479 2306 1517 2367 7
1582 2303 1929 2368 videndum
1995 2324 2077 2370 ne
2143 2305 2211 2369 in
2266 2303 2398 2369 his:
2469 2325 2933 2388 oppugnare

640 2418 761 2478 est
827 2412 1155 2477 adortus
1212 2409 1527 2476 exciderit
1580 2410 1879 2492 urbem,
1947 2412 2123 2497 quod
2178 2411 2599 2497 praecessisse
2646 2411 2934 2479 ostendit

640 2540 809 2585 eam
852 2538 1212 2604 pronomen
1259 2516 1365 2600 (et
1410 2539 1717 2585 corona
1772 2539 1939 2585 eam
1999 2540 2289 2605 capere
2349 2527 2696 2586 conatus
2766 2520 2928 2603 est).

646 2624 861 2710 1864]

812 2734 970 2821 Cap.
1013 2739 1110 2818 19,
1163 2740 1271 2800 14:
1317 2735 1430 2802 Iis
1477 2734 1739 2819 (legatis
1784 2735 1870 2801 ad
1906 2736 2215 2803 Gentium
2247 2735 2549 2818 Perseus)
2587 2737 2933 2816 mandat,

641 2851 728 2911 ut
772 2850 1275 2930 exponerent
1319 2843 1634 2909 aestatis
1672 2843 1844 2909 eius
1878 2844 2330 2927 hiemisque
2367 2851 2550 2911 acta
2584 2866 2729 2912 sua
2766 2844 2931 2928 (cod.

644 2974 824 3020 suae·
866 2958 1051 3019 acta
1125 2951 1289 3034 sua)
1369 2951 1762 3018 adversus
1841 2952 2240 3018 Romanos
2322 2953 2929 3037 Dardanosque3

640 3061 1108 3127 adiicerent
1151 3061 1521 3126 recentia
1564 3060 1642 3124 in
1688 3059 2022 3145 Illyrico
2069 3060 2425 3127 hibernae
2484 3062 2933 3146 expeditio-

638 3171 765 3236 nis
822 3190 1094 3253 opera;
1163 3169 1700 3235 hortarentur
1747 3167 2123 3234 Gentium
2183 3170 2261 3234 in
2309 3170 2767 3236 amicitiam
2813 3191 2930 3236 se·

468 3274 613 3345 (557)
646 3299 815 3343 cum
877 3312 952 3323 -
999 3276 1501 3359 iungendam.
1590 3275 1763 3341 Male
1809 3298 1910 3341 me
1953 3276 2203 3343 habent
2245 3276 2360 3342 illa
2406 3279 2725 3343 aestatis
2771 3277 2931 3343 hie·

640 3387 954 3468 misque
1011 3391 1190 3450 acta
1245 3384 1558 3449 adversus
1604 3383 1933 3450 Romanos
1976 3384 2454 3469 Dardanosque
2500 3392 2807 3469 separata
2851 3385 2931 3450 ab

639 3492 919 3559 hiberna
964 3493 1404 3576 expeditione,
1462 3492 1565 3557 cui
1623 3493 1867 3557 rectius
1915 3494 2166 3558 aestatis
2211 3500 2364 3559 acta
2408 3495 2742 3560 contraria
2785 3494 2931 3579 poni

638 3600 960 3666 videntur.
1050 3600 1263 3685 Supra
1334 3604 1412 3680 (c.
1467 3606 1543 3666 18
1587 3599 1762 3681 init.)
1811 3600 2030 3665 Livius
2078 3600 2322 3666 diserte
2378 3602 2629 3685 posuit,
2674 3602 2930 3681 Persea,

635 3708 964 3792 principio
1008 3706 1241 3773 hiemis
1286 3707 1673 3773 Macedonia
1727 3730 1858 3774 non
1914 3729 2278 3792 egressum,
2346 3708 2465 3774 sub
2521 3708 2771 3775 brumae
2829 3710 2931 3777 de·

639 3836 816 3880 mum
860 3820 1119 3900 tempus
1165 3816 1647 3900 expeditionem
1692 3837 1865 3898 eam,
1923 3837 2118 3899 quam
2175 3816 2280 3881 hic
2326 3816 2667 3882 hibernam
2714 3818 2932 3904 appel·

636 3923 752 4005 lat,
797 3924 1193 4007 suscepisse:
1250 3922 1600 3990 Dardanos
1647 3925 1779 3990 iam
1823 3931 1977 3990 ante
2024 3924 2181 4006 (ibd.
2220 3924 2253 4008 ἓ
2291 3926 2356 4006 2)
2405 3925 2766 4007 domuerat,
2807 3926 2929 3991 hoc

639 4038 761 4111 est,
808 4036 960 4097 ante
1007 4031 1397 4116 principium
1442 4031 1696 4097 hiemis.
1787 4033 2020 4116 Itaque
2066 4032 2255 4098 valde
2301 4054 2555 4112 vereor,
2615 4055 2696 4099 ne
2766 4034 2930 4099 hie·

637 4140 949 4225 misque
1016 4161 1057 4206 a
1120 4140 1297 4205 mala
1351 4160 1551 4205 manu
1611 4141 1699 4205 sit
1740 4140 2092 4223 Liviusque
2153 4142 2513 4225 scripserit:
2584 4162 2929 4226 expone-

638 4253 822 4313 rent
867 4250 1184 4315 aestatis
1231 4249 1404 4314 eius
1450 4252 1634 4314 acta
1679 4270 1821 4314 sua
1863 4274 1982 4328 —3
2051 4249 2516 4315 adiicerent
2559 4251 2928 4315 recentia

637 4392 726 4402 —
767 4356 1124 4421 hibernae
1173 4357 1728 4441 expeditionis
1775 4378 2040 4442 opera.
2112 4356 2408 4440 [Deinde,
2455 4358 2577 4422 etsi
2616 4363 2682 4422 et
2717 4358 2929 4423 Livius

641 4470 710 4529 et
755 4463 980 4530 Cicero
1037 4484 1168 4530 non
1223 4485 1374 4531 raro
1435 4464 1881 4549 praepositioni
1927 4467 2001 4529 in
2047 4466 2495 4531 accusativum
2542 4464 2931 4532 substantivi
