3230 5282
1423 584 1543 644 633
2089 683 2096 698 .
2296 598 2418 652 Lib.
2456 598 2628 653 XLII.

505 767 662 852 Cap.
711 772 810 833 26.
892 768 967 832 In
1013 767 1138 833 hoc
1184 769 1403 852 capite
1451 769 1788 853 complura
1835 771 2240 835 emendanda
2289 778 2461 864 sunt,
2510 772 2628 836 mi-

329 897 496 942 nora
541 877 702 957 alia,
752 876 884 941 alia
928 877 1128 961 paulo
1174 877 1444 942 maiora.
1536 861 1825 942 Primum
1869 879 2082 962 ipsum
2127 879 2384 943 initium
2432 881 2631 944 attin-

329 985 610 1068 gendum
659 993 759 1050 est
806 984 867 1068 (ἓ
921 991 947 1050 1
1001 994 1066 1050 et
1112 986 1206 1068 2):
1256 986 1512 1069 Magis
1560 1007 1592 1051 e
1637 1007 1717 1052 re
1755 1010 1816 1070 p.
1864 988 2124 1052 visum
2172 997 2378 1064 erat,
2426 1009 2631 1052 com-

329 1095 565 1177 primi
614 1114 701 1159 ac
748 1094 1030 1159 sedari
1077 1103 1612 1178 exasperatos
1660 1095 2028 1177 Ligures,
2089 1118 2324 1181 quum
2369 1096 2630 1162 Mace-

330 1201 699 1266 donicum
770 1202 1064 1267 bellum
1132 1211 1776 1286 exspectaretur.
1871 1204 2252 1270 Gentium
2309 1226 2621 1288 quoque
2659 1220 2799 1291 (521)

333 1310 445 1389 (—
491 1312 582 1374 sic
631 1313 974 1376 sententiae
1020 1311 1403 1395 separandae
1452 1318 1600 1376 sunt
1650 1313 1777 1392 —),
1837 1313 2303 1398 Illyriorum
2352 1336 2630 1397 regem,

330 1428 800 1502 suspectum
867 1418 1234 1485 Issenses
1302 1420 1557 1502 legati
1604 1420 2009 1500 fecerunt,
2078 1422 2313 1486 simul
2360 1425 2631 1504 questi

330 1526 537 1591 fines
586 1549 774 1592 suos
845 1528 1207 1593 secundo
1277 1530 1774 1612 populatum.
1846 1530 2079 1595 simul
2148 1532 2629 1596 nuntiantes

330 1643 452 1699 cet.
557 1635 733 1700 Nihil
802 1636 1323 1700 estsecundo
1392 1637 1869 1720 populatum
1936 1660 2056 1722 pro
2140 1640 2434 1704 iterum
2513 1648 2631 1704 aut

327 1746 546 1827 potius
597 1742 937 1826 (quoniam
983 1765 1086 1808 res
1132 1752 1286 1810 ante
1336 1755 1846 1810 commemorata
1890 1769 2019 1812 non
2069 1748 2194 1827 est)
2242 1748 2384 1812 bis.
2472 1746 2626 1812 Cod.

327 1852 557 1917 habet:
641 1853 879 1917 simul
959 1854 2469 1938 quaestioncsuosecundopopulatum,
2551 1877 2629 1920 ex

328 1982 457 2044 quo
502 1961 577 2025 fit
647 1961 884 2025 simul
955 1963 1252 2043 questi,
1323 1960 1530 2025 fines
1601 1982 1793 2026 suos
1863 1982 2017 2025 eum
2076 1965 2627 2044 depopulatum.

329 2071 675 2134 Geminato
743 2091 771 2131 s
840 2092 918 2134 ex
990 2069 1312 2135 seumde
1372 2078 1589 2134 ortum
1648 2071 2031 2148 secunde,
2080 2072 2629 2155 quemadmodum

324 2177 409 2256 II,
458 2182 558 2254 23,
607 2182 644 2241 8
704 2179 771 2243 in
816 2178 885 2243 M
933 2199 1021 2260 ⁸ex
1079 2199 1157 2242 se
1225 2178 1582 2260 undique
1654 2187 1868 2244 ortum
1935 2189 2035 2244 est
2102 2180 2626 2265 secundique.

324 2286 451 2351 Pro
497 2293 956 2370 suspectum
1003 2285 1374 2351 Issenses
1431 2286 1571 2351 cod.
1622 2294 2093 2371 susceptum
2139 2308 2342 2364 esse,
2392 2290 2459 2353 in
2496 2310 2626 2371 quo

324 2396 535 2477 magis
585 2395 935 2477 significari
981 2395 1238 2460 videtur
1293 2394 1519 2459 Issaei
1580 2394 1875 2476 (Issei);
1946 2397 2143 2460 etiam
2201 2396 2232 2479 ξ
2281 2403 2318 2460 4
2367 2397 2456 2462 de
2504 2419 2628 2462 re-

325 2505 674 2568 cessisse
743 2503 865 2582 (sic
933 2504 1105 2568 enim
1171 2501 1508 2584 scribitur)
1576 2503 1831 2568 facilius
1878 2525 2082 2588 prope
2131 2526 2238 2569 ex:
2309 2505 2399 2570 de
2445 2526 2627 2588 rege

325 2611 551 2678 Issaei
597 2633 793 2695 quam
840 2633 947 2677 ex:
1021 2612 1108 2677 de
1177 2633 1359 2694 rege
1406 2612 1773 2678 Issenses
1836 2614 1991 2678 oriri
2037 2614 2280 2698 potuit3
2350 2623 2626 2698 utraque

320 2722 600 2785 nominis
632 2721 844 2785 forma
873 2721 1092 2785 Livius
1117 2723 1325 2786 utitur
1350 2720 1664 2803 (Issaeus
1700 2721 1932 2801 XXXI,
1957 2728 2056 2801 45,
2088 2727 2181 2802 10,
2206 2722 2403 2802 XLII,
2427 2728 2528 2799 48,
2556 2728 2626 2803 8;

322 2850 441 2893 nec
488 2829 676 2894 valde
725 2829 975 2903 dubito.
1023 2832 1181 2913 quin
1228 2828 1492 2908 XXXII,
1543 2833 1644 2905 21,
1694 2834 1774 2892 27
1821 2829 2044 2895 Issaei
2101 2831 2343 2896 lembi
2401 2832 2627 2915 appel-

323 2938 442 3002 lati
510 2937 753 3003 fuerint
819 2958 859 3000 a
901 2937 1105 3005 Livio.
1174 2959 1303 3001 non
1370 2937 1712 3016 Issaici).
1803 2938 2009 3003 Paulo
2079 2947 2228 3022 post
2290 2938 2406 3020 §4
2474 2960 2625 3022 pro:

324 3048 782 3128 quaesitum,
831 3046 1122 3128 ecquid
1168 3048 1283 3109 ita
1328 3066 1478 3109 non
1525 3046 1897 3111 adissent
1943 3047 2509 3129 magistratum
2563 3049 2630 3111 in

327 3154 470 3221 cod.
520 3162 648 3219 est:
698 3155 1123 3236 quaesitum
1169 3163 1247 3218 et
1293 3154 1487 3237 quid
1533 3161 1677 3229 cet..
1727 3154 1895 3219 unde
1944 3153 2113 3219 effici
2159 3154 2383 3219 debet:
2433 3175 2628 3235 quae·

324 3265 569 3328 situm
638 3261 1047 3346 est,‚quid
1113 3263 1250 3327 ita.
1342 3262 1508 3326 Nam
1577 3263 1865 3346 ecquid
1934 3264 2049 3328 ita
2118 3285 2327 3346 neque
2388 3263 2630 3329 dicitur

324 3372 569 3436 usitate
616 3392 828 3454 neque
876 3372 1200 3436 rationem
1259 3370 1489 3447 habet,
1562 3372 1871 3455 quoniam
1931 3371 2010 3436 de
2068 3393 2295 3451 causa,
2363 3394 2491 3436 non
2549 3373 2629 3437 de

323 3481 499 3546 facto
571 3481 904 3564 quaeritur.
1009 3479 1257 3544 Deinde
1327 3500 1523 3563 prave
1593 3478 1625 3561 ἓ
1698 3484 1732 3542 6
1803 3479 2051 3544 editur:
2122 3480 2629 3564 Responsum

326 3597 733 3672 tamquam
778 3588 1103 3670 legatiS.
1154 3597 1236 3652 ut
1282 3589 1415 3670 qui
1461 3588 1694 3652 adire
1743 3588 2111 3652 senatum
2157 3609 2308 3654 non
2357 3596 2629 3671 postu-

322 3698 667 3773 lassent,
716 3697 891 3761 dari
936 3718 1088 3761 non
1136 3696 1472 3779 placuit.
1555 3695 1723 3759 Nam
1770 3696 1999 3760 adire
2047 3696 2371 3780 postulo
2418 3719 2629 3782 neque

326 3805 546 3870 Livius
613 3827 823 3888 neque
892 3806 1006 3869 alii
1075 3805 1259 3869 bonae
1328 3806 1542 3869 aetatis
1612 3826 1821 3887 prosae
1893 3806 2209 3871 orationis
2279 3807 2629 3889 scriptores

326 3914 629 3978 dixerunt
699 3918 808 3994 (-
877 3913 1208 3997 postulo
1279 3935 1390 3977 me
1457 3913 1694 3976 adire
1752 3923 1932 3978 recte
1992 3914 2230 3978 dicitur
2274 3918 2404 3992 ——),
2453 3923 2518 3979 et
2561 3917 2628 3979 in

321 4023 545 4087 codice
591 4044 719 4087 non
767 4022 1009 4097 adire,
1057 4020 1172 4085 sed
1219 4022 1545 4086 adirent
1593 4024 1910 4104 scriptum
1957 4031 2073 4087 est.
2142 4022 2374 4107 Itaque
2411 4031 2629 4088 trans-

322 4133 557 4215 positis
628 4139 713 4196 ut
780 4139 845 4195 et
892 4131 1028 4214 qui
1075 4129 1274 4194 scribi
1344 4129 1571 4194 debet:
1644 4131 2149 4214 Responsum
2219 4137 2629 4214 tamquam

321 4239 645 4323 legatis,
693 4241 854 4323 qui,
904 4245 987 4301 ut
1035 4236 1359 4301 adirent
1406 4244 1792 4317 senatum,
1841 4261 1989 4303 non
2037 4238 2627 4322 postulassent,

321 4347 384 4412 d.
433 4371 493 4414 n.
545 4348 629 4431 pl.
679 4347 832 4431 (hoc
879 4356 1006 4411 est:
1075 4344 1440 4410 hominibus
1487 4347 1597 4423 iis,
1660 4349 1769 4430 qui
1827 4368 1958 4411 non
2006 4346 2224 4429 post).
2319 4345 2628 4428 Sequitur

319 4464 389 4520 et
434 4456 768 4521 lenissima
813 4463 881 4520 et
927 4455 1290 4519 certissima
1336 4457 1654 4519 correctio
1703 4453 1923 4518 mendi
1968 4455 2182 4537 prima
2218 4456 2432 4538 specie
2480 4475 2627 4538 per-
