3230 5282
1792 606 1867 667 16

669 797 851 856 recte
918 796 1179 872 notata,
1260 791 1579 857 nonnulla
1647 812 1977 857 consensu
2042 791 2359 857 damnata
2425 799 2597 858 sunt.
2710 794 2966 859 Attendi

668 904 893 965 autem
949 899 1144 964 velim
1197 899 1263 964 in
1325 921 1458 965 uno
1515 906 1584 965 et
1626 900 1841 966 altero
1888 901 2216 985 exemplo,
2283 922 2480 986 quam
2524 902 2758 968 leviter
2799 902 2967 968 festi-

671 1015 1037 1091 nanterque
1104 1008 1268 1073 talia
1333 1008 1665 1075 interdum
1731 1009 2073 1095 adscripta
2126 1010 2286 1091 sint,
2354 1010 2808 1078 additamento
2861 1017 2966 1076 aut

668 1138 803 1183 non
858 1123 1041 1183 recte
1097 1118 1164 1181 in
1219 1118 1539 1183 orationis
1596 1124 2001 1184 structuram
2043 1118 2293 1185 incluso
2341 1118 2549 1201 (velut
2591 1119 2711 1200 IV,
2770 1123 2877 1200 32,
2929 1124 2962 1183 7

669 1248 803 1293 eos
851 1225 1257 1310 adscriptum
1303 1232 1433 1306 est,
1490 1248 1693 1309 quum
1739 1228 1796 1292 ii
1843 1227 2144 1307 deberet,
2201 1235 2271 1293 et
2313 1227 2431 1306 VI,
2493 1232 2589 1306 17,
2647 1233 2684 1292 6
2732 1228 2809 1293 id
2855 1250 2962 1313 pro

525 1342 637 1412 (15)
677 1357 781 1415 eo,
826 1333 1373 1416 quemadmodum
1417 1335 1484 1400 in
1528 1336 1734 1400 tertia
1776 1334 2025 1401 decade
2058 1334 2262 1416 XXX,
2306 1340 2408 1415 23,
2455 1342 2495 1399 4
2542 1357 2729 1414 eum,
2775 1357 2965 1418 quum

667 1445 732 1508 is
776 1445 1150 1527 ponendum
1209 1443 1409 1524 esset)
1457 1450 1574 1508 aut
1617 1445 1714 1509 ita
1758 1444 2042 1523 inclum,
2106 1450 2182 1508 ut
2239 1444 2372 1509 alia
2427 1444 2964 1528 perturbarentur

667 1551 875 1633 (velut
920 1551 1066 1631 VH,
1133 1556 1247 1630 41,
1317 1555 1384 1631 6,
1453 1551 1566 1616 ubi
1636 1552 1862 1618 addito
1921 1553 2058 1634 qui
2114 1558 2183 1617 et
2236 1551 2321 1617 ad
2365 1552 2434 1618 id
2480 1553 2964 1618 accommodato

664 1658 1113 1742 fugissent,
1176 1659 1594 1726 desideratur
1651 1667 1803 1745 post
1855 1660 2161 1727 fuisset
2206 1668 2286 1727 et
2330 1662 2615 1727 alterum
2659 1660 2965 1741 verbum),

664 1768 1034 1834 cuiusmodi
1092 1766 1354 1833 indiciis
1412 1769 1551 1853 ipse
1609 1791 1796 1835 error
1851 1791 2024 1854 saepe
2082 1770 2616 1855 deprehenditur.
2729 1770 2966 1835 Notata

664 1878 869 1960 igitur
913 1878 1202 1942 omnium
1249 1878 1578 1956 codicum,
1638 1878 1762 1942 hoc
1810 1885 1930 1957 est,
1990 1878 2331 1962 archetypi
2377 1877 2830 1945 additamenta
2869 1878 2964 1943 his

664 1986 826 2051 locis
893 1986 1025 2051 iam
1092 1991 1311 2064 erant,
1380 1986 1461 2051 de
1523 2007 1803 2069 quorum
1849 1985 2194 2075 ‘nonnullis
2251 1986 2714 2051 confirmandae
2760 1988 2964 2071 suspi-

661 2095 872 2159 cionis
918 2114 1121 2158 causa
1165 2093 1360 2177 plura
1406 2094 1655 2173 dicam,
1725 2094 1840 2158 ubi
1901 2094 2062 2158 ordo
2124 2114 2228 2158 me
2284 2094 2370 2159 ad
2428 2115 2539 2159 eos
2595 2095 2963 2160 deduxerit:

664 2203 713 2281 I,
751 2208 851 2283 41,
889 2206 925 2266 3
962 2200 1102 2282 (ubi
1150 2202 1275 2266 vim
1320 2203 1637 2268 orationis
1670 2223 1939 2286 prorsus
1973 2202 2220 2284 frangit
2253 2202 2535 2267 alterum
2571 2202 2965 2283 consilia),

663 2311 746 2389 ΙΙ,
807 2314 907 2389 30,
961 2315 989 2372 1
1042 2308 1479 2393 (putabant
1523 2311 2037 2390 sententiam,
2094 2310 2206 2375 ubi
2255 2318 2321 2376 et
2364 2310 2600 2394 frigide
2643 2310 2965 2394 repetitur

661 2418 1093 2485 sententiae
1153 2438 1387 2482 nomen
1446 2424 1512 2483 et
1569 2419 1944 2484 necessario
2005 2418 2354 2483 dicendum
2399 2424 2573 2483 erat:
2643 2425 2966 2484 senten·

662 2529 862 2593 tiam
924 2547 1097 2590 eam
1155 2546 1328 2591 esse
1383 2527 1823 2610 putabant,
1881 2547 2046 2608 quae
2088 2552 2205 2607 —3
2272 2549 2426 2592 nam
2470 2526 2736 2592 Lartii
2792 2548 2967 2592 sen·

662 2636 1009 2703 tentiam
1055 2641 1269 2718 put0,
1318 2656 1488 2719 quae
1530 2634 1696 2700 nihil
1742 2634 1890 2718 est),
1938 2639 2038 2712 58,
2088 2640 2123 2700 5
2171 2634 2412 2720 (neque
2458 2635 2629 2701 enim
2674 2633 2885 2718 quod
2929 2657 2970 2700 a

662 2746 890 2810 codice
937 2743 1237 2808 Rhenani
1283 2744 1535 2825 aberat,
1584 2744 1702 2808 sed
1750 2746 1891 2810 eius
1937 2744 2182 2809 iudicio
2231 2744 2612 2808 damnatum
2659 2745 2808 2825 est),
2854 2743 2970 2822 ΙΙΙ,

670 2859 722 2933 l,
777 2858 804 2915 1
856 2852 1348 2934 (Quinctius,
1405 2875 1524 2936 pro
1572 2874 1704 2934 quo
1748 2853 2180 2918 substitutum
2228 2857 2328 2916 est
2375 2850 2777 2934 Quintus),
2823 2857 2883 2929 4,
2935 2856 2963 2914 l

660 2961 993 3042 (Fabios
1041 2981 1364 3025 consensu
1411 2960 1822 3043 damnatur),
1879 2961 1995 3040 IV,
2054 2965 2167 3039 21,
2231 2964 2268 3022 6
2316 2959 2700 3041 (metum),
2760 2964 2870 3039 32,
2932 2966 2968 3024 7

660 3072 848 3152 (coe,
897 3090 981 3134 ne
1026 3066 1433 3132 Alschefskio
1480 3070 1746 3151 quidem
1795 3075 2026 3134 contra
2072 3067 2378 3150 dicente),
2427 3068 2530 3147 VI,
2584 3071 2680 3147 17,
2728 3072 2765 3132 6
2813 3068 2971 3148 (re-

661 3180 906 3243 misso
954 3177 1055 3255 id,
1103 3175 1362 3260 quod),
1400 3177 1538 3257 VH,
1576 3181 1679 3257 29,
1724 3183 1752 3240 1
1794 3178 2112 3261 (spatio,
2160 3198 2292 3261 quo
2328 3176 2554 3241 addito
2589 3176 2785 3260 plane
2821 3198 2971 3260 per-

660 3308 843 3352 verse
879 3284 1154 3349 vel-vel
1192 3284 1507 3367 ponitur),
1533 3290 1635 3364 41,
1675 3291 1711 3350 6
1738 3286 1948 3369 (qui),
1974 3285 2146 3365 VIII,
2171 3289 2272 3365 25,
2299 3289 2334 3348 5
2361 3282 2969 3367 (patiebantur),

661 3394 773 3472 IX,
825 3397 921 3473 16,
971 3397 1009 3454 8
1057 3391 1341 3472 (nocte,
1392 3392 1571 3477 quod
1606 3394 1842 3458 mirum
1888 3400 1990 3459 est
2023 3393 2246 3473 fuisse,
2298 3393 2410 3475 qui
2457 3393 2522 3455 in
2572 3392 2802 3457 hoste
2849 3400 2972 3458 aut

659 3501 936 3567 hostes
972 3501 1215 3565 mutari
1247 3500 1519 3565 mallent
1555 3523 1754 3583 quam
1787 3501 1979 3583 tolli),
2012 3505 2107 3581 19,
2134 3506 2174 3563 4
2212 3499 2283 3582 (S
2302 3501 2678 3581 amnites3
2712 3499 2972 3566 frustra

660 3611 795 3676 alia
826 3607 1218 3690 tentantur),
1253 3607 1386 3672 ibd.
1424 3606 1456 3689 ἓ
1494 3612 1530 3671 7
1569 3608 1674 3689 (1(1
1715 3617 1840 3674 est
1876 3609 2154 3689 hastae3
2190 3609 2478 3674 omnium
2513 3607 2974 3675 manifestissi-

660 3742 836 3784 mum
872 3716 1397 3782 additamentum
1434 3737 1658 3780 omnes
1699 3716 2043 3796 damnant3
2078 3717 2145 3781 in
2168 3716 2525 3800 archetypo
2549 3722 2768 3782 tamen
2791 3715 2974 3798 fuit),

662 3831 774 3905 30,
844 3830 882 3888 8
953 3824 1254 3906 (causa,
1323 3823 1732 3908 adscriptum
1800 3823 1885 3889 ad
1950 3824 2064 3890 illa
2132 3846 2271 3908 per
2338 3825 2714 3909 speciem3
2792 3825 2973 3892 male

660 3931 1229 3999 Weissenbornius
1276 3930 1625 3996 defendere
1673 3932 1996 4015 conatur).
2099 3931 2203 4014 (X,
2252 3936 2351 4013 32,
2400 3938 2439 3996 4
2487 3940 2551 3998 et
2595 3932 2673 4012 X,
2724 3936 2825 4014 37,
2891 3940 2973 3999 15

659 4042 749 4108 ad
793 4041 974 4107 aliud
1020 4061 1223 4124 genus
1270 4041 1634 4124 pertinent,
1694 4040 1773 4106 de
1833 4063 1963 4123 quo
2011 4041 2224 4107 dicam
2272 4040 2469 4124 paulo
2517 4041 2713 4124 post.)
2805 4042 2972 4106 Haec

659 4151 864 4234 igitur
921 4149 1065 4228 alii,
1140 4169 1259 4231 ego
1316 4170 1485 4213 unus
1542 4147 1738 4233 plura
1793 4149 2168 4214 huiusmodi
2223 4149 2814 4233 interpretamenta
2871 4151 2977 4214 ita

659 4258 959 4341 coargui,
1028 4263 1131 4336 ut,
1200 4256 1456 4320 etiamsi
1525 4255 1604 4321 de
1661 4278 1791 4322 uno
1848 4264 1916 4323 et
1971 4257 2181 4323 altero
2239 4262 2471 4323 contra
2527 4258 2814 4338 dicatur,
2887 4257 2975 4322 de

660 4366 852 4449 longe
898 4364 1199 4450 plurimis
1246 4364 1494 4448 peritos
1539 4362 1860 4445 homines,
1930 4366 2042 4449 qui
2099 4372 2165 4432 et
2219 4365 2288 4430 in
2332 4364 2604 4448 singulis
2647 4365 2812 4431 locis
2862 4388 2978 4431 ar-

656 4481 972 4558 gumenta
1030 4472 1586 4538 consideraverint
1641 4478 1710 4538 et
1766 4473 2067 4538 omnibus
2113 4474 2284 4539 inter
2328 4495 2396 4539 se
2445 4473 2703 4537 collatis
2749 4480 2981 4538 totum
