3230 5282
604 607 728 661 Lib.
765 605 913 661 VIII.
1701 594 1819 654 186

604 779 793 845 valde
850 779 1176 862 suspicor,
1246 777 1498 841 Livium
1557 777 1925 860 scripsisse:
2011 775 2303 859 quibus
2372 776 2588 838 usuri
2643 775 2915 840 adver-

606 909 736 953 sus
802 888 1242 951 Romanum
1319 884 1621 949 bellum
1688 884 2036 949 fuerant.
2160 884 2380 948 Etiam
2447 886 2513 948 in
2581 883 2915 948 Vindobo-

604 997 790 1060 nensi
848 995 1013 1060 Livii
1086 993 1310 1057 codice
1379 993 1732 1076 aliquoties
1788 1014 1908 1076 pro
1965 992 2263 1075 longiore
2317 992 2523 1057 futuri
2581 993 2916 1077 participii

499 1086 513 1098 ⁶
602 1104 813 1168 forma
878 1102 1245 1167 breviorem
1310 1101 1588 1186 perfecti
1660 1100 2093 1165 substitutam
2146 1121 2318 1179 esse,
2390 1100 2914 1166 commemorabo

607 1211 691 1276 ad
737 1210 936 1290 XLII,
986 1214 1086 1289 25,
1136 1210 1265 1293 4.¹)

776 1316 931 1401 Cap.
983 1324 1054 1397 4,
1120 1323 1154 1381 3
1216 1317 1311 1399 (in
1369 1320 1667 1382 oratione
1713 1317 1910 1381 Annii
1957 1316 2164 1381 Setini
2220 1316 2523 1399 praetoris
2571 1310 2763 1398 apud'
2790 1315 2917 1379 La-

433 1426 845 1508 (158)tinos):
941 1425 1078 1491 Sin
1168 1432 1436 1490 autem
1519 1425 1842 1489 tandem
1918 1423 2341 1488 libertatis
2420 1422 2918 1487 desiderium

605 1536 1014 1600 remordet
1070 1534 1411 1611 animOS,
1469 1534 1535 1596 si
1581 1533 1875 1597 foedus
1923 1538 2071 1611 est,
2130 1533 2195 1595 si
2242 1532 2599 1596 societas
2648 1552 2919 1615 aequa·

604 1644 725 1707 tio
794 1642 1000 1706 iuris
1070 1647 1221 1719 est,
1302 1641 1365 1703 si
1449 1641 2107 1721 consanguineos
2174 1661 2314 1703 nos
2384 1640 2921 1704 Romanorum

606 1771 805 1830 esse,
875 1749 1086 1833 quod
1154 1749 1339 1812 olim
1408 1747 1797 1830 pudebat,
1864 1768 2073 1812 nunc
2144 1748 2492 1828 gloriari
2548 1747 2781 1825 licet,
2854 1748 2920 1811 si

605 1858 945 1923 socialis
1003 1856 1174 1921 illis
1223 1856 1640 1921 exercitus
1688 1856 1751 1918 is
1798 1859 1956 1934 est,
2015 1877 2166 1939 quo
2214 1855 2603 1919 adiuncto
2652 1854 2919 1939 dupli-

607 1972 789 2030 cent
852 1967 1067 2030 vires
1136 1986 1351 2043 suaS‚
1421 1984 1647 2047 quem
1715 1984 2148 2028 secernere
2220 1963 2312 2027 ab
2382 1984 2464 2026 se
2534 1961 2919 2027 consules

603 2074 849 2138 bellis
905 2073 1275 2156 propriis
1334 2069 1733 2155 ponendis
1794 2071 2372 2155 sumendisque
2418 2069 2719 2147 nolint,
2779 2090 2921 2133 cur

604 2203 754 2246 non
824 2182 1087 2246 omnia
1144 2179 1617 2263 aequantur‘?
1699 2199 1837 2243 cur
1915 2200 2067 2243 non
2148 2178 2362 2241 alter
2439 2175 2532 2240 ab
2599 2175 2919 2242 Latinis

606 2288 890 2354 consul
940 2288 1217 2367 datur3
1275 2287 1410 2351 ubi
1454 2308 1642 2369 pars
1689 2287 2011 2364 virium,
2070 2285 2185 2349 ibi
2232 2290 2309 2349 et
2352 2285 2678 2368 imperii
2724 2306 2917 2368 pars

606 2396 765 2460 est?
832 2395 978 2460 Duo
1038 2396 1106 2459 in
1163 2394 1264 2458 his
1321 2393 1560 2458 menda
1614 2400 1785 2458 sunt.
1897 2392 2087 2457 Prius
2134 2394 2355 2473 arguit
2401 2392 2531 2455 iam
2579 2391 2917 2457 dissensus

604 2503 1217 2586 interpretantium;
1276 2523 1428 2565 nam
1475 2501 1587 2565 alii
1634 2502 1747 2580 sic,
1796 2507 1870 2566 ut
1916 2522 2034 2584 ego
2084 2500 2421 2582 descripsi,
2466 2500 2668 2563 verba
2712 2500 2914 2563 inter-

604 2616 931 2695 pungunt:
982 2611 1047 2675 si
1093 2611 1445 2676 societas
1493 2610 1839 2693 aequatio
1885 2609 2090 2674 iuris
2135 2615 2277 2688 est,
2324 2605 2667 2673 manifesto
2703 2613 2913 2688 recte3

605 2740 761 2783 nam
814 2719 883 2783 id
939 2720 1146 2804 ipsum
1209 2719 1314 2800 agi
1359 2718 1609 2783 Annius
1670 2717 1861 2796 dicit,
1929 2717 2161 2782 foedus
2225 2722 2292 2782 et
2339 2716 2652 2795 societaS,
2722 2737 2919 2799 quam

605 2847 752 2891 cum
796 2827 1107 2891 Romanis
1155 2827 1376 2891 Latini
1420 2826 1729 2905 habeant,
1776 2826 1944 2890 sitne
1990 2846 2240 2908 reapse,
2287 2823 2461 2908 quod
2504 2824 2561 2888 is
2609 2823 2917 2906 postulat,

601 2936 763 2999 iuris
826 2936 1145 3019 aequatio,
1208 2941 1281 2999 ut
1324 2935 1544 3000 Latini
1589 2934 2001 3015 Romanique
2049 2954 2234 3016 aequo
2279 2933 2421 2996 iure
2468 2932 2616 2995 sint.
2716 2931 2917 3014 Atqui

603 3049 741 3108 tum
802 3064 1068 3125 prorsus
1130 3063 1326 3124 prave
1385 3039 1674 3105 foedus
1722 3047 1789 3104 et
1834 3040 2191 3104 societas
2240 3038 2640 3103 divelluntur
2686 3044 2754 3103 et
2798 3060 2915 3122 per

601 3172 669 3215 se
715 3151 843 3215 hoc
888 3151 1181 3233 ponitur:
1252 3151 1315 3214 si
1370 3145 1657 3215 foedus
1706 3155 1862 3227 est,
1933 3148 2121 3230 quasi
2167 3147 2293 3210 hoc
2339 3147 2419 3212 de
2463 3145 2729 3211 foedere
2778 3168 2913 3210 om·

604 3260 758 3323 nino
806 3258 1076 3323 dubium
1123 3259 1236 3336 sit,
1295 3263 1529 3321 contra
1574 3257 1914 3321 societatis
1960 3260 2221 3320 tantum
2265 3255 2361 3318 vis
2410 3261 2475 3318 et
2519 3254 2910 3335 significatio

602 3371 948 3448 quaeratur.
1039 3364 1169 3427 Alii
1215 3369 1435 3427 autem
1484 3365 1578 3428 sic
1624 3365 2126 3447 interpungunt:
2198 3363 2266 3426 si
2309 3360 2601 3427 foedus
2648 3370 2789 3441 est,
2849 3362 2914 3426 si

600 3473 993 3550 societaS,
1050 3470 1401 3552 aequatio
1449 3472 1652 3535 iuris
1700 3477 1851 3550 est3
1922 3472 1988 3534 in
2036 3491 2164 3554 quo
2212 3471 2491 3553 primum
2536 3470 2906 3534 necessario

655 3739 700 3804 ¹)
738 3737 770 3808 ἓ
813 3741 877 3792 10
923 3756 1058 3794 vera
1105 3745 1192 3793 est
1225 3739 1438 3793 Dukeri
1452 3781 1465 3807 ,
1514 3740 1826 3794 cautissimi
1873 3741 2118 3796 hominis
2133 3781 2147 3808 ,
2196 3741 2525 3805 coniectura
2560 3740 2911 3809 reponentis:

736 3829 811 3878 ut
848 3825 1030 3878 satis
1098 3824 1448 3879 ducerent
1513 3824 1817 3880 Romani
1881 3827 2271 3880 victoriam
2337 3825 2788 3880 Samnitibus
2845 3853 2912 3862 —

736 3926 764 3962 e
781 3910 888 3978 rip
906 3910 1013 3964 uis
1034 3927 1100 3964 se
1136 3927 1240 3978 pro
1278 3927 1361 3977 e0,
1410 3910 1561 3979 quod
1596 3910 1656 3965 in
1693 3911 1983 3966 codicibus
2024 3917 2134 3966 est:
2171 3940 2240 3949 —
2276 3911 2676 3976 victoriam,
2715 3927 2913 3979 quam

736 3993 773 4047 S
793 3995 1189 4049 amnitibus
1237 4025 1304 4034 —
1356 3997 1835 4065 eripuissent3
1886 4014 2017 4050 nam
2061 4013 2241 4064 neque
2296 3995 2481 4049 satis
2531 3995 2711 4050 duco
2762 3995 2909 4048 vic·

734 4083 759 4131 t
774 4080 995 4133 oriam
1045 4080 1311 4134 Latinum
1371 4086 1458 4135 est
1517 4099 1701 4151 neque
1749 4082 1920 4135 ullam
1967 4082 2265 4136 victoriam
2301 4080 2542 4135 Romani
2590 4081 2700 4150 ipsi
2749 4079 2915 4133 habe·

733 4164 889 4233 bant,
938 4182 1049 4232 qua
1086 4165 1340 4219 contenti
1377 4171 1580 4233 essent,
1631 4167 1729 4220 sed
1763 4167 2015 4221 victoriae
2053 4168 2414 4235 ereptionem.
2499 4166 2645 4221 Satis
2680 4165 2752 4218 iis
2791 4182 2911 4219 esse

734 4247 1015 4304 Samnites
1052 4251 1321 4305 volebant
1358 4250 1606 4306 effecisse
1620 4293 1633 4319 ,
1680 4269 1750 4306 ne
1788 4251 2068 4307 Samnites
2105 4253 2426 4318 vincerent3
2474 4268 2589 4304 non
2626 4250 2912 4320 postulare

734 4335 954 4402 debere,
992 4340 1056 4389 ut
1091 4336 1261 4390 etiam
1296 4336 1673 4391 vincerentur.
1739 4337 2104 4391 Memorabile
2140 4337 2251 4391 hoc
2288 4341 2376 4390 est
2412 4336 2728 4406 exemplum
2766 4353 2913 4390 erro-

729 4420 806 4473 ris
843 4418 894 4488 (e
908 4421 1017 4490 rip
1032 4421 1137 4475 uis
1152 4439 1176 4476 s
1192 4438 1271 4475 en
1286 4421 1328 4488 t)
1366 4422 1425 4475 in
1462 4422 1582 4476 cod.
1622 4422 1930 4492 archetypo
1968 4422 2365 4492 interpolando
2404 4421 2689 4476 occultati.
