3230 5282
1507 595 1629 656 339
2364 608 2486 662 Lib.
2525 607 2723 660 XXIV.

408 779 587 859 tudo,
634 780 747 843 alii
793 779 875 843 de
919 779 1192 843 interitu
1240 786 1305 844 et
1348 780 1577 845 funere
1627 782 1721 845 rei
1758 780 2058 864 publicae.
2130 778 2376 843 Verum
2415 779 2592 861 quod
2617 780 2724 843 Li-

408 889 551 951 vius
577 886 902 967 (XXVIII,
927 891 1027 965 28,
1057 886 1161 967 12)
1208 887 1582 971 Scipionem
1628 895 1979 970 negantem
2023 887 2202 966 facit,
2251 908 2337 951 su
2357 907 2394 951 o
2442 886 2576 950 fun
2593 908 2724 951 ere

408 1017 541 1061 rem
580 995 915 1078 publicam
961 994 1204 1059 elatum
1250 996 1351 1075 iri,
1395 1017 1524 1060 non
1572 997 1890 1079 sequitur,
1937 1002 2032 1073 ut,
2079 994 2263 1058 nulla
2308 995 2724 1077 praecedente

408 1102 641 1169 mortis
686 1102 1012 1167 funerisve
1059 1102 1559 1185 significatione,
1604 1111 1785 1169 recte
1833 1103 2094 1167 dicatur
2139 1102 2506 1185 periculum
2556 1124 2722 1180 esse,

408 1233 491 1276 ne
547 1231 652 1276 res
696 1210 965 1293 publica
1022 1210 1456 1290 efferatur,
1503 1213 1628 1276 hoc
1675 1218 1806 1291 est,
1875 1212 2190 1290 intereat3
2261 1232 2291 1274 s
2310 1211 2726 1292 epeliatur

408 1320 776 1402 perspicue,
824 1318 938 1382 sed
983 1319 1206 1402 inepte
1254 1319 1675 1384 scriberetur.
1780 1319 1928 1385 Una
1971 1318 2196 1382 littera
2246 1338 2287 1382 a
2329 1339 2484 1383 vero
2532 1319 2724 1383 aber-

408 1433 609 1491 ratur.
712 1425 1086 1510 Scripserat
1132 1429 1304 1491 enim
1350 1427 1608 1510 Livius:
1676 1449 1768 1492 ne
1827 1427 2095 1492 libera
2153 1425 2538 1487 efferetur
2594 1447 2675 1490 re
2694 1450 2723 1490 s

409 1556 505 1618 pu
519 1534 768 1612 blica,
835 1534 964 1599 hoc
1032 1541 1154 1615 est,
1210 1536 1278 1600 in
1334 1533 1544 1600 feram
1603 1542 1670 1600 et
1726 1537 2076 1600 immanem
2133 1533 2597 1598 crudelitatem
2656 1542 2723 1599 et

406 1643 740 1706 licentiam
786 1642 1053 1707 incidat.
1146 1641 1281 1725 [Sic
1326 1644 1459 1706 iam
1503 1642 1915 1725 Doeringius.
1995 1640 2173 1707 Nihil
2219 1642 2480 1725 gravius
2527 1663 2723 1724 quam

406 1751 692 1814 universi
740 1750 966 1833 populi
1011 1750 1239 1815 feritas
1285 1752 1502 1825 timeri
1548 1750 1861 1834 poterat]

580 1856 737 1941 Cap.
787 1861 868 1940 24
883 1908 897 1935 ,
959 1861 995 1919 6
1054 1879 1196 1941 sqq.
1312 1858 1591 1923 Sublata
1635 1859 1965 1943 particula
2011 1865 2089 1922 et
2103 1908 2117 1937 ,
2175 1878 2320 1941 quae
2366 1858 2711 1940 geminatis
2751 1870 2894 1937 (277)
3046 1912 3062 1947 ἱ

408 1966 717 2029 extremis
770 1966 1014 2030 litteris
1072 1965 1252 2030 verbi
1310 1987 1344 2029 e
1360 1965 1451 2031 do
1468 1968 1640 2031 cuis
1656 1990 1686 2032 s
1702 1975 1778 2037 et
1836 1974 1983 2032 orta
2040 1968 2406 2031 orationem
2464 1973 2720 2048 pertur-

408 2073 524 2137 bat
569 2074 672 2154 (ut
705 2073 878 2151 XXI,
904 2078 1007 2149 45,
1033 2077 1070 2137 8
1118 2080 1571 2140 mactasset
1618 2081 1710 2155 et,
1758 2075 1838 2139 de
1884 2096 2016 2159 quo
2060 2075 2207 2140 loco
2254 2074 2390 2138 dixi
2436 2073 2521 2138 ad
2545 2073 2718 2152 XXI,

409 2183 510 2258 25,
560 2179 645 2260 9),
692 2180 1110 2246 scribendum
1158 2184 1286 2246 est:
1341 2180 1488 2258 Qui
1536 2180 1789 2263 (index)
1839 2204 2075 2266 quum
2122 2181 2408 2248 ordine
2456 2182 2723 2245 omnia

410 2286 552 2352 edo
572 2288 911 2353 cuisset:
993 2290 1491 2373 principium
1570 2291 2180 2356 coniurationis
2246 2289 2554 2354 factum
2622 2289 2720 2353 ab

365 2394 865 2488 *Harmoniae
931 2395 1268 2461 Gelonis
1335 2397 1541 2461 filiae
1606 2398 1952 2482 nuptiiS,
2018 2423 2133 2477 ——3
2202 2398 2355 2461 iam
2423 2417 2720 2461 merce-

409 2503 823 2568 nariorum
869 2524 1196 2583 manum,
1245 2505 1393 2569 ads
1412 2513 1681 2569 uetam
1726 2507 2095 2590 imperiis
2130 2505 2720 2581 Andranodori‚

409 2617 784 2694 paratam
863 2611 1122 2677 fuisse
1192 2611 1288 2677 ad
1354 2613 1719 2679 Insulam
1785 2635 2070 2679 rursus
2138 2612 2719 2697 occupandam,

410 2719 737 2802 sing-ula
803 2719 1098 2785 deinde
1152 2758 1243 2766 —
1296 2728 1484 2786 ante
1552 2743 1590 2786 o
1610 2722 1842 2788 culos
1912 2724 2210 2806 posuit.
2302 2721 2721 2799 Anacoluthi,

406 2826 633 2909 qualia
685 2848 840 2891 vera
895 2849 1041 2892 esse
1104 2829 1320 2894 solent
1335 2880 1349 2907 ,
1416 2849 1538 2893 nec
1595 2851 1797 2894 causa
1851 2829 1978 2894 fuit
2032 2851 2152 2895 nec
2200 2830 2549 2911 vestigium
2598 2837 2718 2892 est.

408 2933 543 3016 [Sic
589 2934 1037 3018 Doeringius.]

576 3042 732 3126 Cap.
782 3047 882 3122 25,
929 3048 998 3106 8:
1056 3041 1171 3108 Ea
1211 3051 1513 3109 natura
1556 3045 2111 3110 multitudinis
2159 3050 2313 3109 est:
2377 3049 2518 3107 aut
2564 3064 2721 3107 ser-

404 3151 519 3213 vit
574 3148 822 3214 humil
842 3153 1005 3216 iter
1063 3156 1202 3215 aut
1248 3152 1595 3235 superbe
1645 3154 1686 3217 d
1706 3153 2146 3231 ominatur3
2208 3151 2718 3227 libertatem,

405 3279 573 3340 quae
642 3279 759 3322 me
779 3258 911 3322 dia
978 3264 1131 3337 est,
1211 3279 1354 3324 nec
1423 3268 1756 3344 stupere
1824 3280 1938 3323 mo
1958 3260 2135 3324 dice
2202 3280 2346 3323 nec
2413 3258 2720 3323 habere

406 3387 436 3428 s
450 3385 485 3428 c
501 3365 580 3428 iu
595 3372 698 3429 nt.
822 3365 1096 3430 Poterat
1173 3368 1346 3431 inter
1413 3369 1798 3433 servitutem
1866 3373 1934 3432 et
2001 3367 2517 3431 dominationem
2586 3387 2722 3430 una

404 3471 696 3551 libertas,
741 3474 808 3537 in
854 3493 986 3553 qua
1029 3474 1180 3557 ipsa
1223 3474 1461 3540 modus
1509 3475 2208 3560 comprehenderetur,
2267 3473 2483 3538 media
2531 3474 2686 3556 poni
2704 3497 2718 3552 3

403 3600 578 3642 nunc
639 3587 869 3663 aperte
928 3578 972 3643 h
989 3580 1083 3644 ab
1100 3601 1135 3644 e
1150 3601 1231 3645 re
1276 3602 1342 3646 m
1357 3604 1394 3647 o
1411 3582 1537 3648 dic
1552 3604 1585 3647 e
1632 3583 1854 3648 Livius
1899 3584 1993 3648 sic
2039 3583 2446 3648 contrarium
2494 3582 2720 3665 posuit

402 3687 705 3769 superbae
753 3688 1207 3760 dominationi,
1270 3690 1381 3771 qui
1427 3690 1680 3755 abusus
1725 3699 1828 3755 est
1874 3691 2218 3767 libertatis,
2263 3709 2460 3772 quam
2506 3710 2718 3771 popu-

403 3794 504 3857 lus
558 3793 790 3874 habet,
858 3803 935 3860 ut
1003 3795 1286 3860 alterum
1352 3796 1632 3861 verbum
1684 3797 1832 3881 (pro
1890 3817 2018 3882 quo
2078 3803 2206 3862 stu
2221 3820 2264 3881 p
2280 3818 2409 3862 ere
2465 3798 2532 3861 in
2594 3796 2717 3860 PM

282 3891 285 3894 ’
403 3899 589 3964 Cant.
660 3902 995 3983 scribitur)
1079 3903 1159 3968 de
1236 3903 1521 3968 carendo
1598 3905 1853 3970 modice
1932 3907 2239 3971 libertate
2309 3905 2719 3970 contrarium

401 4007 633 4073 referri
691 4009 931 4075 debeat
986 4009 1216 4075 humili
1275 4019 1341 4076 et
1398 4012 1672 4078 abiectae
1718 4015 2037 4079 servituti.
2151 4014 2392 4077 Verum
2441 4014 2720 4096 sperni

400 4115 675 4181 libertas
745 4139 1082 4201 nunquam
1153 4119 1380 4198 debet,
1446 4141 1597 4200 nec,
1669 4121 1783 4204 qui
1838 4143 1968 4185 non
2024 4121 2302 4200 habent,
2371 4127 2716 4203 spernunt.

402 4222 630 4288 Potuit
686 4224 886 4288 scribi
944 4228 1239 4309 proxime
1296 4226 1383 4290 ad
1442 4226 1694 4292 codicis
1739 4230 2044 4312 vestigia:
2105 4228 2587 4293 libertatem
2631 4262 2720 4270 —

398 4351 541 4396 nec
601 4353 898 4398 exuere
956 4333 1269 4399 modice
1325 4355 1473 4399 nec
1530 4335 1833 4401 habere
1882 4338 2170 4401 sciunt.
2283 4336 2499 4414 Quum
2547 4336 2722 4417 cogit

393 4459 501 4503 res
568 4439 945 4505 libertatem
1015 4442 1101 4506 ad
1168 4449 1428 4526 tempus
1500 4465 1769 4524 exuere,
1836 4446 1904 4508 in
1969 4445 2354 4509 servitutem
2421 4443 2720 4509 homines

402 4553 629 4611 ruunt.
725 4559 745 4576 “
2160 4568 2257 4619 22*
