3230 5282
1396 632 1472 693 51
2381 647 2508 705 Lib.
2545 648 2586 702 1.

454 814 612 901 Cap.
679 822 783 895 17,
851 821 922 880 2:
1003 813 1346 881 Oriundi
1415 837 1456 881 a
1524 815 1884 899 Sabinis,
1949 840 2073 900 ne,
2141 820 2331 903 quia
2395 826 2591 904 post

292 924 503 990 Tatii
559 931 899 991 mortem
957 924 1052 990 ab
1099 945 1243 989 sua
1286 931 1518 1009 parte
1562 948 1722 992 non
1768 933 1946 993 erat
1988 922 2445 1012 regnatum,
2511 930 2590 994 in

295 1035 703 1100 societate
760 1052 982 1117 aequa
1037 1035 1653 1117 possessionem
1708 1035 2032 1120 imperii
2088 1037 2590 1120 amitterent,

294 1143 413 1207 sui
469 1142 848 1226 corporis
907 1141 1170 1219 creari
1227 1162 1491 1225 regem
1545 1142 1954 1209 volebant.
2054 1143 2286 1230 Neque
2331 1166 2591 1230 posses-

294 1253 537 1316 sionem
597 1250 853 1334 imperii
912 1246 1227 1330 (omnem)
1272 1249 1672 1333 poscebant,
1729 1273 1859 1336 quo
1916 1252 2328 1338 iniquissima
2368 1253 2593 1319 futura

294 1367 430 1426 erat
485 1360 801 1437 societas,
858 1375 1070 1443 neque
1125 1357 1194 1422 in
1250 1359 1570 1424 societate
1627 1379 1813 1444 aequa
1869 1359 1964 1441 (id
2019 1366 2146 1441 est,
2206 1382 2351 1447 quae
2405 1382 2594 1449 sequa

290 1467 607 1549 maneret)
654 1466 1012 1551 quidquam
1058 1466 1355 1530 amissuri
1402 1473 1610 1532 erant.
1677 1467 2110 1551 Verebantur,
2157 1490 2240 1534 ne
2283 1469 2354 1534 id
2399 1471 2591 1535 amit-

289 1585 530 1656 terent,
612 1574 789 1660 quod
856 1575 1238 1639 societatem
1304 1575 1715 1656 continebat,
1794 1577 2053 1660 imperii
2116 1578 2590 1661 possessionem

289 1684 632 1770 aequaliter
700 1689 768 1748 et
819 1681 1071 1748 vicibus
1127 1683 1299 1748 inter
1352 1683 1533 1768 ipsos
1589 1690 1658 1750 et
1700 1684 2030 1751 Romanos
2085 1690 2341 1751 veteres
2385 1686 2592 1770 parti-

288 1800 452 1872 tam,
520 1791 591 1856 id
652 1799 781 1857 est:
847 1813 941 1856 ne
1001 1791 1182 1856 ..in
1249 1792 1656 1858 societate
1714 1811 1940 1870 aequa-
1993 1794 2591 1877 possessionem

286 1901 609 1985 imperii
666 1901 1162 1965 amitterent.
1265 1899 1676 1965 Adiectivum
1733 1901 2134 1985 praecedenti
2189 1902 2437 1967 nomini
2483 1922 2591 1967 ac·

288 2008 777 2075 commodatum
822 2013 939 2073 est.
1030 2006 1276 2089 (1873.)

456 2115 615 2201 Cap.
664 2119 765 2196 21,
816 2120 879 2180 1:
925 2115 1268 2181 Deorum
1310 2116 1646 2181 assidua
1688 2117 2057 2182 insidens
2102 2138 2298 2183 cura
2334 2139 2596 2184 ....ea

286 2227 610 2311 pietate
690 2225 1034 2290 omnium
1111 2229 1450 2308 pectora
1525 2224 1963 2306 imbuerat,
2052 2232 2137 2291 ut
2211 2225 2421 2291 fides
2502 2247 2594 2291 ac

285 2335 412 2399 1113
483 2332 915 2398 iurandum
984 2333 1343 2415 proximo
1412 2331 1674 2415 legum
1742 2353 1831 2398 ac
1889 2354 2326 2418 poenarum
2383 2341 2595 2400 metu

289 2443 717 2508 civitatem
781 2448 1129 2523 regeret.
1251 2438 1409 2505 Haec
1474 2440 1679 2506 verba
1744 2440 1932 2506 multi
2002 2462 2308 2507 enarrare
2375 2444 2595 2508 conati

286 2557 472 2631 sunt,
542 2570 853 2616 enarrare
911 2554 1091 2614 recte
1147 2569 1338 2613 nemo
1362 2544 1369 2552 ’
1392 2549 1667 2633 potuit„
1740 2548 2339 2631 (Weissenbornius
2399 2572 2596 2635 quam

288 2661 417 2726 sibi
473 2661 616 2743 ipse
662 2679 794 2724 non
841 2657 1262 2736 satisfecerit,
1318 2657 1555 2741 patet.)
1666 2657 1735 2724 Si
1792 2659 1948 2743 quid
1994 2660 2164 2724 enim
2208 2659 2597 2741 significant,

288 2769 414 2835 hoc
462 2766 855 2852 significant,
901 2766 958 2831 si
1002 2765 1164 2831 fides
1199 2771 1266 2831 et
1300 2767 1401 2831 ius
1436 2765 1782 2831 iurandum
1815 2787 1946 2832 11011
1982 2766 2331 2848 sufficeret,
2376 2770 2596 2853 proxi-

284 2899 465 2942 mum
530 2875 861 2941 subfuisse
927 2880 994 2939 et
1058 2874 1126 2939 in
1195 2895 1420 2940 eorum
1484 2873 1700 2940 locum
1768 2875 2165 2941 successisse
2231 2876 2450 2958 legum
2518 2897 2597 2942 ac

288 3005 653 3070 poenarum
687 2988 949 3061 metum,
999 2979 1177 3067 quod
1214 3003 1473 3065 semper
1508 2988 1577 3047 et
1611 2982 1854 3065 ubique
1888 2984 1981 3064 fit,
2020 2984 2147 3049 hoc
2183 2989 2304 3064 031,
2339 2991 2598 3051 30111011-

288 3095 451 3158 tiam
496 3097 817 3170 evertunt,
863 3111 1008 3175 quae
1055 3092 1273 3176 posita
1319 3096 1420 3156 est
1463 3091 1529 3154 in
1576 3090 1840 3157 sublata
1872 3081 2089 3175 legum
2125 3113 2204 3157 ac
2238 3112 2597 3176 poenarum

283 3202 701 3281 necessitate,
746 3221 948 3283 quum
994 3220 1217 3265 eorum
1262 3199 1408 3265 loco
1452 3199 1618 3264 fides
1664 3199 2011 3265 sufficeret.
2077 3200 2166 3264 Et
2208 3200 2596 3265 sententiam

284 3318 351 3374 et
413 3309 780 3374 orationem
839 3314 1089 3373 rectam
1146 3307 1349 3373 efficit
1405 3310 1726 3373 correctio
1783 3331 1914 3374 non
1971 3308 2255 3374 difficilis
2297 3328 2419 3373 nec
2463 3309 2596 3373 vio-

286 3419 501 3484 lenta:
571 3417 786 3482 fides
853 3438 944 3481 ac
1010 3417 1134 3481 ius
1191 3415 1626 3480 iurandum
1693 3436 1801 3496 pm
1868 3417 2124 3479 obnoxio
2191 3416 2451 3500 legum
2508 3436 2599 3481 30

286 3547 729 3610 poenarum
772 3531 1002 3604 metu,
1048 3523 1174 3590 hoc
1220 3530 1336 3604 est,
1383 3523 1643 3589 abiecto
1690 3531 1756 3588 et
1798 3546 1984 3608 paene
2031 3523 2265 3589 servili.
2367 3524 2598 3589 Potest

288 3635 494 3699 etiam
557 3634 627 3698 in
683 3639 971 3699 mentem
1029 3633 1247 3697 venire
1304 3654 1446 3716 pro
1492 3633 1750 3698 anxio.
1865 3632 2035 3710 Quin
2080 3654 2220 3718 pro
2270 3639 2336 3698 et
2380 3632 2597 3697 adiec-

290 3742 497 3806 tivum
542 3741 776 3820 subsit,
822 3763 954 3807 non
998 3741 1257 3806 videtur
1302 3740 1588 3805 dubium.
1681 3739 1949 3822 (1861.)-

462 3847 659 3933 *Cap.
707 3854 822 3930 25,
881 3855 949 3913 9:
1018 3856 1184 3913 tum
1242 3848 1625 3928 clamore,
1693 3848 1962 3931 qualis
2018 3869 2107 3912 ex
2161 3841 2589 3932 insperato
2626 3861 2732 3931 (43)

283 3959 742 4023 faventium
803 3956 1045 4035 solet,
1105 3957 1444 4023 Romani
1500 3955 1893 4021 adiuvant
1946 3955 2296 4022 militem
2355 3972 2593 4022 suum.

282 4065 555 4131 Excidit
598 4066 770 4131 inter
814 4064 1087 4151 qualis
1134 4071 1200 4130 et
1246 4087 1353 4146 ex,
1400 4063 1576 4149 quod
1622 4062 1799 4129 nullo
1845 4063 2037 4129 modo
2084 4064 2312 4130 abesse
2356 4069 2595 4149 potest,

284 4196 482 4241 esse.
589 4173 816 4258 Neque
863 4174 1036 4238 enim
1078 4173 1311 4239 Latine
1357 4173 1628 4238 dicitur:
1697 4171 1991 4237 adiuvo
2037 4173 2394 4256 aliquem
2439 4172 2596 4237 cla-

282 4304 532 4363 more,
593 4282 863 4367 qualis
924 4283 1260 4347 victoris
1317 4282 1562 4362 solet;
1632 4280 1761 4345 dici
1816 4281 2040 4365 aliquo
2093 4280 2293 4347 modo
2339 4285 2594 4364 potest:

285 4392 668 4458 exoritur
725 4390 1062 4471 clamor,
1131 4390 1401 4475 qualis
1455 4389 1798 4455 victoris
1855 4389 2097 4471 solet,
2164 4395 2241 4454 ut
2284 4388 2595 4453 audiatur

286 4499 630 4580 exoriri,
689 4500 815 4565 etsi
857 4498 1168 4565 usitatius
1214 4503 1344 4564 est:
1414 4496 1773 4583 qualisa
1814 4499 2138 4563 victore
2186 4495 2402 4562 solet
2443 4500 2593 4561 aut:

2070 4615 2137 4669 4*
