3230 5282
485 611 610 666 Lib.
649 608 845 664 XXIV.
1585 595 1710 656 340

659 780 816 865 Cap.
880 784 988 857 26,
1051 784 1128 843 10
1176 800 1318 862 sqq.
1367 777 1751 862 (postquam
1807 781 2125 862 expositae
2181 787 2334 845 sunt
2388 781 2802 847 miserabiles

485 890 844 966 Heracliae,
905 887 1209 952 Hieronis
1263 885 1447 965 filiae,
1504 908 1625 970 pro
1684 907 1755 951 se
1809 886 2207 971 filiabusque
2264 888 2443 972 apud
2497 889 2804 954 interfec-

489 1006 669 1064 tores
712 999 951 1062 missos
997 993 1285 1079 preces):
1353 995 1690 1059 Aversis
1749 996 2087 1060 auribus
2135 996 2590 1077 animisque
2636 1017 2802 1062 cas-

487 1128 692 1171 saene
762 1112 1085 1185 tempus
1154 1109 1670 1168 terrerentur
1738 1103 2043 1168 ferrum
2115 1104 2511 1185 quosdam
2569 1125 2803 1188 expe-

488 1216 819 1280 dientes
890 1211 1311 1290 cernebat,
1379 1217 1573 1290 tum,
1644 1212 1977 1277 omissis
2032 1234 2177 1295 pro
2237 1233 2318 1277 se
2373 1213 2802 1295 precipue-

486 1322 700 1387 uelis
745 1319 836 1401 (h.
888 1342 964 1397 e.,
1012 1318 1425 1403 precibus,
1486 1319 1820 1402 puellis)
1876 1326 1961 1383 ut
2006 1319 2302 1384 saltem
2348 1327 2802 1403 parcerent,

488 1451 726 1496 orare
796 1428 1145 1497 institit.
1276 1426 1384 1491 Sic
1461 1427 1529 1491 in
1596 1426 1647 1490 P
1716 1427 2045 1492 scribitur.
2131 1427 2367 1493 'Varie
2445 1429 2801 1511 corrigunt,

488 1559 712 1604 onmes
780 1557 1015 1620 parum
1080 1534 1517 1620 probabiliter
1573 1534 1782 1615 (velut
1836 1536 2435 1601 Weissenbornius:
2493 1537 2572 1601 in
2628 1556 2803 1601 cas-

488 1669 658 1712 sum
726 1651 1038 1727 questa.
1158 1643 1265 1708 Ne
1345 1649 1662 1727 tempus
1742 1649 2132 1722 tererent,
2198 1651 2290 1708 ut
2352 1644 2396 1708 f.
2457 1667 2574 1729 qu.
2633 1667 2799 1727 exp.

488 1752 910 1831 cernebat,
968 1757 1133 1815 tum
1190 1757 1345 1828 cet.,
1404 1750 1712 1815 ablativis
1761 1752 2004 1835 'vitiose
2062 1751 2337 1817 divulsis
2395 1752 2478 1818 ab
2526 1773 2603 1818 eo
2650 1752 2805 1817 sub-

486 1864 688 1940 iecto,
746 1860 832 1925 ad
891 1857 1067 1943 quod
1125 1859 1484 1942 pertinent,
1542 1867 1629 1922 ut
1684 1859 2141 1925 coniunctione
2200 1860 2587 1943 pravissime
2633 1861 2806 1925 inter

486 1993 578 2035 ne
657 1977 980 2051 tempus
1050 1973 1418 2032 tererent
1485 1973 1553 2031 et
1619 1966 1916 2031 ferrum
1984 1967 2532 2051 expedientes
2601 1969 2804 2033 inter-

488 2078 758 2162 posita).
870 2075 1033 2141 Mihi
1100 2082 1169 2140 et
1234 2074 1319 2139 ad
1375 2076 1655 2157 vestigia
1711 2075 1952 2140 codicis
2008 2076 2306 2160 proxime
2368 2076 2683 2141 accedere
2741 2084 2806 2140 et

378 2173 383 2179 ’
488 2186 680 2252 simul
762 2184 1113 2267 aptissima
1190 2203 1333 2247 esse
1413 2181 1554 2246 haec
1633 2183 1967 2248 videntur:
2049 2184 2379 2248 Aversis
2458 2184 2805 2248 auribus

489 2294 945 2375 animisque
1015 2290 1385 2369 adstare,
1475 2311 1566 2354 ne
1646 2298 1961 2374 tempus
2028 2297 2424 2366 tererent,
2506 2291 2807 2357 ferrum

489 2399 871 2483 quosdam
929 2398 1465 2481 expedientes
1526 2399 1948 2478 cernebat3
2019 2406 2217 2478 tum,
2290 2401 2620 2465 omissis
2681 2405 2806 2464 cet.

489 2510 805 2575 Universe
853 2506 1316 2572 interfectores
1362 2508 1609 2571 aversis
1656 2507 1929 2572 auribus
1976 2507 2316 2572 adstitisse
2356 2507 2579 2571 Livius
2627 2507 2807 2585 dicit,

491 2616 809 2701 quosdam
855 2615 1056 2681 etiam
1098 2614 1357 2697 longius
1404 2635 1811 2699 progressos.
1903 2613 2192 2698 [Incerta
2234 2621 2474 2693 tamen,
2521 2615 2804 2680 maxime

488 2727 554 2790 in
611 2724 973 2802 adstare,
1044 2725 1365 2789 correctio
1425 2730 1542 2787 est.
1646 2722 1894 2788 Casse
1954 2744 2074 2806 pro
2132 2724 2213 2787 in
2271 2743 2595 2788 cassum
2652 2723 2804 2787 bar-

488 2835 720 2900 barum
767 2830 993 2914 est.]1)

316 2952 456 3019 (278)
669 2941 827 3024 Cap.
855 2944 956 3018 27,
1007 2944 1076 3003 3:
1124 2939 1525 3003 Praetores
1563 2938 1705 3020 (qui
1751 2938 2021 3002 comitia
2055 2938 2396 3020 Syracusis
2440 2938 2805 3019 habebant)

488 3049 1012 3115 dissimulare
1069 3041 1322 3130 primo
1381 3052 1460 3111 et
1505 3044 1906 3111 trahenda
1948 3066 2034 3109 re
2084 3067 2295 3124 esse3
2353 3052 2795 3128 postremo,

487 3158 689 3224 victi
756 3176 1161 3222 consensu
1220 3161 1295 3218 et
1354 3154 1844 3218 seditionem
1901 3159 2386 3230 metuenteS,
2444 3175 2801 3236 pronun-

488 3269 703 3333 tiant
768 3286 901 3329 eos
974 3262 1340 3347 (Epicyden
1407 3269 1474 3327 et
1543 3260 2043 3344 Hippocratem)
2113 3267 2532 3344 praetoreS.
2654 3261 2804 3326 Non

491 3375 621 3439 dici
666 3373 902 3436 Latine
958 3369 1372 3435 trahenda
1416 3390 1499 3434 re
1546 3389 1758 3448 esse,
1817 3367 1932 3432 alii
1975 3369 2106 3433 iam
2154 3375 2626 3452 exposuerunt3
2684 3388 2806 3432 nec

490 3483 566 3546 in
625 3479 1033 3545 trahenda
1085 3498 1167 3543 re
1225 3497 1404 3542 esse
1464 3476 1673 3558 (quod
1731 3477 2237 3560 occupationem
2282 3474 2635 3559 significat)
2682 3495 2803 3558 pro

491 3610 599 3666 eo,
669 3586 849 3670 quod
924 3592 1025 3650 est
1089 3606 1251 3650 rem
1308 3583 1639 3649 trahere
1699 3585 2015 3664 conari,
2084 3583 2209 3650 hoc
2266 3584 2411 3650 loco
2469 3588 2648 3648 recte
2707 3582 2805 3647 di-

492 3702 773 3762 ceretur.
887 3692 1254 3776 Scripserat
1309 3693 1558 3757 Livius:
1626 3728 1714 3736 —
1769 3692 2295 3757 dissimulare
2362 3692 2624 3774 primo
2683 3710 2806 3754 ex-

489 3791 898 3867 trahenda
942 3822 1057 3880 re3
1102 3807 1218 3863 set
1264 3807 1676 3883 postremo
1724 3799 1918 3880 cet.²)

551 4075 594 4139 ¹)
634 4071 666 4142 ξ
708 4076 771 4127 15
824 4072 1128 4128 videndum
1172 4091 1245 4127 ne
1290 4072 1648 4127 scribendum
1691 4072 1766 4126 sit
1807 4070 2220 4126 festinatum
2271 4068 2328 4122 u
2367 4070 2804 4139 supplicium.

539 4157 896 4313 3)(0131ῗὲ8,
940 4244 975 4296 9
1010 4246 1163 4297 recte
1199 4243 1451 4298 Roellius
1495 4259 1599 4311 pro
1645 4242 1761 4295 his:
1817 4257 2047 4310 pacem
2098 4240 2262 4296 fieri
2315 4240 2592 4309 placuit
2645 4239 2803 4293 mit·

628 4329 823 4398 tique
870 4345 1014 4382 cum
1066 4328 1161 4382 eis
1198 4328 1321 4397 (qui
1357 4328 1497 4382 nulli
1535 4327 1686 4394 sunt)
1722 4327 2001 4396 legatos
2039 4326 2210 4381 scribi
2246 4326 2456 4379 voluit:
2508 4343 2561 4394 p.
2599 4322 2636 4377 f.
2675 4324 2808 4394 pla·

628 4415 776 4468 cuit
812 4431 954 4469 cum
992 4414 1089 4468 eis
1125 4414 1457 4482 mittique
1493 4412 1791 4481 legatos.
1865 4411 1992 4465 Vid.
2030 4410 2103 4465 a‘d
2140 4409 2321 4478 XXII,
2361 4413 2410 4478 2,
2445 4412 2494 4464 6.
