3230 5282
522 586 646 640 Lib.
684 586 881 640 XXIV.
1623 574 1745 633 350

524 759 725 823 Italia
780 757 1156 822 foederibus
1202 756 1465 821 Punicis
1522 757 1747 820 iuncta
1803 758 2026 821 visura
2084 757 2459 840 displicere,
2515 780 2622 822 res
2668 760 2843 822 enim

528 867 825 931 Romana
881 864 1151 946 antiquo
1206 885 1330 928 usu
1391 864 1704 944 loquendi
1763 863 1924 928 nihil
1972 865 2214 931 videt.
2331 866 2610 943 Vereor,
2670 888 2752 931 ne
2800 888 2848 929 a·

528 974 708 1038 Livio
759 973 1077 1055 scriptum
1119 971 1348 1036 suerit:
1421 972 1617 1053 quin
1663 971 1906 1050 brevi,
1955 972 2399 1055 desperata
2445 973 2539 1036 ab
2587 974 2838 1038 sociis

531 1083 887 1146 Romana
953 1102 1066 1159 re,
1135 1068 1615 1143 foederibus
1686 1079 2025 1144 Punicis
2093 1082 2364 1144 omnia
2417 1115 2503 1123 —
2558 1081 2846 1144 iuncta

526 1188 771 1252 visuri
826 1189 1003 1251 siut.
1115 1186 1289 1252 Illud
1346 1209 1477 1251 non
1538 1187 1808 1252 dubium
1866 1193 1995 1267 est,
2068 1189 2224 1268 quin
2269 1195 2450 1253 recte
2495 1210 2705 1269 usque
2752 1187 2838 1252 ad

526 1305 822 1362 nostram
870 1301 1131 1360 aetatem
1177 1296 1424 1360 editum
1472 1296 1560 1359 sit
1605 1301 1672 1359 et
1717 1296 1822 1359 hic
1869 1301 1936 1360 et
1973 1315 2026 1359 c.
2064 1300 2165 1374 26,
2215 1301 2284 1360 6:
2333 1297 2464 1360 cui
2510 1295 2838 1360 dubium

357 1421 501 1487 (286)
540 1426 739 1483 esse,
796 1404 1014 1486 idque,
1074 1403 1252 1487 quod
1297 1424 1507 1486 nuper
1552 1424 1586 1467 e
1634 1403 1682 1467 P
1729 1411 2007 1485 utroque
2053 1404 2199 1467 loco
2245 1404 2675 1468 substitutum
2719 1410 2842 1477 est,

529 1514 680 1596 qui,
738 1520 952 1577 ortum
1007 1513 1122 1589 sit,
1188 1517 1264 1575 ut
1320 1531 1451 1575 non
1507 1531 1693 1589 rar0,
1762 1533 1842 1576 ex
1898 1513 2107 1592 quoi,
2169 1512 2720 1592 quemadmodum
2766 1512 2832 1575 in

528 1622 672 1703 ipso
729 1619 779 1683 P
836 1619 1045 1695 XXV,
1117 1624 1184 1695 6,
1257 1622 1293 1680 7
1363 1640 1484 1702 pro
1555 1620 1678 1682 cui
1746 1625 1932 1703 post
1997 1617 2264 1702 fugam
2335 1619 2647 1683 scribitur
2703 1620 2835 1701 qui

528 1736 714 1811 post
756 1726 798 1791 f.
849 1734 916 1792 et
959 1725 1155 1801 XXV,
1210 1731 1305 1804 17,
1354 1731 1390 1789 5
1438 1727 1746 1808 quique
1792 1748 1911 1810 pro
1959 1728 2275 1809 cuique,
2324 1727 2437 1790 cfr.
2472 1726 2602 1804 ΠΙ,
2649 1732 2750 1803 41,
2798 1732 2836 1789 4

529 1836 758 1920 (supra
804 1858 864 1919 p.
915 1838 997 1898 20
1043 1833 1226 1915 not.),
1286 1832 1617 1898 Drakenb.
1668 1835 1752 1898 ad
1797 1835 1908 1911 IX,
1968 1839 2067 1923 34,
2122 1839 2216 1897 13.
2321 1834 2559 1917 [XXIL
2607 1840 2707 1912 59,
2759 1838 2834 1896 13

424 2006 433 2009 -
529 1945 719 2027 quin
777 1964 914 2007 nos
960 1963 1079 2026 pro
1128 1941 1257 2005 cui
1306 1941 1499 2022 nos.]
1602 1943 1829 2024 Neque
1878 1944 2050 2007 enim
2095 1943 2305 2011 modi.
2367 1944 2476 2023 qui
2524 1941 2837 2006 adverbio

529 2052 661 2133 qui
720 2056 1020 2128 notatur,
1088 2049 1224 2113 nlla
1280 2049 1677 2129 significatio
1737 2058 1868 2128 est,
1938 2050 2053 2114 sed
2108 2049 2575 2133 interrogando
2632 2049 2837 2114 nulli

531 2160 859 2224 dubium
905 2179 1046 2222 esse
1094 2158 1356 2221 dicitur.
1447 2157 1697 2222 Eodem
1744 2159 1937 2222 modo
1984 2159 2314 2223 aberravit
2346 2158 2836 2222 Weissenborn—

529 2269 629 2330 ius
677 2267 772 2345 (111
819 2266 917 2330 0(1.
966 2265 1242 2343 Teubn.)
1290 2265 1356 2327 in
1402 2263 1706 2337 XXXVI,
1770 2271 1826 2344 7,
1885 2272 1941 2344 4,
1997 2267 2109 2331 ubi
2156 2288 2234 2331 ex
2282 2266 2473 2349 quoi
2521 2264 2839 2329 dubium

530 2376 596 2438 in
622 2374 817 2456 Mog.,
865 2374 1195 2455 geminato
1246 2374 1445 2436 etiam
1482 2374 1540 2449 (Ι,
1589 2380 1803 2437 01111111
1851 2381 1994 2438 erat
2039 2374 2229 2456 quid
2276 2374 2620 2438 dubium.
2689 2372 2836 2435 Non

531 2482 880 2546 aberratur
923 2483 990 2544 in
1037 2479 1374 2558 XXXVII,
1437 2485 1533 2557 15,
1593 2485 1631 2543 2
1679 2488 1796 2545 aut
1842 2486 1942 2553 53,
2004 2486 2072 2561 33
2141 2503 2262 2546 nec
2307 2480 2577 2557 XXXII,
2643 2486 2735 2559 10,
2797 2486 2834 2543 6

531 2611 924 2675 quemquam
999 2588 1323 2654 hactenus
1407 2588 1666 2672 decepit
1744 2589 1884 2654 cod.
1966 2589 2224 2669 Bamb.,
2318 2591 2384 2653 in
2470 2610 2599 2671 (1110
2679 2609 2832 2672 pro:

532 2699 662 2763 cui
730 2699 932 2762 enim
990 2720 1151 2762 non
1209 2717 1606 2780 apparere
1665 2697 2006 2761 scribitur:
2086 2700 2220 2781 qui
2279 2700 2490 2762 0111111
2548 2720 2609 2762 11.
2659 2719 2836 2780 app.

530 2806 730 2882 XLV,
801 2810 910 2882 44,
985 2809 1059 2867 12
1120 2827 1271 2888 pro:
1341 2826 1433 2869 ne
1492 2806 1614 2868 cui
1677 2805 1924 2887 (quoi)
1973 2805 2242 2882 detur,
2313 2806 2487 2886 quod
2533 2805 2834 2870 Muretus

527 2914 845 2991 restitnit,
901 2914 969 2977 in
1026 2913 1249 2977 codice
1307 2922 1408 2977 est
1463 2935 1553 2977 ne
1615 2934 1764 2994 quo
1823 2912 2081 2977 detur.
2186 2913 2259 2976 In
2307 2911 2643 2977 Ciceronis
2689 2932 2840 2977 ora·

527 3022 703 3086 tione
773 3021 836 3084 II
905 3021 985 3085 de
1053 3021 1194 3103 lege
1270 3040 1407 3101 agr.
1467 3025 1577 3098 22,
1651 3026 1732 3084 60
1801 3042 1880 3085 ex
1937 3022 2123 3102 quoi
2182 3022 2305 3085 ius
2362 3022 2430 3084 in
2488 3020 2826 3085 codicibus

527 3129 773 3194 factum
841 3128 1055 3210 quod
1121 3130 1279 3206 ius,
1348 3128 1774 3209 similiterque
1844 3128 2067 3191 multis
2136 3127 2283 3192 aliis
2350 3128 2533 3192 lociS.
2663 3127 2824 3210 [cfr.

525 3237 790 3301 Advers.
841 3238 985 3300 crit.
1034 3236 1062 3298 I
1123 3259 1183 3318 p.
1235 3240 1315 3298 68
1375 3242 1441 3298 et
1496 3235 1558 3298 II
1617 3258 1677 3317 p.
1726 3239 1856 3316 412,
1910 3233 2001 3316 n.]
2115 3235 2328 3299 Unum
2399 3243 2702 3319 superest
2764 3236 2832 3298 in

525 3344 647 3408 hoc
715 3344 931 3427 capite
999 3343 1179 3426 (post
1245 3350 1873 3406 consecuturum
1941 3343 1974 3423 ξ
2044 3347 2080 3405 7
2149 3350 2326 3408 recte
2394 3365 2435 3406 a
2501 3345 2832 3408 Weissen-

526 3452 758 3515 bornio
827 3453 893 3515 in
963 3457 1431 3514 secuturum
1497 3456 1823 3514 mutatum
1893 3457 1959 3513 et
2027 3449 2060 3531 ἓ
2130 3456 2166 3513 9
2235 3453 2614 3516 restitutum
2680 3472 2716 3515 e
2783 3451 2842 3512 P*

526 3557 1017 3639 Calenisque
1063 3556 1397 3639 legatis)
1449 3557 1929 3621 emendandum
1974 3558 2040 3621 111
2090 3557 2122 3638 3³
2177 3563 2272 3637 13,
2318 3559 2430 3622 ubi
2476 3558 2834 3626 Hannibal.

526 3673 608 3728 ut
666 3665 805 3728 irae
862 3666 1112 3747 magis
1159 3684 1395 3745 quam
1440 3666 1811 3729 avaritiae
1858 3665 2130 3729 datum
2177 3665 2383 3748 (quod
2429 3666 2602 3731 bona
2645 3666 2828 3730 Dasii

525 3771 894 3854 possideret
964 3770 1436 3853 venderetque)
1515 3771 1948 3836 crederent
2008 3772 2407 3848 homines,
2475 3773 2844 3838 crudeli-

524 3885 775 3943 tatem
822 3900 1140 3962 quoqne
1179 3879 1578 3960 gravitati
1615 3877 2038 3944 addidisse
2077 3881 2335 3959 dicitur,
2384 3863 2657 3962 coniuge
2693 3880 2838 3944 eius

522 3986 878 4070 liberisque
945 3987 1103 4050 vivis
1173 3987 1563 4064 combustis3
1647 3989 1742 4050 sic
1820 3988 1992 4051 enim
2069 3990 2135 4052 in
2204 3989 2346 4053 cod.
2415 3988 2481 4051 M
2549 3987 2829 4070 aliisque

527 4094 864 4173 scribitur3
944 4096 1007 4157 in
1087 4094 1524 4159 deterioribus
1593 4095 1934 4159 codicibus
2003 4103 2070 4160 et
2136 4096 2536 4160 editionibus
2604 4100 2832 4159 nostro

523 4201 761 4265 saeculo
830 4203 1311 4283 antiquioribus
1359 4208 1530 4266 erat:
1612 4202 2098 4268 crudelitati
2177 4223 2494 4286 quoque
2562 4203 2834 4284 gravi·

523 4317 773 4374 tatem
821 4310 1182 4389 addidit,
1229 4311 1295 4374 in
1340 4310 1390 4373 P
1439 4317 1537 4375 est
1581 4310 2164 4375 crudelitatem
2196 4347 2283 4356 —
2318 4311 2836 4394 gravitatem.

524 4416 946 4481 Manifestum
1002 4424 1132 4496 est,
1191 4425 1266 4482 ut
1321 4419 1435 4481 irae
1492 4418 1717 4483 datum
1777 4417 2030 4500 aliquid
2086 4419 2453 4496 videretur,
2512 4438 2639 4482 non
2686 4438 2839 4480 cru-
