3230 5282
535 653 662 709 Lib.
698 652 779 707 VI
1473 606 1483 616 ’
1636 639 1760 700 164

538 830 719 890 recte
761 830 1139 908 poneretur,
1188 823 1245 888 si
1287 823 1357 889 id
1403 820 1822 906 significaret,
1868 823 2046 905 quod
2093 824 2320 889 statim
2365 819 2856 903 subiiceretur),

537 938 792 997 rectum
859 932 1014 1012 erit,
1081 931 1719 1014 interrogationibus
1789 932 1884 996 sic
1944 932 2293 1015 descriptis
2338 937 2408 997 et
2449 929 2856 995 terminatis:

542 1039 795 1117 Quid?
864 1040 932 1105 si
987 1046 1075 1104 tu
1128 1059 1279 1104 non
1333 1038 1670 1119 tuleris,
1739 1039 1950 1123 quod
2006 1040 2506 1105 commodum
2550 1043 2673 1104 est
2715 1057 2858 1121 po-

539 1148 734 1232 pulo
781 1148 1182 1231 accipere,
1248 1167 1474 1211 nemo
1522 1147 1710 1227 erit,
1778 1148 1914 1229 qui
1956 1146 2215 1212 ferat?
2294 1146 2515 1212 Illud
2560 1146 2626 1212 si
2672 1146 2858 1229 quis

541 1256 981 1340 patricius,
1051 1256 1118 1320 si
1164 1256 1347 1337 quis
1390 1289 1478 1300 —
1523 1250 1923 1320 Claudius
1968 1255 2313 1321 diceret:
2382 1253 2543 1320 Aut
2588 1255 2860 1320 omnia

542 1364 903 1447 accipite
972 1369 1116 1428 aut
1183 1362 1392 1426 nihil
1456 1359 1667 1441 fero,
1746 1364 1926 1445 quis
1991 1368 2382 1443 vestrum,
2462 1361 2857 1441 Quirites,

541 1471 841 1536 ferret?
887 1471 1095 1536 Paulo
1140 1476 1295 1535 ante
1342 1468 1404 1553 (ἓ
1446 1474 1543 1550 11,
1587 1469 1704 1535 ubi
1748 1471 1998 1536 tribuni
2044 1472 2169 1535 civi
2214 1471 2296 1536 de
2341 1469 2535 1555 plebe
2576 1471 2861 1553 roganti,

541 1586 635 1658 ut,
683 1600 849 1662 quas
894 1578 1165 1664 probet,
1231 1578 1608 1660 rogationes
1655 1580 1986 1663 accipere,
2052 1600 2219 1661 quas
2264 1578 2620 1663 improbet,
2687 1578 2860 1642 anti-

543 1708 750 1770 quare
805 1686 1034 1766 liceat,
1102 1685 1505 1770 respondere
1548 1684 1914 1769 finguntur)
1958 1687 2101 1751 haec
2144 1685 2601 1769 interrogandi
2643 1684 2862 1751 forma

544 1795 939 1859 coniunctivi
981 1793 1190 1859 modi:
1257 1800 1343 1859 tu
1389 1793 1480 1857 de
1524 1792 1811 1860 fenore
1853 1830 1943 1841 —
1986 1782 2300 1874 iubeaS‚
2358 1802 2435 1860 et
2478 1793 2628 1859 hoc
2670 1814 2858 1877 por-

543 1904 754 1973 tenti
799 1924 953 1967 non
987 1901 1269 1981 fiat—,
1293 1902 1869 1968 uti—videas?
1908 1924 2039 1967 uno
2073 1902 2271 1968 modo
2296 1902 2591 1984 intellegi
2616 1909 2859 1986 potest,

544 2016 620 2074 ut
665 2031 812 2075 cum
859 2010 1294 2075 admiratione
1341 2015 1409 2073 et
1452 2009 1936 2093 improbatione
1981 2010 2379 2095 proferatur.
2472 2009 2601 2075 Sed
2643 2031 2861 2096 neque

542 2140 662 2203 per
730 2140 799 2183 se
865 2119 1148 2184 tribunis
1217 2116 1500 2201 superbe
1555 2118 1953 2200 negantibus
2010 2119 2353 2184 convenire
2407 2119 2669 2184 videtur
2721 2118 2864 2183 haec

539 2226 897 2293 ,admiratio
952 2232 1022 2290 et
1075 2224 1440 2308 indignatio
1494 2246 1709 2307 neque
1763 2227 1833 2290 in
1889 2247 2035 2291 eam
2093 2232 2247 2309 apte
2291 2225 2719 2292 includuntur
2765 2246 2864 2305 ea,

546 2354 693 2417 quae
735 2331 992 2416 'Appius
1050 2353 1131 2397 ex
1193 2354 1313 2397 suo
1359 2332 1605 2398 iudicio
1653 2334 2061 2400 intermiscet
2107 2342 2173 2399 et
2218 2333 2520 2417 adiungit
2564 2333 2672 2414 (et
2714 2332 2864 2399 hoc

460 2496 464 2500 .
544 2441 917 2523 portenti
975 2462 1129 2505 non
1185 2438 1345 2503 fiat
1403 2438 1578 2520 cet.).
1691 2441 1867 2524 Apta
1919 2441 2061 2507 haec
2117 2448 2313 2507 erunt
2368 2448 2437 2506 et
2491 2440 2861 2521 commoda,

545 2549 602 2613 si
659 2547 888 2613 sedate
936 2548 1030 2612 sic
1073 2546 1520 2631 proferentur,
1587 2553 1664 2612 ut
1721 2570 1906 2633 paene
1963 2550 2275 2632 ambigua
2328 2551 2503 2614 inter
2557 2549 2865 2614 tribunos

549 2663 617 2721 et
680 2654 967 2740 Appium
1036 2657 1254 2722 oratio
1323 2655 1411 2720 sit
1489 2655 1585 2738 (et
1664 2658 1761 2722 ita
1828 2659 2190 2738 inducitur,
2270 2660 2493 2743 posito
2559 2658 2865 2741 inquit:

549 2765 768 2843 nein,
826 2763 1098 2829 heisst
1143 2762 1282 2845 es):
1351 2762 1547 2844 Non,
1603 2766 1895 2849 inquit,
1951 2767 2267 2846 licebit,
2323 2773 2404 2828 ut
2447 2766 2539 2830 de
2582 2764 2869 2831 fenore

549 2878 791 2956 atque
838 2871 1081 2955 agris,
1130 2871 1344 2955 quod
1389 2871 1490 2936 ad
1530 2877 2187 2958 vos—pertinet,
2234 2874 2546 2952 iubeas,
2592 2878 2671 2937 et
2713 2872 2870 2939 hoc

548 2981 916 3064 portenti
986 3002 1146 3045 non
1213 2977 1374 3045 fiat
1429 2981 1514 3044 in
1572 2978 1769 3042 urbe
1825 2978 2207 3059 Romana,
2271 2975 2390 3042 uti
2434 3016 2522 3026 —-
2562 2981 2867 3048 videas.

552 3086 731 3168 (Non
785 3087 1017 3152 licebit
1072 3088 1212 3152 haec
1269 3089 1399 3152 duo
1460 3107 1803 3169 separare,
1864 3085 2146 3151 alterum
2201 3088 2325 3153 tibi
2380 3088 2641 3173 plebeio
2689 3110 2869 3154 com·

546 3196 847 3275 modum,
916 3197 1200 3261 alterum
1244 3195 1396 3275 tibi,
1453 3201 1530 3259 ut
1574 3193 1905 3272 omnibus,
1963 3193 2431 3277 intolerabile.)
2531 3196 2716 3261 Duas
2758 3197 2867 3262 lit-

455 3331 461 3338 ·
546 3309 725 3367 teras
769 3305 1174 3387 transposui.
1266 3301 1327 3385 (§
1380 3306 1457 3367 17
1503 3309 1664 3367 nota
1706 3306 1889 3366 recte
1937 3301 2280 3384 explenda,
2329 3309 2403 3368 ut
2446 3303 2593 3369 fiat:
2651 3304 2868 3369 haud

501 3431 693 3492 ,pro
763 3409 1012 3475 dubio
1071 3410 1403 3475 consule
1460 3431 1668 3489 esse,
1724 3431 1856 3475 non
1913 3410 2358 3492 consulem3
2422 3432 2636 3495 neque
2693 3413 2869 3476 enim

551 3515 795 3581 dicitur
863 3516 1169 3581 absolute
1224 3537 1366 3600 pro
1421 3515 1633 3581 haud
1694 3517 1969 3597 dubio,
2029 3524 2105 3583 ut
2160 3520 2248 3583 sit
2312 3518 2528 3585 haud
2588 3519 2863 3597 dubie;

551 3623 963 3704 candidatus,
1012 3625 1198 3689 cuius
1246 3629 1430 3689 certa
1476 3646 1627 3707 spes
1674 3631 1806 3704 est,
1874 3646 2017 3709 pro
2085 3624 2298 3690 haud
2366 3627 2609 3692 dubio
2678 3647 2864 3692 con-

551 3730 722 3795 sule
801 3739 923 3796 est
1001 3730 1438 3814 (habetur),
1516 3753 1647 3796 non
1725 3754 1871 3816 pro
1949 3732 2163 3798 haud
2246 3734 2494 3799 dubio
2574 3734 2867 3799 consul

552 3843 688 3903 est.
785 3838 998 3922 1861.)

726 3943 880 4031 Cap.
950 3953 1063 4026 41,
1144 3953 1184 4012 4
1264 3946 1360 4029 (in
1429 3949 1661 4014 eadem
1734 3947 2091 4031 oratione):
2171 3948 2281 4013 De
2359 3948 2863 4032 indignitate

553 4055 762 4119 satis
809 4054 1117 4120 dictum
1163 4064 1313 4137 est;
1373 4058 1675 4121 etenim
1721 4056 2085 4140 dignitas
2131 4056 2226 4122 ad
2270 4056 2638 4122 homines
2682 4078 2864 4140 per-

550 4162 801 4242 tinet3
868 4164 1062 4244 quid
1119 4165 1210 4229 de
1269 4164 1821 4247 religionibus
1878 4171 2124 4246 atque
2187 4165 2622 4248 auspiciiS‚
2692 4186 2867 4249 quae

552 4270 892 4352 propria
972 4271 1305 4337 deorum
1381 4272 1963 4336 immortalium
2041 4273 2546 4356 contemptio
2617 4279 2864 4355 atque

551 4376 859 4441 iniuria
914 4385 1066 4460 est,
1133 4379 1470 4463 loquar?
1537 4381 1706 4446 Mire
1754 4401 1955 4445 causa
2000 4380 2300 4459 additur,
2358 4402 2473 4445 cur
2518 4381 2679 4445 satis
2728 4381 2864 4445 dic-

550 4490 691 4548 tum
748 4485 829 4549 de
886 4486 1278 4568 indignitate
1326 4489 1444 4568 sit,
1514 4509 1661 4571 quae
1728 4509 1942 4572 neque
2009 4489 2167 4554 addi
2222 4510 2515 4574 unquam
2570 4488 2744 4555 solet
2795 4489 2868 4553 in
