3230 5282
567 573 694 629 Lib.
730 573 799 628 X.
1667 560 1792 622 240

568 766 850 812 munus
908 765 1050 811 esse
1105 750 1360 829 potest:
1429 750 1508 811 et
1560 744 1818 810 militi
1877 743 2169 811 donum
2229 743 2410 808 dari
2466 764 2557 810 ex
2612 741 2887 827 praeda

571 860 652 919 et
697 852 1203 938 stipendium
1245 852 1622 918 militare
1668 853 2058 937 praestari
2101 849 2611 937 potuisset.¹)
2676 849 2884 916 Paulo

571 968 724 1046 post
778 958 841 1045 (ἓ
888 960 955 1044 8)
1003 960 1425 1027 scribendum
1480 966 1614 1026 est:
1686 961 1825 1026 sed
1881 960 2128 1027 sociis
2189 959 2431 1025 etiam
2484 958 2884 1024 coloniis-

570 1090 719 1154 que
766 1068 915 1153 (pro
963 1067 1481 1152 colonisque)
1526 1066 1939 1148 finitimis,
2001 1065 2557 1152 quemadmodum
2600 1066 2650 1146 Ι,
2697 1070 2795 1147 52,
2842 1069 2884 1130 2

568 1177 761 1243 video
832 1197 1008 1242 nunc
1072 1182 1251 1242 recte
1323 1175 1462 1257 edi3
1530 1196 1685 1241 nam
1746 1175 1922 1260 apud
1980 1175 2256 1241 Latinos
2317 1172 2590 1240 coloni
2644 1173 2884 1258 singuli

570 1283 1025 1369 appellantur,
1106 1284 1335 1369 populi
1402 1283 1835 1369 civitatesque
1904 1283 2311 1351 coloniarum
2378 1281 2672 1362 nomine,
2748 1303 2883 1347 non

571 1392 978 1473 colonorum,
1025 1390 1495 1476 significantur.

630 1594 684 1662 ¹)
720 1591 881 1662 [Fuit
915 1609 1111 1664 nuper,
1148 1593 1244 1664 qui
1278 1599 1619 1664 praestare
1656 1595 1726 1650 de
1761 1597 2027 1651 cautione
2061 1596 2123 1651 in
2157 1600 2446 1665 posterum
2483 1597 2662 1666 accipi
2695 1595 2886 1664 vellet,

707 1696 832 1749 quse
870 1679 1060 1734 cautio
1097 1679 1276 1748 qualis
1313 1680 1556 1749 eogitari
1590 1681 1777 1750 possit
1812 1687 1870 1736 et
1906 1698 1939 1736 a
1974 1698 2084 1750 quo
2113 1683 2414 1752 postulata,
2451 1699 2567 1738 non
2593 1681 2882 1751 intellego,

706 1766 976 1834 Apparet,
1012 1770 1135 1819 tum
1170 1765 1536 1821 scribendum
1570 1765 1767 1821 fuisse:
1820 1767 2250 1836 stipendium
2296 1767 2605 1824 militare
2643 1772 2709 1822 et
2743 1772 2884 1821 tum

707 1850 862 1904 dari
915 1849 1131 1904 militi
1188 1855 1256 1904 et
1312 1851 1383 1905 in
1436 1856 1797 1921 posterum
1840 1853 2197 1922 proestsri3
2253 1854 2362 1909 etsi
2404 1869 2476 1907 ne
2522 1853 2607 1906 sie
2654 1852 2880 1922 quidem

707 1940 865 1991 reete
920 1934 1209 1990 diceretur
1259 1941 1602 2006 praestare
1657 1938 2120 2007 stipendium3
2175 1939 2344 1995 aliter
2393 1938 2541 1994 enim
2596 1937 2883 2005 damnum,

704 2020 1016 2089 perieulum
1049 2020 1396 2092 praestetur]
