3230 5282
1464 600 1587 660 405
2268 610 2392 665 Lib.
2430 610 2681 666 XXVIII.

376 784 618 850 dicitur
671 786 1075 865 tenuisse,
1133 805 1286 868 qua
1346 783 1688 847 abscisae
1743 803 1993 865 rupes
2049 790 2319 860 erant,
2378 783 2502 848 hoc
2563 791 2681 865 est,

375 914 519 958 eam
584 899 843 977 partem
915 892 1274 958 obsedisse.
1390 888 1548 973 [cfr.
1596 889 2110 972 Wesenbergius
2168 889 2255 954 ad
2313 889 2441 955 Cic.
2490 891 2679 956 Tusc.

377 1001 450 1081 V,
502 1005 620 1065 118
666 1023 728 1084 p.
778 1005 901 1065 364
947 1001 1047 1065 ed.
1094 997 1350 1081 Tur.]¹)

550 1106 708 1192 Cap.
760 1113 828 1188 7,
886 1114 926 1171 4
983 1114 1049 1172 et
1106 1112 1141 1170 5
1203 1108 1414 1172 oratio
1476 1107 1571 1171 sic
1615 1106 2140 1188 interpungenda
2190 1115 2318 1172 est:
2386 1107 2683 1173 Eodem

376 1216 621 1281 ferme
682 1216 810 1280 die
867 1215 962 1279 ab
1007 1215 1290 1280 Attalo
1348 1235 1535 1296 rege
1595 1213 2138 1296 Opuntiorum
2193 1215 2387 1279 urbs
2444 1223 2685 1298 capta

379 1322 955 1407 diripiebatur.
1058 1320 1603 1410 concesserat
1659 1342 1827 1385 eam
1888 1323 2066 1402 regi
2111 1322 2456 1405 praedam
2503 1322 2681 1387 Sul-

379 1431 669 1514 picius,
736 1432 928 1514 quia
985 1429 1270 1495 Oreum
1335 1450 1642 1513 paucos
1702 1433 1888 1492 ante
1946 1427 2113 1493 dies
2172 1428 2266 1492 ab
2327 1430 2683 1495 Romano

377 1539 675 1618 milite,
736 1538 1229 1622 eXpertibus
1285 1537 1569 1620 regiis,
1632 1536 2036 1617 direptum
2095 1535 2391 1616 fuerat,
2449 1559 2685 1620 quum

379 1648 734 1712 Romana
779 1647 1083 1710 classis
1131 1667 1218 1710 eo
1265 1666 1345 1709 se
1389 1645 1862 1727 recepisset.
1953 1643 2307 1723 Attalus,
2352 1646 2683 1728 ignarus

378 1754 782 1819 adventus
826 1753 1225 1837 Philippi,
1283 1751 1656 1836 pecuniis
1703 1772 1743 1814 a
1786 1750 2304 1834 principibus
2364 1754 2683 1836 exigen-

379 1861 501 1925 dis
569 1861 902 1926 terebat
968 1869 1305 1944 tempus.
1428 1858 1641 1940 Vulgo
1710 1856 2048 1932 scribitur:
2117 1894 2205 1902 —
2273 1859 2685 1944 direptum

377 1969 670 2034 fuerat.
785 1967 1033 2046 Quum
1090 1970 1445 2033 Romana
1511 1965 1809 2029 classis
1878 1987 1966 2030 eo
2035 1988 2117 2031 se
2179 1969 2852 2051 recepisset,(331)

376 2075 711 2141 Attalus
757 2078 1097 2159 ignarus
1144 2082 1265 2141 cet.
1336 2074 1467 2139 Sed
1511 2074 1821 2137 Romanae
1868 2072 2120 2152 classis,
2168 2095 2311 2155 quae
2358 2075 2684 2159 Opuntem

381 2206 512 2249 non
571 2184 956 2268 appulerat,
1016 2206 1056 2248 a
1113 2182 1423 2248 Chalcide
1470 2180 1711 2245 Oreum
1767 2180 2021 2246 reditus
2079 2180 2239 2245 nihil
2283 2180 2485 2247 habet
2531 2204 2684 2248 con-

379 2293 588 2357 iuncti
633 2313 779 2356 cum
825 2292 1049 2356 Attalo
1094 2298 1355 2375 tempus
1401 2289 1664 2373 Opunte
1710 2289 2057 2371 terente.²)

552 2399 709 2484 Cap.
761 2403 829 2479 9,
903 2405 978 2463 13
1038 2399 1132 2480 (111
1189 2399 1527 2464 hominum
1571 2395 1655 2461 C.
1702 2396 1981 2462 Neronis
2037 2419 2141 2463 res
2196 2405 2418 2481 gestas
2475 2400 2684 2465 extol-

380 2507 656 2572 lentium
724 2507 1083 2589 sermone):
1152 2508 1271 2572 ita
1335 2526 1575 2571 unum
1642 2503 2061 2568 consulem
2126 2527 2267 2588 pro
2335 2513 2683 2589 utraque

378 2622 614 2698 parte
670 2616 933 2681 Italiae
1003 2615 1395 2681 adversus
1452 2613 1654 2693 duos
1711 2611 1983 2691 duces,
2066 2612 2267 2679 duos
2325 2616 2683 2701 impera-

379 2729 597 2788 tores
663 2723 848 2788 hinc
916 2723 1353 2787 consilium
1409 2743 1668 2799 suum,
1735 2719 1925 2783 hinc
1981 2741 2274 2804 corpus
2335 2745 2686 2808 opposu-

377 2832 562 2895 isse.
675 2830 831 2907 Quae
897 2831 991 2893 vis
1063 2831 1149 2894 sit
1207 2831 1552 2912 geminatae
1607 2829 1676 2892 in
1731 2826 1964 2890 iisdem
2019 2827 2389 2894 hominibus
2448 2832 2686 2896 ducum

379 2945 446 3002 et
510 2939 981 3020 imperatorum
1038 2938 1532 3021 appellationis,
1602 2933 1793 3019 quasi
1850 2935 2061 2998 maius
2109 2936 2223 3014 sit,
2294 2959 2426 3002 non
2474 2939 2685 3003 solum

378 3045 691 3123 ducibus,
770 3046 884 3110 sed
953 3047 1151 3109 etiam
1220 3043 1731 3127 imperatoribus
1800 3044 2172 3125 oppositum
2239 3043 2471 3122 fuisse,
2551 3067 2682 3111 non

380 3152 724 3234 intelleg03
790 3153 1237 3235 intellegerem
1281 3151 1606 3215 rhetorice
1653 3156 1920 3214 auctum
1964 3151 2062 3215 rei
2110 3172 2372 3230 sonum,
2441 3153 2497 3216 si
2543 3154 2684 3217 ad-

376 3280 662 3324 versus
730 3260 931 3324 duos
999 3260 1441 3338 exercitus,
1510 3258 1714 3322 duos
1772 3259 2320 3341 imperatores
2378 3258 2683 3343 (duces)

379 3368 698 3452 scriptum
745 3375 935 3432 esset.
1041 3368 1214 3448 (Non
1265 3387 1520 3432 omnem
1567 3365 1801 3430 ducem
1846 3367 2314 3448 imperatorem
2359 3390 2525 3449 esse,
2573 3372 2686 3453 qui

378 3476 516 3540 suis
574 3460 893 3559 aisspiciis
950 3496 1088 3539 rem
1147 3481 1368 3557 gerat,
1438 3475 1603 3553 scio;
1674 3473 1792 3537 sed
1850 3495 1996 3538 eam
2057 3474 2541 3542 distinctionem
2600 3479 2686 3543 ad

438 3691 490 3757 ¹)
531 3690 662 3760 Cap.
684 3694 734 3759 5,
776 3696 824 3744 1:
862 3692 1177 3747 Lemnum
1222 3693 1383 3747 inde
1421 3694 1648 3746 classe
1685 3694 2469 3761 iuncta(RomanaeXXV
2505 3698 2687 3766 quin-

511 3792 891 3844 queremes,
947 3778 1153 3846 regiae
1208 3778 1459 3845 XXXV)
1519 3781 2084 3834 tra‘nsmiserunt.
2183 3781 2501 3835 Admodum
2548 3781 2686 3837 dure

510 3867 641 3930 post
693 3862 1002 3916 ablativum
1055 3863 1115 3916 in
1169 3863 1489 3930 parenthesi
1542 3865 1774 3918 verbum
1830 3866 2141 3933 omittitur,
2202 3867 2685 3935 probabiliterque

510 3945 806 4015 Ussingius
852 3954 985 4016 post
1019 3948 1254 4001 XXXV
1291 3949 1604 4016 suspicatur
1641 3949 1913 4004 excidisse
1951 3956 2167 4005 erant.
2242 3951 2436 4021 (1863.)
2534 3950 2685 4020 [Non

509 4033 694 4086 minus
751 4033 1125 4101 probabiliter
1167 4032 1377 4099 XXXI,
1436 4036 1530 4100 27,
1586 4036 1645 4099 6,
1703 4035 1798 4087 ubi
1845 4035 2059 4089 editur:
2117 4035 2373 4091 Cnidus
2425 4035 2685 4104 (nomen

509 4122 811 4186 propter
859 4118 1160 4172 alteram
1210 4119 1280 4171 in
1330 4119 1493 4172 Asia
1541 4120 1768 4172 urbem
1814 4137 2007 4187 quam
2056 4121 2380 4190 oppidum
2426 4118 2696 4188 notius)

508 4203 576 4254 vi
613 4204 915 4271 capitur,
957 4202 1252 4272 Siesbyeus
1291 4205 1529 4257 notius
1568 4210 1674 4258 est
1709 4205 2067 4258 scribendum
2106 4207 2350 4260 coniicit.
2430 4204 2601 4274 1876]

429 4284 484 4351 ²)
522 4286 651 4355 Cap.
697 4290 757 4353 6,
805 4290 838 4341 9
882 4288 1196 4342 infinitivus
1250 4288 1554 4343 historicus
1610 4289 1963 4357 (praebere)
2020 4292 2155 4358 poni
2209 4292 2407 4360 nequit
2459 4293 2518 4345 in
2571 4291 2681 4344 loci

509 4371 689 4425 forma
744 4379 1018 4441 perpetua
1071 4374 1464 4439 describenda;
1520 4374 1672 4442 quod
1721 4375 1779 4428 in
1825 4375 2117 4429 codicibus
2163 4376 2324 4430 bonis
2363 4382 2474 4445 est,
2526 4392 2684 4444 prae-

507 4456 747 4522 buere,
787 4463 1046 4512 ortumne
1084 4460 1158 4511 sit
1195 4476 1263 4511 ex
1297 4460 1701 4527 praebuerit,
1739 4476 1851 4513 non
1890 4459 2111 4514 definio.

1245 4802 1619 5031 f*

1063 5032 1270 5165 Ἣ.
