3230 5282
1422 626 1544 687 745
2302 637 2424 693 Lib.
2461 637 2630 693 XLV.

325 815 471 875 tur:
517 810 864 877 Militum
912 810 1237 895 quidem
1280 810 1615 895 propria
1659 817 1781 877 est
1825 831 2103 891 causa,
2155 811 2293 894 qui
2341 817 2419 876 et
2462 812 2631 895 ipsi

329 917 693 985 laureati
740 925 814 985 et
861 920 1210 1003 quisque
1257 919 1526 998 doniS,
1572 919 1866 1003 quibus
1916 917 2205 984 donati
2251 925 2472 998 sunt,
2520 921 2633 984 in-

333 1029 626 1111 signes,
672 1027 1167 1112 triumphum
1214 1028 1533 1094 nomine
1580 1028 1803 1092 cient
1850 1047 2211 1110 suasque
2261 1033 2335 1092 et
2380 1028 2631 1110 impe-

327 1137 647 1202 ratoris
711 1120 1000 1202 laudes
1058 1136 1448 1202 canentes
1499 1157 1643 1220 per
1699 1134 1975 1201 urb'em
2029 1134 2435 1201 incedunt.
2524 1135 2630 1199 In-

330 1254 481 1329 epte
536 1231 816 1311 militum
873 1251 1142 1311 ornatus
1171 1239 1181 1250 ’
1210 1246 1503 1329 proxime
1560 1244 1846 1310 refertur
1902 1244 1987 1309 ad
2031 1243 2345 1327 triumphi
2392 1243 2631 1309 clamo·

325 1375 465 1417 rem
534 1352 916 1434 (laureati
981 1388 1067 1399 —
1132 1353 1626 1436 triumphum
1694 1353 1940 1433 cient)
2003 1352 2497 1434 seiungiturque
2545 1351 2629 1416 ab

325 1463 615 1540 incessu,
675 1467 740 1526 et
784 1482 983 1546 prave
1028 1466 1367 1546 tamquam
1437 1460 1563 1526 duo
1622 1467 2015 1545 separantur
2070 1459 2242 1526 haec:
2308 1460 2630 1525 nomine

329 1571 552 1634 cient
597 1568 692 1650 (id
738 1578 866 1649 est,
912 1569 1181 1651 canunt)
1228 1575 1324 1635 et:
1374 1576 1756 1634 canentes
1800 1604 1887 1614 —
1930 1568 2339 1635 incedunt.
2410 1567 2630 1652 Appa-

326 1686 448 1756 ret,
496 1679 715 1743 omnia
758 1678 989 1743 referri
1035 1677 1121 1743 ad
1164 1679 1494 1743 incessum
1553 1684 1620 1742 et
1677 1699 2013 1762 pompam,
2077 1679 2143 1742 in
2200 1697 2335 1761 qua
2390 1675 2630 1741 milites

325 1787 931 1871 conspiciebantur3
978 1787 1038 1851 ei
1082 1785 1298 1865 verbo,
1346 1807 1477 1869 quo
1513 1807 1753 1870 pompa
1787 1785 2117 1850 indicatur
2160 1781 2626 1866 (incedunt),

323 1893 589 1975 adiungi
689 1891 1043 1979 participia
1143 1894 1228 1959 ad
1329 1915 1583 1979 pompae
1670 1894 2181 1978 descriptionem
2294 1894 2626 1977 pertinen-

325 2002 439 2066 tia.
551 2000 981 2067 Scribendum
1060 2009 1157 2068 est
1221 2003 1456 2086 igitur:
1526 2004 1663 2086 qui
1731 2009 1808 2067 et
1873 2003 2036 2086 ipsi
2103 2002 2471 2067 laureati
2550 2008 2626 2067 et

325 2110 664 2194 quisque
745 2095 1006 2176 donis
1069 2146 1153 2156 -——
1234 2112 1632 2193 insignes,
1713 2109 2206 2195 triumphum
2294 2112 2615 2175 nomine
2653 2110 2798 2180 (621)

326 2217 626 2280 cientes
705 2240 1048 2301 suasque
1131 2226 1208 2284 et
1281 2220 1812 2302 imperatoris
1878 2217 2164 2283 laudes
2231 2224 2625 2284 canentes

324 2346 466 2407 per
532 2326 807 2392 urbem
863 2327 1281 2393 incedunt.
1393 2327 1502 2392 Ex
1580 2328 1889 2392 cientes
1959 2346 2314 2409 suasque
2381 2325 2626 2392 factum

325 2441 454 2498 est:
539 2435 1212 2519 cientesuasque,
1289 2443 1462 2501 tum:
1533 2437 1753 2501 cient
1819 2455 2185 2518 suasque.
2284 2434 2625 2501 Postremo

331 2541 363 2625 ξ
416 2545 491 2605 13
541 2543 634 2621 (si
681 2543 993 2627 quando
1039 2565 1195 2610 non
1243 2543 1675 2628 deportati
1720 2579 1806 2589 -
1851 2545 2035 2622 sint,
2074 2541 2471 2627 fremunt).
2502 2543 2625 2610 tol—

327 2650 561 2716 lendus
609 2659 710 2717 est
755 2653 1032 2719 vitiosus
1079 2654 1145 2718 in
1189 2660 1483 2737 tempore
1531 2662 1596 2720 et
1640 2675 1711 2718 re
1760 2655 1994 2737 saepius
2049 2652 2229 2718 facta
2273 2653 2627 2720 indicanda

330 2759 606 2844 perfecti
652 2760 1127 2840 coniunctivus,
1173 2783 1368 2845 quem
1414 2768 1596 2827 certa
1637 2762 1865 2845 regula
1911 2768 1975 2826 et
2021 2762 2413 2845 optimorum
2449 2761 2624 2826 cedi-

329 2889 474 2932 cum
519 2869 917 2934 auctoritate
963 2875 1028 2934 et
1071 2870 1573 2954 conspiratione,
1620 2890 1822 2952 quum
1867 2868 2024 2935 alibi
2070 2874 2211 2934 tum
2256 2870 2322 2933 in
2365 2869 2446 2933 iis
2491 2868 2623 2934 for-

326 2978 477 3054 mis,
523 2978 589 3040 in
627 2975 873 3061 quibus
918 2976 1313 3043 indicativus
1374 3000 1414 3043 a
1459 2978 1873 3042 coniunctivo
1919 2998 2050 3042 non
2093 2997 2227 3041 una
2268 2976 2481 3041 vocali
2525 2975 2622 3041 di-

326 3092 489 3162 stat,
548 3085 755 3150 fretus
803 3106 879 3149 ex
925 3086 1146 3150 multis
1193 3092 1488 3151 veterum
1532 3086 1693 3152 locis
1740 3084 1978 3149 sustuli
2025 3083 2265 3168 Opusc.
2311 3082 2511 3149 Acad.
2559 3084 2623 3148 11

322 3215 383 3276 p.
433 3195 551 3256 281
602 3213 764 3277 sqq„
812 3193 898 3260 ad
944 3192 1075 3259 Cic.
1124 3193 1264 3258 Fin.
1309 3193 1382 3274 V,
1433 3199 1507 3258 15
1556 3218 1620 3279 p.
1667 3198 1810 3258 679.
1883 3192 2013 3259 Sed
2059 3200 2429 3277 supersunt,
2478 3213 2623 3277 quae

324 3300 584 3365 addam.
674 3301 868 3386 Apud
914 3300 1295 3367 Ciceronem
1343 3302 1423 3368 de
1468 3302 1680 3367 Divin.
1728 3302 1808 3382 11,
1859 3305 1957 3381 70,
2011 3306 2128 3367 145
2178 3300 2428 3367 editur:
2478 3300 2623 3365 Gu-

321 3408 813 3474 bernatores
861 3429 1092 3491 quum
1138 3410 1653 3477 exsultantes
1687 3411 2078 3493 loligines
2111 3410 2477 3475 viderint
2520 3445 2622 3489 —,

321 3523 895 3601 tempestatem
941 3517 1426 3602 significari
1473 3525 1800 3603 putant3
1859 3518 1974 3583 sed
2022 3517 2147 3584 duo
2196 3518 2428 3603 optimi
2474 3516 2622 3602 (pro

319 3625 581 3690 illorum
624 3624 944 3690 librorum
987 3626 1282 3709 modulo)
1345 3626 1599 3692 codices
1658 3626 2011 3693 Leidenses
2067 3625 2451 3691 viderunt
2505 3625 2622 3691 ha-

317 3732 493 3812 bent,
539 3740 613 3799 ut
657 3734 950 3799 Klotzius
1009 3734 1236 3800 edidit.
1325 3734 1400 3799 In
1458 3734 1690 3800 eodem
1748 3734 1917 3800 libro
1964 3755 2016 3799 e.
2068 3737 2124 3814 9,
2171 3737 2273 3813 24,
2322 3735 2621 3800 oratione

316 3842 560 3906 rectius
586 3842 916 3920 distincta,
942 3843 1035 3906 sic
1060 3842 1479 3909 scribendum
1504 3852 1606 3909 est
1634 3842 1810 3927 [cum
1837 3842 2092 3908 duobus
2118 3842 2302 3908 codd.
2331 3840 2621 3926 Leidd.]:

320 3948 521 4026 Quid
599 3956 747 4029 est,
822 3950 1030 4032 quod
1106 3971 1219 4015 me
1299 3952 1681 4017 adiuvent
1758 3950 2297 4035 haruspices?
2375 3950 2622 4028 Quum

314 4079 442 4122 res
500 4058 1041 4124 tristissimas
1100 4058 1491 4143 portendi
1549 4058 1933 4126 dixerunt
1990 4060 2137 4146 (pro
2206 4057 2618 4139 dixerint),

314 4165 633 4230 addunt
679 4166 773 4231 ad
821 4175 1264 4232 extremum
1311 4174 1434 4232 cet.
1502 4167 1697 4252 Apud
1732 4167 2048 4250 Senecam
2092 4168 2211 4252 Ep.
2252 4169 2309 4244 3,
2359 4170 2395 4229 2
2441 4172 2620 4231 recte

309 4272 362 4337 F
367 4271 656 4339 ickertus
712 4281 779 4339 et
835 4275 1114 4341 Haasius
1181 4297 1216 4342 e
1283 4275 1473 4341 bonis
1543 4276 1875 4342 codicibus
1944 4275 2316 4341 ediderunt:
2386 4295 2617 4357 quum

314 4388 807 4462 amaverunt,
854 4383 1250 4463 iudicant,
1298 4390 1373 4448 et
1410 4405 1564 4448 non
1610 4390 1894 4463 amant,
1943 4405 2171 4467 quum
2205 4382 2617 4448 iudicave-

309 4497 502 4554 runt
557 4491 702 4574 (pro
750 4492 1204 4556 amaverint
1250 4500 1316 4558 et
1380 4491 1998 4574 iudicaverint);
2062 4491 2177 4557 sed
2234 4492 2354 4575 Ep.
2419 4495 2515 4571 11,
2576 4494 2613 4555 3
