3230 5282
605 553 728 608 Lib.
764 552 834 607 X.
1700 540 1825 602 226

606 731 740 790 tur
795 725 1150 791 adderetur
1206 744 1379 788 non.
1491 723 1620 789 Sed
1678 724 1889 805 simul,
1947 747 2149 809 quum
2205 726 2727 811 inaequalitatem
2783 748 2917 792 mo-

609 833 842 898 dorum
873 834 940 898 in
988 832 1572 915 conspiciatur,
1620 831 1893 913 caedet,
1942 834 2222 916 capiet
2256 856 2388 899 non
2425 834 2764 900 ferendam
2797 856 2917 919 pu·

606 946 837 1020 tarem,
871 941 1155 1025 primum
1188 939 1352 1004 illud
1385 940 1454 1004 in
1490 940 2055 1023 conspicietur
2087 943 2355 1022 mutavi,
2400 942 2575 1007 unde
2610 944 2915 1009 coniunc-

604 1051 779 1114 tivus
818 1055 1001 1114 ortus
1039 1054 1235 1128 esset,
1282 1069 1413 1113 non
1450 1047 1941 1128 demonstrato;
1987 1069 2067 1114 ac
2111 1054 2193 1113 ne
2229 1050 2323 1114 sic
2358 1050 2624 1132 quidem
2660 1057 2915 1116 rectam

608 1157 1000 1223 sententiam
1056 1162 1446 1221 consecutus
1503 1176 1675 1235 sum3
1745 1176 1959 1237 neque
2017 1157 2189 1221 enim
2246 1158 2640 1241 interrogari
2697 1157 2913 1238 debet,

605 1286 819 1330 nonne
884 1264 1180 1329 futurum
1246 1263 1373 1328 hoc
1443 1263 1530 1328 sit
1594 1261 1776 1344 (non
1834 1264 2460 1348 conspicietur),
2530 1265 2647 1331 sed
2701 1286 2918 1331 nonne

603 1371 784 1437 nullo
852 1372 1265 1456 improbante
1331 1391 1543 1452 neque
1609 1370 1995 1454 indignante
2074 1371 2207 1454 (utz
2286 1375 2414 1438 cui
2492 1373 2915 1457 indignum

605 1480 870 1545 videri
915 1479 1237 1563 potest?
1293 1484 1389 1543 et:
1435 1499 1587 1542 non
1635 1478 2173 1544 sustinebunt
2217 1480 2528 1562 oculiP).
2588 1481 2921 1562 (Debebat

607 1589 805 1653 etiam
881 1588 1092 1671 repeti
1167 1586 1459 1670 negatio:
1547 1586 1615 1650 is
1696 1607 1855 1652 non
1934 1587 2529 1670 conspicietur,
2610 1624 2700 1633 —
2766 1608 2909 1651 non

604 1697 1013 1761 victimam
1059 1691 1789 1776 caedet—capiet‘?)
1835 1692 2028 1758 Nunc
2074 1693 2335 1758 demum
2380 1696 2696 1776 intellexi,
2745 1696 2917 1762 duas

604 1811 861 1870 tantum
907 1825 1051 1869 esse
1094 1802 1683 1883 interrogationeS,
1742 1801 1959 1866 media
2003 1801 2121 1865 illa
2165 1802 2372 1885 priori
2419 1804 2514 1869 ita
2559 1804 2914 1884 adhaerere,

604 1918 697 1992 ut,
757 1911 934 1994 quod
979 1912 1264 1976 breviter
1305 1910 1411 1974 his
1457 1908 1703 1973 verbis:
1771 1909 2316 1992 pontificalia
2370 1918 2620 1994 atque
2678 1933 2950 1995 augur

604 2021 819 2085 ralia
874 2019 1233 2102 insignia
1289 2017 1659 2082 adiicere
1716 2016 2149 2099 significatur,
2221 2018 2489 2083 uberius
2556 2019 2914 2099 declarent,

511 2212 516 2217 ι
607 2129 794 2193 cuius
861 2128 958 2192 rei
1025 2126 1339 2192 indicium
1413 2132 1516 2190 est
1572 2125 1641 2188 in
1698 2125 1844 2209 ipso
1902 2124 2014 2191 illo
2075 2126 2671 2210 conspiciatur.
2788 2126 2920 2193 Sed

606 2237 847 2301 omissa
918 2256 1075 2300 casu
1141 2233 1598 2299 coniunctione
1667 2233 1953 2297 accessit
2021 2233 2188 2298 alius
2258 2256 2460 2300 error.
2572 2234 2677 2300 Sic
2745 2236 2918 2300 enim

608 2343 1024 2408 scribendum
1103 2348 1233 2407 est:
1325 2342 1451 2405 cui
1540 2340 1963 2422 indignum
2050 2341 2315 2406 videri
2394 2348 2702 2425 potest,
2783 2364 2920 2407 eos

605 2451 857 2529 viros,
917 2471 1115 2532 quos
1172 2469 1310 2513 vos
1365 2483 1483 2528 —,
1549 2447 2091 2531 pontificalia
2160 2456 2239 2513 et
2306 2450 2744 2534 auguralia
2796 2451 2916 2515 in·

608 2558 878 2643 signia
921 2557 1306 2635 adiicere,
1368 2563 1462 2634 ut,
1511 2555 1649 2637 qui
1691 2590 1778 2599 —
1823 2576 2068 2620 curru
2115 2563 2407 2622 aurato
2453 2579 2593 2643 per
2637 2558 2914 2623 urbem

603 2672 886 2732 vectus
942 2667 1019 2730 in
1067 2663 1574 2749 Capitolium
1621 2664 2178 2744 adscenderit,
2236 2666 2303 2730 is
2350 2666 2919 2749 conspiciatur

606 2796 776 2840 cum
844 2774 1134 2859 capide
1202 2807 1291 2817 —
1356 2772 1767 2836 victimam
1846 2773 2133 2835 cadens
2202 2773 2722 2856 auguriumve
2791 2793 2915 2835 ea·

604 2883 864 2964 piens?
953 2880 1198 2948 Cuius
1267 2880 1344 2942 Ιι
1412 2880 1796 2963 imaginis
1866 2880 2117 2946 titulo
2176 2887 2297 2945 cet.
2408 2880 2578 2945 Nam
2633 2880 2716 2945 in
2770 2880 2923 2945 iure

602 2990 1140 3074 Wesenbergius3
1187 2989 1257 3053 id
1302 2987 1546 3053 excidit
1590 2993 1746 3053 ante
1790 2987 2187 3070 imaginis.
2278 2987 2526 3070 (1875.)

775 3097 935 3183 Cap.
994 3104 1064 3180 8,
1127 3102 1194 3163 3:
1284 3117 1429 3161 nec
1498 3100 1637 3161 aut
1704 3103 1867 3160 tum
1925 3096 2316 3180 patriciis
2374 3095 2547 3161 ulla
2603 3096 2920 3160 iniuria

600 3208 824 3273 facta
870 3213 1025 3286 est,
1082 3226 1313 3288 quum
1371 3203 1829 3268 duumviris
1875 3204 2137 3268 sacris
2183 3203 2603 3268 faciundis
2651 3202 2913 3267 adiec-

600 3322 733 3380 tus
791 3322 918 3380 est
972 3320 1314 3398 propter
1372 3311 1752 3395 plebeios
1811 3332 2221 3392 numerus,
2284 3319 2361 3376 et
2405 3331 2612 3376 nunc
2657 3310 2911 3375 tribu-

601 3445 750 3487 nus
809 3454 895 3466 ——
950 3423 1305 3504 quinque
1374 3439 1766 3501 augurum
1821 3418 2039 3499 loca,
2108 3424 2504 3503 quattuor
2560 3417 2917 3503 pontifi·

603 3551 774 3594 cum
831 3528 1174 3608 adiecit,
1239 3528 1319 3591 in
1376 3545 1548 3608 quae
1604 3525 1924 3609 plebeii
1985 3527 2538 3607 nominentur,
2608 3548 2764 3592 non
2823 3532 2919 3591 ut

428 3642 570 3711 (190)
607 3658 743 3702 vos
811 3643 934 3701 cet.
1044 3636 1316 3700 Decium
1372 3634 1591 3698 Livius
1660 3635 1726 3697 in
1794 3635 2369 3699 commemoranda
2431 3635 2575 3717 lege
2619 3633 2917 3698 nondum

601 3745 862 3830 perlata
927 3754 992 3808 et
1056 3745 1121 3808 in
1192 3741 1454 3826 Ogulnii
1522 3741 1797 3806 consilio
1867 3762 2016 3806 cum
2083 3763 2191 3823 eo,
2260 3742 2438 3826 quod
2505 3742 2572 3806 in
2637 3740 2773 3806 alia
2839 3762 2912 3806 re

597 3853 851 3918 factum
895 3853 1028 3917 iam
1073 3857 1265 3930 esset,
1331 3848 1799 3933 comparando,
1848 3850 2176 3915 contrarie
2223 3851 2421 3915 etiam
2466 3850 2698 3934 positis
2743 3854 2913 3913 tum

599 3967 667 4027 et
710 3981 945 4040 nunc,
1012 3959 1387 4024 necessario
1443 3955 1712 4022 induxit
1764 3958 2075 4041 praesenti
2134 3957 2319 4022 verbi
2378 3964 2704 4041 tempore,
2774 3978 2914 4022 non

598 4067 893 4154 perfecto
962 4072 1287 4147 utentem,
1356 4065 1535 4151 quod
1604 4063 1948 4129 declarant
2015 4066 2217 4130 etiam
2283 4064 2485 4130 verba
2536 4064 2688 4129 inde
2747 4069 2917 4148 apta

598 4175 1148 4258 (nominentur
1200 4210 1288 4220 —
1329 4173 1653 4256 pellant
1693 4208 1781 4217 —
1825 4171 2264 4255 adiuvent).
2355 4173 2607 4255 Itaque,
2656 4171 2712 4237 si
2759 4172 2907 4255 qui-

598 4285 748 4350 dem
801 4283 1002 4348 huius
1060 4282 1240 4347 verbi
1296 4288 1363 4347 et
1419 4288 1791 4347 ceterorum
1837 4302 1872 4345 e
1914 4281 2135 4346 iacio
2182 4282 2694 4369 compositorum
2741 4300 2913 4364 prze-
