3230 5282
520 613 645 669 Lib.
684 613 882 668 XXVI.
1619 600 1744 663 380

522 784 935 851 cumfusus
980 785 1532 865 multitudine,
1581 784 1822 851 simul
1867 783 2171 850 Siculis
2218 784 2532 850 obviam
2579 806 2838 869 egres-

523 896 639 960 sis
685 895 1193 977 secutisque,
1253 893 1570 956 ror-a·
1614 892 1969 977 praebuit
2013 893 2663 958 clarissimarum
2706 916 2837 959 ur-

519 1004 738 1068 bium
804 1001 1124 1068 excidio
1180 1002 1768 1067 ‘celeberrimis
1833 1002 2036 1065 viris
2101 1002 2369 1066 victos
2427 1000 2647 1068 bello
2708 1022 2836 1066 ac-

521 1116 948 1176 cusatores
992 1111 1072 1175 in
1115 1110 1388 1175 urbem
1435 1109 1930 1175 adducentis
1978 1108 2131 1189 (hoc
2177 1116 2297 1190 est,
2359 1110 2644 1193 speciem
2692 1130 2836 1174 eam

518 1219 833 1303 praebuit,
904 1219 1095 1301 quasi
1149 1219 1302 1283 viris
1350 1217 1596 1302 Capuae
1659 1225 1727 1281 et
1773 1216 2248 1300 Syracusarum
2295 1216 2550 1282 excidio
2595 1217 2833 1283 nobili·

530 1328 691 1392 tatis
758 1328 973 1392 victos
1031 1325 1206 1392 bello
1263 1332 1692 1392 accusatores
1749 1324 2168 1405 adduceret);
2217 1324 2331 1389 cfr.
2377 1325 2567 1405 XLV,
2613 1329 2714 1403 20,
2766 1330 2832 1390 5:

517 1435 971 1516 lugentium
1005 1435 1283 1500 Persei
1329 1454 1594 1498 casum
1651 1432 2013 1516 praebere
2070 1433 2421 1516 speciem
2467 1440 2537 1498 et
2572 1432 2834 1512 XXVII,

517 1546 649 1624 2‚5.
706 1543 1141 1621 Adiectivum,
1181 1541 1359 1625 quod
1395 1548 1498 1607 est
1535 1541 1881 1620 celeber,
1919 1560 2076 1605 sane
2103 1542 2353 1623 primus
2383 1541 2604 1605 Livius
2628 1562 2708 1606 ex
2732 1543 2833 1617 iis,

517 1672 800 1735 quorum
845 1652 1099 1734 scripta
1143 1655 1421 1730 exstant,
1468 1650 1550 1714 de
1596 1649 1860 1715 homine
1904 1650 2135 1732 posuit
2175 1649 2282 1714 hic
2328 1656 2397 1714 et
2439 1648 2580 1728 VH,
2627 1654 2728 1727 21,
2777 1654 2833 1729 6,

517 1779 639 1824 nec
707 1766 932 1823 tamen
999 1758 1332 1837 absolute,
1403 1757 1520 1823 sed
1588 1757 1820 1823 addito
1895 1757 2037 1821 eius
2092 1757 2218 1834 rei,
2288 1756 2371 1822 ob
2428 1777 2628 1841 quam
2685 1758 2833 1839 quis

517 1867 912 1945 celebratur,
973 1867 1257 1931 nomine.
1356 1866 1587 1947 ,Secuti
1632 1871 1787 1929 sunt
1831 1863 2140 1944 Velleius,
2199 1863 2483 1943 Curtius,
2545 1865 2834 1944 Tacitus,

516 1975 650 2040 alii.
711 1973 1379 2054 (Celeberrimum
1415 1995 1701 2038 nomen
1735 1973 1977 2056 legitur
2012 1973 2193 2057 apud
2220 1973 2474 2038 Livium
2511 1972 2619 2052 IV,
2658 1979 2758 2052 54,
2795 1978 2834 2037 8

518 2089 583 2147 et
627 2081 889 2162 XXVII,
935 2088 1038 2162 40,
1088 2081 1176 2163 6.)
1246 2081 1501 2148 Addam
1547 2082 1856 2161 breviter,
1905 2082 2219 2146 Latinum
2263 2103 2396 2146 non
2442 2101 2606 2161 esse,
2653 2081 2830 2165 quod

514 2211 717 2273 supra
758 2190 825 2254 in
871 2189 996 2255 hoc
1043 2191 1259 2272 capite
1309 2188 1371 2271 (ἐ
1421 2189 1488 2270 6)
1536 2189 1788 2253 editur:
1858 2191 2025 2271 qui,
2083 2210 2420 2283 quorum
2464 2210 2711 2274 opera
2754 2188 2835 2254 id

518 2297 970 2363 conflatum
1017 2298 1505 2377 incendium,
1566 2295 2154 2380 profiteretur,
2212 2298 2452 2363 omisso
2500 2309 2723 2362 esset
2765 2298 2835 2361 in

513 2406 1034 2487 interrogatione
1092 2404 1428 2490 pendenti.
1539 2405 1950 2470 Exciderunt
2013 2406 2082 2470 in
2137 2405 2188 2468 P
2246 2406 2456 2470 multa
2513 2405 2649 2469 alia
2703 2425 2834 2470 non

512 2514 722 2595 magis
781 2514 1104 2577 eminente
1162 2534 1381 2579 causa.
1498 2512 1603 2596 [In
1669 2514 1851 2579 brevi
1909 2518 1978 2578 et
2034 2513 2313 2596 simplici
2373 2514 2705 2578 sententia
2765 2519 2833 2578 et

515 2627 743 2705 aperte
790 2643 831 2687 a
875 2622 1111 2688 ceteris
1174 2627 1515 2706 separata,
1572 2643 1733 2702 non,
1789 2627 1867 2687 ut
1909 2621 2047 2701 hic,
2106 2621 2378 2705 reliquis
2432 2622 2830 2705 interposita

512 2729 784 2795 verbum
832 2731 1050 2796 omitti
1095 2738 1350 2814 potest;
1396 2755 1451 2796 v.
1502 2731 1551 2809 1,
1602 2736 1702 2809 59,
1751 2735 1809 2811 2,
1858 2728 2046 2812 al.]¹)

685 2836 840 2921 Cap.
891 2843 991 2919 28,
1041 2844 1077 2903 3
1125 2861 1160 2904 e
1203 2839 1254 2903 P
1300 2838 1748 2904 scribendum:
1812 2839 1997 2903 Haec
2055 2838 2147 2903 de
2206 2858 2286 2902 se
2343 2838 2601 2921 deque
2657 2860 2827 2922 pro·

511 2947 814 3024 vincia,
873 2950 1000 3013 cui
1056 2947 1540 3032 praefuerat,
1608 2947 1924 3026 consu13
1993 2953 2157 3010 tum
2216 2945 2309 3011 de
2368 2947 2827 3030 provinciis

571 3184 617 3252 ¹)
653 3183 737 3238 Ne
780 3184 923 3238 illud
968 3185 1196 3253 quidem
1245 3186 1363 3240 sine
1411 3186 1733 3256 suspicione
1779 3184 2106 3254 legendum,
2155 3184 2307 3252 quod
2351 3184 2411 3238 in
2459 3181 2492 3251 ὃ
2543 3187 2606 3237 12
2641 3184 2829 3237 scribi-

649 3276 769 3324 tur:
823 3270 977 3324 ideo
1030 3288 1101 3326 se
1145 3272 1507 3326 moenibus
1554 3272 1867 3325 inclusos
1914 3275 2157 3324 tenere
2205 3286 2347 3337 eos,
2397 3270 2581 3336 quia,
2626 3270 2830 3337 siqui

650 3357 1045 3411 evasissent
1089 3356 1350 3425 aliqua,
1404 3358 1601 3412 velut
1650 3358 1834 3412 feras
1882 3356 2147 3411 bestias
2184 3373 2304 3424 per
2338 3371 2550 3424 agros
2586 3355 2828 3422 vagari

649 3445 783 3506 cet,
837 3439 1061 3494 infinita
1116 3443 1403 3496 sententia
1455 3443 1711 3497 subiecta
1760 3441 2054 3511 particulae
2103 3442 2340 3508 causali,
2395 3441 2553 3495 cuius
2601 3440 2825 3507 generis

647 3525 864 3578 nullum
911 3526 1115 3594 opinor
1157 3531 1369 3594 praeter
1414 3527 1522 3580 hoc
1559 3527 1712 3596 apud
1747 3528 1932 3581 bonos
1971 3527 2279 3597 scriptores
2315 3525 2632 3593 exemplum
2673 3541 2824 3590 esse;

648 3610 788 3663 alius
839 3611 987 3664 enim
1033 3611 1257 3679 generis
1302 3616 1387 3665 est
1431 3610 1654 3666 infinita
1699 3611 1878 3665 forma
1919 3617 2145 3667 retenta
2191 3613 2250 3664 in
2295 3609 2590 3664 sententiis
2627 3626 2828 3679 reapse

650 3712 719 3749 ex
757 3703 927 3763 aequo'
955 3696 1157 3765 positis
1196 3696 1783 3764 (quemadmodum
1816 3724 1885 3735 —
1913 3698 2039 3764 ita;
2078 3699 2132 3752 si
2171 3713 2416 3757 non—‚
2457 3701 2528 3749 at
2563 3695 2825 3763 tamen),

649 3781 833 3850 ipsum
864 3780 1037 3835 etiam
1064 3780 1210 3835 illud
1230 3781 1344 3849 (IV,
1373 3782 1557 3848 51,4):
1588 3799 1794 3850 quum
1826 3782 2101 3837 interim
2123 3783 2251 3850 (hoc
2280 3788 2389 3836 est:
2426 3787 2496 3836 et
2522 3783 2826 3850 interim)

648 3893 716 3903 —
753 3865 1088 3919 exerceri.
1174 3865 1417 3934 Vereor,
1470 3883 1541 3920 ne
1586 3867 1744 3935 quia
1791 3867 1976 3922 aliena
2025 3885 2225 3922 manus
2270 3867 2552 3921 addiderit
2595 3873 2827 3937 propter

648 3950 831 4018 ideo,
881 3950 1035 4019 quod
1071 3951 1143 4005 ad
1180 3952 1475 4020 superiora
1511 3955 1644 4021 apte
1680 3951 1878 4007 referri
1913 3958 2130 4023 potest,
2178 3968 2212 4005 a
2244 3952 2518 4020 Livioque
2555 3954 2825 4021 scriptum

646 4035 835 4089 fuerit:
902 4035 1060 4089 ideo
1108 4053 1175 4090 se
1223 4055 1295 4090 m.
1344 4037 1620 4092 incluos
1667 4042 1905 4092 tenere
1953 4056 2098 4105 eos;
2163 4039 2222 4091 si
2277 4038 2390 4107 qui
2439 4039 2827 4093 evasissent

650 4121 901 4189 aliqua,
947 4149 1016 4160 —
1063 4122 1306 4190 vagari
1360 4129 1464 4178 cet.
1540 4123 1754 4178 Saltem
1808 4124 2120 4179 notandum
2174 4124 2364 4179 locum
2418 4124 2627 4192 putavi.
2717 4121 2826 4192 [Ne

648 4206 917 4261 Senecam
954 4207 1179 4275 quidem
1216 4207 1319 4277 Ep.
1358 4211 1442 4275 97,
1485 4211 1547 4262 15
1584 4209 1902 4278 scripsisse:
1951 4210 2112 4278 quia
2154 4208 2389 4264 vetari
2433 4214 2652 4263 metus
2688 4224 2822 4262 non

648 4308 861 4360 posse
908 4289 1163 4347 'ostendit
1204 4300 1452 4361 metus,
1506 4311 1688 4363 neque
1743 4294 1892 4349 enim
1937 4294 2170 4363 pluralis
2214 4295 2435 4348 numeri
2471 4294 2822 4348 accusativus

646 4376 726 4430 ibi
778 4375 917 4429 ferri
966 4383 1181 4446 potest3
1237 4379 1465 4449 scripsit
1510 4380 1752 4449 possit.
1843 4378 2202 4447 Relinquitur
2260 4395 2403 4433 nnus
2458 4378 2609 4447 apud
2655 4377 2817 4432 Colu-

574 4489 577 4490 ⁷
644 4462 867 4516 mellam
906 4462 1066 4518 locus
1102 4463 1144 4530 1,
1182 4465 1231 4532 3,
1267 4466 1326 4519 9:
1365 4466 1690 4533 quoniam
1725 4493 1793 4503 —
1830 4464 2051 4518 adlidi
2089 4461 2481 4532 dominnm]
