3230 5282
1414 594 1533 656 719
2292 605 2414 664 Lib.
2451 604 2613 659 XLV.

328 800 409 845 se
475 779 803 863 interponi
868 779 1040 842 inter
1106 798 1256 842 non
1314 784 1380 842 et
1445 799 1769 862 rogare,
1840 799 2039 862 quum
2103 798 2255 842 non
2320 797 2623 859 rogare

331 888 737 953 contrarium
784 884 1108 952 referatur
1152 886 1237 950 ad
1298 908 1648 967 sumere;
1715 888 1781 951 in
1827 887 2052 951 codice
2120 894 2244 950 est:
2295 885 2621 951 eosdem

330 1018 412 1062 se
478 1016 663 1073 non,
739 995 913 1060 unde
992 993 1300 1059 efficitur:
1383 1015 1697 1060 sumere
1776 995 2047 1077 itaque
2125 1015 2260 1060 eos
2342 996 2431 1060 de
2509 1016 2623 1075 se,

330 1126 482 1169 non
527 1124 818 1186 rogare
866 1124 1165 1187 aequum
1212 1124 1405 1168 esse.
1498 1103 1825 1168 Sumere
1893 1103 1983 1168 de
2039 1103 2313 1185 aliquo
2371 1103 2621 1187 aliquid

331 1212 563 1280 eodem
608 1212 801 1278 modo
840 1212 1058 1277 Livius
1106 1210 1341 1276 dixisse
1377 1210 1652 1290 videtur,
1698 1233 1827 1294 quo
1876 1232 2161 1295 capere
2208 1211 2299 1275 (10
2345 1210 2625 1293 aliquo

331 1322 489 1401 (etsi
533 1320 599 1386 id
645 1318 781 1386 fere
828 1321 909 1386 de
945 1319 1160 1399 rebus,
1195 1340 1341 1403 quae
1376 1319 1563 1386 victis
1598 1320 1996 1398 adimuntur,
2035 1318 2320 1400 dicitur),
2368 1340 2627 1384 emere

333 1430 427 1495 de
462 1429 762 1513 aliquo,
809 1450 1081 1512 agrum
1118 1426 1536 1493 colendum
1584 1428 1675 1492 de
1719 1435 1951 1513 patre
1988 1427 2307 1507 habere,
2356 1427 2435 1493 de
2481 1429 2625 1512 qui-

333 1538 459 1604 bus
522 1544 761 1622 praeter
824 1523 1036 1602 lexico.
1099 1537 1471 1601 testimonia
1537 1536 1802 1619 collegit
1867 1536 2163 1602 Handius
2220 1535 2494 1601 Turseli.
2562 1535 2625 1600 11

331 1670 394 1732 p.
450 1650 568 1711 190
613 1653 679 1711 et
729 1649 867 1710 191.

505 1755 660 1838 Cap.
714 1759 810 1835 14,
858 1760 931 1818 4:
982 1753 1273 1818 Grates
1332 1753 1504 1818 deis
1561 1773 1703 1837 pro
1761 1753 2045 1838 populi
2102 1752 2435 1818 Romani
2476 1751 2629 1816 vic-

336 1865 561 1930 toria
627 1863 841 1948 apud
908 1883 1096 1928 suos
1167 1869 1519 1945 penates
1588 1868 1890 1945 ageret.
1982 1860 2134 1927 Cod.
2195 1861 2412 1925 ‹leiis
2465 1883 2526 1944 p.
2573 1882 2623 1925 r.

335 1973 703 2038 victoria.
792 1970 971 2036 Nihil
1038 1971 1225 2035 initio
1291 1969 1510 2034 fuerat
1573 1971 1733 2034 nisi:
1804 1970 1974 2035 deis
2033 1991 2175 2054 pro
2241 1969 2626 2048 victoria;

334 2080 558 2166 populi
606 2080 885 2146 Romani
929 2100 1169 2144 nomen
1216 2077 1467 2144 duobus
1513 2077 1807 2143 versibus
1853 2085 2007 2143 ante
2051 2076 2351 2143 additum
2393 2076 2618 2161 putide
2655 2083 2807 2150 (598)

334 2190 679 2273 repetitur.
769 2186 925 2268 (Csr.
974 2186 1053 2252 de
1100 2186 1332 2251 mendo
1378 2207 1430 2251 0.
1480 2190 1579 2266 39,
1635 2186 1830 2269 11.)¹)

512 2295 673 2380 Cap.
727 2300 822 2375 16,
871 2302 940 2362 7:
987 2294 1196 2374 Inde,
1243 2294 1448 2376 quod
1493 2294 1588 2359 ad
1625 2294 2003 2360 honorem
2047 2294 2274 2359 deum
2318 2295 2629 2360 immor-

332 2405 628 2470 talium
671 2405 1169 2488 pertineret,
1217 2402 1581 2469 decrevit
1625 2409 1989 2484 senatus,
2035 2409 2125 2468 ut
2166 2437 2251 2448 --
2297 2401 2505 2468 dona
2545 2437 2632 2446 —

335 2519 748 2598 praetores
814 2517 1199 2577 curarent
1265 2511 1551 2576 danda.
1640 2510 1857 2576 Etiam
1924 2532 2068 2593 quae
2133 2511 2423 2595 proxime
2479 2516 2630 2575 ante

341 2626 965 2700 commemorantur,
1010 2620 1095 2686 ad
1155 2620 1435 2686 deorum>
1479 2618 1793 2686 honorem
1837 2620 2190 2704 pertinent,
2240 2614 2634 2704 supplicatio

341 2739 408 2796 et
465 2730 906 2796 sacrificatum
973 2729 1331 2794 maioribus
1397 2730 1653 2794 hostiis.
1756 2728 1911 2793 Cod.
1959 2729 2166 2793 idem
2232 2750 2350 2813 pro
2416 2728 2634 2809 inde;

342 2838 787 2905 scribendum:
835 2838 1035 2903 Item
1071 2837 1277 2922 quod
1313 2837 1406 2902 ad
1441 2835 1819 2902 honorem
1856 2843 2001 2915 0οι.,
2036 2836 2158 2901 1100
2192 2843 2310 2916 08ι,
2353 2837 2636 2901 alterum

342 2948 540 3012 etiam
575 2947 912 3013 decretum
947 2952 1214 3011 senatus
1250 2944 1427 3024 fecit,
1476 2945 1654 3028 quod
1690 2944 1774 3009 ad
1821 2943 1968 3009 hon.
2017 2943 2209 3009 deum
2254 2945 2637 3028 pertineret

515 3053 672 3140 Cap.
725 3060 821 3135 17,
867 3058 905 3118 2
954 3052 1093 3135 (ubi
1139 3054 1359 3137 agitur
1405 3052 1486 3118 de
1534 3052 1592 3116 X
1648 3052 1883 3136 legatis
1938 3053 2006 3117 in
2051 3051 2535 3131 Macedoniam,
2582 3051 2634 3115 V

340 3165 406 3228 in
452 3163 788 3247 Illyricum
831 3162 1050 3227 missis
1100 3161 1185 3226 ad
1229 3183 1335 3226 res
1385 3160 1816 3243 ordinandas)
1864 3162 1927 3225 in
1984 3162 2152 3226 mira
2209 3159 2333 3225 hac
2387 3159 2639 3224 codicis

344 3272 705 3355 scriptura:
751 3270 838 3335 In
882 3269 1427 3335 Macedoniam
1474 3270 1771 3353 culpmi
1817 3269 1880 3350 (p
1922 3269 2148 3334 littera
2182 3268 2461 3334 delenda
2508 3270 2633 3352 sig—

341 3377 676 3459 nificatur)
709 3379 1159 3457 nominati,
1213 3378 1287 3467 A.
1345 3377 1814 3442 Postumius
1879 3377 2135 3443 Lucus
2182 3376 2277 3459 (id
2322 3384 2453 3457 est,
2498 3377 2635 3442 Lu-

345 3485 556 3568 scus)
602 3492 748 3566 cet.,
794 3488 954 3569 quid
1022 3486 1193 3551 effici
1241 3485 1511 3565 debeat,
1579 3506 1710 3550 non
1771 3506 1889 3568 ego
1957 3487 2165 3570 magis
2235 3486 2372 3551 scio
2438 3507 2636 3569 quam

344 3596 566 3660 ceteri.
604 3602 622 3617 ⁰
656 3595 824 3660 Nam
891 3595 1064 3677 quod
1130 3595 1199 3659 in
1265 3600 1549 3659 mentem
1614 3592 1808 3659 facile
1874 3595 2091 3660 veniat
2158 3592 2281 3675 (na
2339 3601 2492 3660 ante
2535 3616 2637 3660 110

393 3881 447 3948 ¹)
485 3881 614 3951 Cap.
656 3885 735 3949 15,
773 3885 806 3936 2
841 3883 1024 3937 oratio
1063 3883 1142 3937 sic
1177 3882 1624 3952 intel-pungenda
1659 3886 1771 3949 est,
1819 3889 1881 3936 ut
1925 3883 2049 3938 duoe
2087 3886 2445 3955 exceptiones
2483 3902 2640 3953 sepa-

482 3973 701 4035 rentur3
757 3968 958 4023 deinde
1010 3969 1178 4022 alteri
1213 3969 1422 4037 generi,
1482 3970 1635 4037 quod
1677 3974 1831 4022 recte
1867 3968 2155 4025 Creverius
2192 3970 2479 4036 intellexit,
2515 3987 2631 4024 001·-

481 4060 616 4122 tum,
653 4055 749 4108 ubi
786 4060 1166 4121 censerentur,
1203 4055 1388 4108 locum
1427 4054 1618 4108 datum
1649 4071 1769 4108 esse
1797 4054 1984 4108 Livius
2013 4056 2347 4124 scripserat3
2386 4055 2444 4107 id
2473 4055 2636 4122 quale

484 4138 680 4208 fuerit,
739 4158 768 4194 e
804 4140 999 4195 Dionis
1047 4139 1222 4194 Cassii
1276 4138 1530 4207 XXXVI,
1568 4142 1637 4192 42
1673 4157 1714 4192 s.
1754 4142 1819 4193 25
1855 4141 2203 4210 perspicitur.
2275 4140 2469 4208 Itaque
2514 4141 2641 4194 haec

486 4223 723 4280 efficitur
755 4224 961 4279 forma:
999 4226 1067 4279 in
1104 4230 1437 4294 quattuor
1472 4226 1767 4280 urbanas
1802 4226 2026 4281 tribus
2064 4225 2402 4294 descripti
2440 4232 2641 4280 erant

482 4309 817 4377 libertini,
854 4316 1110 4380 praeter
1147 4327 1278 4381 008,
1320 4313 1574 4380 quibus
1611 4311 1810 4364 filius
1847 4311 2282 4380 quinquenni
2308 4312 2520 4366 maior
2556 4329 2637 4365 ex

486 4414 554 4450 se
589 4403 787 4451 natus
824 4401 1030 4464 esset,
1068 4397 1222 4464 (eos,
1259 4397 1371 4451 ubi
1408 4398 1715 4467 proximo
1744 4396 1962 4450 lustro
1991 4396 2176 4451 censi
2206 4402 2454 4465 essent,
2495 4414 2636 4451 cen·

487 4482 627 4535 seri
662 4482 1063 4550 iusserunt),
1105 4488 1171 4537 et
1206 4499 1346 4551 008,
1384 4484 1501 4552 qui
1554 4509 1624 4520 —
1668 4482 2105 4548 haberent,**
2161 4482 2493 4537 censendi
2527 4483 2638 4538 ius

484 4563 744 4621 factum
782 4572 900 4621 est.
975 4566 1172 4634 (1864.)
