3230 5282
643 606 769 661 Lib.
808 605 904 660 111.
1400 610 1418 633 ⁶
1751 595 1834 656 84

647 784 704 857 9,
753 784 832 843 10
877 779 1385 862 coniunguntur:
1433 783 1754 864 tempus
1802 800 1889 845 ac
1930 779 2389 845 necessitas
2434 779 2659 862 belli)
2707 779 2934 845 eodem

649 887 877 953 ordine
944 888 1266 971 componi.
1389 887 1701 953 Mendum
1778 888 1996 971 arguit
2072 888 2271 953 etiam
2339 888 2686 971 singularis
2755 888 2934 953 verbi

645 1016 954 1062 numerus
1002 1016 1035 1059 e
1081 993 1221 1060 cod.
1268 995 1414 1060 Put.
1463 993 1801 1077 (Colbert.,
1867 994 2066 1077 Med.)
2112 997 2478 1077 restitutus,
2526 996 2639 1079 qui
2683 1017 2935 1062 accom-

647 1103 905 1170 modari
960 1102 1046 1168 ad
1087 1104 1232 1169 tria
1285 1104 1376 1169 sic
1433 1110 1815 1169 enumerata
1870 1109 1936 1169 et
1990 1103 2303 1188 copulata
2358 1126 2491 1170 non
2535 1110 2787 1189 potest,
2850 1103 2935 1169 ad

649 1211 779 1277 duo
846 1232 978 1277 una
1040 1212 1311 1278 notione
1379 1210 1850 1296 comprehensa
1915 1218 2156 1296 potest.
2271 1212 2494 1278 Livius
2552 1214 2932 1297 scripserat:

651 1318 830 1396 Quae
895 1320 1426 1386 immoderata
1479 1320 1744 1383 forsan
1801 1325 2111 1404 tempus
2169 1341 2258 1385 ac
2311 1322 2766 1387 necessitas
2822 1319 2935 1385 fe-

651 1429 891 1509 cerit,
960 1429 1066 1493 iis
1124 1435 1246 1494 cet.
1359 1426 1675 1494 Concedit
1730 1428 1816 1492 Μ.
1863 1428 2074 1494 Buteo
2121 1449 2227 1509 ea,
2297 1450 2442 1511 quae
2496 1451 2628 1496 non
2683 1428 2937 1513 probat,

648 1537 930 1602 fortasse
974 1542 1271 1620 tempore
1316 1557 1394 1602 ac
1438 1537 1833 1603 necessitate
1878 1535 2055 1602 facta
2098 1557 2262 1601 esse.
2344 1535 2674 1617 (Forsan
2717 1535 2937 1601 Livius

514 1649 620 1718 (69)
659 1646 857 1711 etiam
901 1645 1027 1725 III,
1084 1650 1194 1725 47,
1251 1650 1288 1710 5
1336 1645 1566 1711 eodem
1610 1646 1826 1726 modo,
1894 1667 2024 1729 quo
2073 1642 2300 1711 Cicero
2346 1642 2727 1726 forsitan,
2793 1666 2938 1709 cum

649 1753 940 1837 perfecto
989 1754 1382 1819 coniunctivi
1427 1754 1615 1837 ponit
1661 1754 1726 1817 in
1773 1752 2201 1819 coniectando
2252 1752 2331 1817 de
2375 1774 2446 1818 re
2480 1751 2936 1837 praeterita.)¹)

651 1861 881 1942 XXIV,
928 1865 1026 1942 20,
1075 1866 1111 1925 5
1159 1861 1505 1927 edebatur:
1568 1860 2148 1946 Compulteria,
2192 1860 2532 1941 Telesia,
2581 1859 2935 1944 Compsa,

651 1970 898 2052 Melae,
966 1969 1312 2034 Fulfulae
1379 1978 1457 2035 et
1522 1969 2066 2049 Orbitanium,
2145 1968 2405 2035 codices
2475 1968 2682 2051 (Put.,
2750 1968 2939 2048 Med„

653 2080 854 2144 etiam
909 2079 1121 2143 minus
1178 2077 1362 2160 boni)
1407 2077 1683 2143 habent:
1754 2074 2094 2161 Compsa
2149 2076 2362 2157 inde,
2418 2075 2812 2160 Fugifulae
2866 2084 2939 2141 et

654 2186 1206 2267 Orbitanium3
1289 2186 1368 2251 de
1447 2191 1630 2250 recta
1705 2184 2054 2250 verborum
2123 2183 2545 2251 distinctione
2612 2206 2729 2251 suo
2794 2184 2936 2250 loco

660 2295 930 2359 dicetur.
1040 2292 1281 2373 XXIV,
1349 2297 1460 2373 21,
1530 2297 1596 2357 3:
1680 2292 1967 2358 deinde
2043 2291 2466 2358 libertatis
2532 2294 2937 2359 restitutae

655 2401 889 2468 dulce
946 2399 1234 2465 auditu
1280 2421 1557 2466 nomen
1604 2401 1886 2466 crebro
1933 2408 2440 2485 usurpatum,
2499 2422 2682 2484 spes
2724 2399 2941 2465 facta

656 2532 745 2574 ex
789 2510 1140 2594 pecunia
1180 2509 1411 2592 regia
1454 2508 1936 2592 largitionis
1980 2509 2465 2593 militiaeque
2512 2507 2938 2591 fungendae

656 2616 1138 2703 potioribus
1207 2614 1549 2683 ducibus
1617 2622 1694 2683 et
1749 2616 2022 2684 relata
2078 2619 2413 2703 tyranni
2467 2615 2714 2683 foeda
2771 2636 2940 2683 sce·

656 2728 827 2791 lera
871 2725 1460 2810 foedioresque
1505 2725 1907 2791 libidines
1945 2726 2146 2791 adeo
2183 2732 2598 2792 mutavere
2632 2726 2938 2790 animos

659 2840 780 2900 cet.
891 2834 967 2899 In
1033 2855 1163 2898 uno
1223 2833 1350 2900 hoc
1411 2834 1628 2902 tertiae
1689 2832 1952 2899 decadis
2007 2833 2153 2899 loco
2207 2834 2455 2899 nullum
2511 2833 2596 2899 ad
2640 2834 2942 2899 vitiosam

660 2943 1181 3008 coniunctionem
1236 2941 1491 3008 accedit
1552 2941 1731 3006 aliud
1789 2941 2005 3007 mendi
2066 2941 2408 3023 indicium3
2474 2949 2592 3007 aut
2637 2946 2716 3006 et
2761 2962 2943 3026 spes

660 3057 776 3115 aut
821 3071 1172 3135 spesque
1218 3048 1723 3132 scribendum.²)
1823 3048 2052 3130 XXVI,
2100 3053 2198 3130 36,
2252 3054 2354 3113 11:
2413 3072 2556 3133 pro
2606 3070 2683 3115 se
2735 3050 2944 3133 quis·

660 3181 810 3244 que
890 3180 1199 3238 aurum,
1279 3164 1705 3242 argentum
1787 3164 1864 3222 et
1942 3178 2041 3222 aes
2124 3158 2201 3221 in
2283 3157 2695 3241 publicum
2763 3179 2944 3224 con·

718 3430 766 3496 ¹)
800 3427 996 3494 XXIV,
1037 3430 1116 3495 10,
1165 3431 1199 3481 9
1233 3415 1404 3483 rerba
1439 3429 1519 3482 sic
1556 3428 1949 3497 coniungenda
1986 3433 2140 3482 sunt:
2194 3428 2509 3497 nucem(‘?)
2557 3429 2624 3482 in
2671 3426 2948 3482 Sabinis

797 3513 1275 3581 publicamque
1311 3513 1504 3580 viam,
1540 3530 1794 3567 murum
1830 3531 1903 3568 ac
1939 3520 2214 3583 portam
2250 3512 2500 3567 Gabiis.

716 3597 765 3664 ²)
801 3596 932 3652 Non
982 3596 1272 3667 probanda
1325 3598 1384 3652 in
1440 3598 1547 3652 boc
1600 3598 1725 3652 loco
1770 3599 2222 3653 Weissenbornio
2276 3605 2396 3653 erat
2439 3596 2776 3652 Kindscheri
2818 3611 2950 3650 con·

798 3683 1013 3737 iectura
1076 3700 1143 3736 ex
1204 3683 1416 3737 duabus
1472 3682 1744 3748 Gronovii
1805 3687 1965 3751 nata,
2028 3684 2444 3752 tenendumque
2497 3701 2622 3737 cum
2676 3681 2955 3748 CreveriO,

799 3767 949 3836 quod
994 3784 1163 3837 supra
1204 3769 1392 3837 posui,
1447 3786 1480 3822 a
1524 3768 1647 3821 cod.
1685 3768 1808 3821 Put.
1847 3785 1959 3823 una
2005 3769 2194 3822 littera
2229 3767 2604 3837 (militiatq)
2642 3765 2952 3822 discedens.

799 3853 1056 3908 Potiores
1092 3853 1262 3908 duces
1299 3859 1445 3921 sunt,
1482 3871 1624 3922 quos
1657 3854 1849 3907 Livius
1888 3853 1920 3922 ξ
1963 3858 1986 3906 l
2026 3855 2205 3923 magis
2241 3855 2511 3924 impigros
2547 3853 2714 3919 dixit;
2761 3869 2955 3906 eorum

799 3937 1003 3993 fiducia
1054 3939 1412 4008 erigebantur
1462 3939 1701 3992 militum
1758 3940 1928 3994 animi
1975 3941 2269 3993 victoriam
2319 3940 2678 4009 praedamque
2724 3953 2953 4006 exspec-

801 4023 1057 4077 tantium.
1136 4024 1350 4092 Ipsum,
1396 4024 1545 4092 quod
1581 4025 1832 4094 additur,
1878 4025 2239 4093 fungendoe
2278 4024 2573 4079 confirmat
2606 4040 2799 4078 verum
2835 4039 2960 4076 esse

801 4108 1224 4176 potioribus3
1278 4126 1405 4163 nam
1464 4110 1510 4163 si
1566 4108 1852 4164 ducibus
1914 4110 2134 4163 dativus
2188 4115 2334 4164 esset
2380 4111 2557 4179 (spes
2599 4109 2786 4163 facta
2832 4107 2954 4162 du—

802 4193 993 4247 cibus
1036 4195 1333 4262 potioris
1376 4194 1698 4263 militiae),
1756 4197 2108 4268 omitteretur
2141 4195 2523 4264 fungendae.
2604 4193 2964 4262 Omninoque

803 4279 1183 4334 honoratioris
1227 4279 1724 4349 fructuosiorisque
1767 4280 1983 4335 militiae
2028 4282 2322 4350 promissio
2367 4281 2611 4350 pertinet
2647 4279 2717 4334 ad
2751 4279 2964 4332 milites

805 4364 1089 4434 gregarios
1135 4365 1308 4432 (velut
1340 4365 1569 4429 XXXII,
1617 4368 1708 4432 23,
1755 4368 1787 4418 9
1825 4367 1892 4419 ad
1931 4365 2110 4419 socios
2148 4367 2399 4433 navales,
2447 4367 2539 4434 qui
2575 4365 2814 4435 pedibus
2850 4364 2960 4417 sti·

805 4450 1012 4519 pendia
1045 4468 1254 4506 merere
1291 4448 1633 4521 cupiebant).
2755 4459 2758 4462 ·
