3230 5282
1513 618 1639 678 439
2400 631 2522 683 Lib.
2560 630 2731 684 XXX.

598 800 754 885 Cap.
803 807 904 882 40,
951 807 1025 865 4:
1084 802 1272 865 Tum
1331 807 1619 885 patere
1677 800 1899 866 facta
1955 802 2524 883 gratulatione
2570 823 2730 866 om-

425 911 560 974 nia
626 911 704 974 in
769 909 963 974 urbe
1034 909 1364 992 templa.
1479 908 1586 973 Sic
1658 916 1811 992 post
1867 908 2348 973 Alschefskium
2404 909 2730 974 Weissen-

424 1017 693 1082 bornius
739 1018 975 1096 edidit,
1037 1017 1222 1081 illato
1268 1017 1336 1081 in
1380 1017 1553 1081 hunc
1596 1038 1858 1099 quoque
1902 1017 2118 1080 locum
2164 1038 2364 1100 pravo
2410 1017 2727 1082 infinitivo

422 1124 769 1206 historico;
839 1124 1248 1208 significatur
1315 1126 1488 1189 enim
1554 1145 1660 1188 res
1721 1123 1923 1188 semel
1977 1125 2161 1189 iussu
2220 1125 2729 1207 magistratuum

422 1232 739 1316 perfecta.
852 1233 1225 1297 Gronovius
1273 1239 1340 1296 et
1383 1231 1995 1310 Drakenborchius‚
2057 1232 2319 1296 codices
2369 1254 2555 1312 suos,
2613 1235 2727 1316 qui

423 1340 490 1404 in
545 1340 671 1405 hac
729 1348 919 1424 parte
978 1341 1340 1405 deteriores
1398 1361 1625 1405 omnes
1684 1347 1902 1418 erant,
1970 1346 2038 1404 et
2094 1347 2347 1404 veteres
2407 1339 2727 1405 editiones

425 1469 647 1533 omnes
718 1451 928 1513 secuti
997 1456 1342 1531 patuere
1419 1448 1854 1530 scripserunt3
1924 1448 1990 1510 in
2065 1448 2329 1530 optimis
2387 1447 2725 1513 codicibus

422 1553 520 1638 (C,
566 1555 824 1637 Bamb.)
870 1555 1354 1640 paterfacta
1415 1562 1536 1619 est.
1640 1555 1876 1619 Veram
1933 1556 2361 1637 scripturam,
2408 1572 2563 1619 'una
2617 1556 2725 1621 lit-

420 1670 568 1728 tera
635 1663 719 1728 ab
778 1663 902 1727 hac
963 1663 1324 1727 distantem
1382 1661 1889 1744 (patefacta),
1961 1662 2342 1727 coniectura
2396 1671 2726 1746 repertam

421 1771 672 1835 habent
740 1771 999 1835 codices
1074 1770 1228 1834 Lov,
1292 1774 1327 1833 3
1388 1777 1455 1834 et
1511 1769 2027 1849 GoertnerianuS,
2096 1776 2237 1833 tum
2306 1771 2509 1836 editio
2567 1771 2727 1835 Fro-

422 1878 599 1944 benii
666 1899 723 1943 a.
798 1882 960 1942 1535
1040 1885 1108 1942 et
1172 1878 1432 1961 aliquot
1498 1898 1675 1941 eam.
1712 1883 1990 1956 secutae3
2070 1877 2362 1959 alioquin
2431 1877 2524 1959 (in
2594 1902 2723 1963 quo

422 1985 614 2051 haesit
668 1988 868 2051 etiam
914 1985 1486 2051 Weissenbornius
1533 1992 1599 2049 et
1644 1991 1798 2048 ante
1844 2005 1994 2048 eum
2041 1984 2430 2067 Gronovius)
2480 1988 2726 2070 templa

420 2094 863 2177 gratulatione
909 2095 1040 2158 iam
1086 2093 1266 2157 facta
1309 2091 1603 2176 patuisse
1651 2092 1976 2171 dicuntur,
2037 2113 2198 2175 quae,
2245 2099 2320 2157 ut
2361 2094 2723 2175 gratulatio

420 2201 640 2279 fieret,
699 2201 1037 2285 patefacta
1080 2222 1220 2266 esse
1267 2205 1780 2264 consentaneum
1827 2205 1947 2263 est.
2047 2196 2225 2279 (Cfr.,
2273 2221 2464 2281 quem
2510 2202 2724 2266 locum

421 2309 787 2375 Gronovius
824 2310 1154 2390 excitavit,
1193 2305 1523 2372 Ciceronis
1569 2329 1668 2389 ep.
1707 2307 1792 2372 ad
1827 2307 2006 2371 Fam.
2046 2305 2154 2385 XI,
2206 2313 2300 2386 18,
2329 2312 2396 2372 3:
2445 2330 2577 2390 gra
2598 2316 2724 2374 tu-

421 2418 746 2492 latione,
794 2438 1026 2500 quam
1073 2425 1207 2482 tuo
1253 2416 1568 2480 nomine
1615 2414 1711 2479 ad
1759 2416 2018 2478 omnia
2063 2415 2381 2479 deorum
2428 2417 2727 2500 templa

422 2524 814 2606 fecimus)
928 2523 1055 2588 Sed
1104 2522 1377 2587 offendit
1424 2522 1851 2602 Gronovium,
1911 2544 2031 2587 nec
2075 2524 2340 2603 iniuria,
2400 2524 2724 2590 ablativus

420 2632 831 2698 incommode
889 2640 957 2698 et
1014 2632 1248 2697 vitiose
1295 2631 1551 2714 positus
1599 2631 1666 2694 in
1713 2631 1837 2694 hac
1883 2632 2235 2715 scriptura:
2302 2632 2725 2715 patefacta

420 2741 995 2824 gratulatione
1042 2739 1381 2823 templa;
1442 2760 1666 2803 verum
1711 2740 1765 2803 is
1812 2738 2140 2803 ablativus
2185 2740 2327 2823 ipse
2376 2747 2561 2806 ortus
2609 2748 2725 2821 est,

421 2870 641 2931 quum,
701 2849 1017 2914 distracto
1064 2869 1262 2931 prave
1307 2846 1647 2924 vocabu10,
1693 2845 2095 2910 scriberetur
2142 2848 2430 2929 (pater)
2478 2847 2722 2913 facta.

423 2954 853 3020 Scribe-ndum
901 2963 1071 3020 erat:
1118 2955 1305 3018 Tum
1355 2954 1746 3034 patefacta
1791 2954 2300 3033 gratulationi
2347 2957 2610 3019 omnia
2648 2958 2724 3020 in

423 3064 619 3128 urbe
678 3063 1077 3147 templa.¹)
1192 3060 1253 3143 (ξ
1306 3065 1380 3124 13
1429 3061 1733 3140 eodem,
1802 3082 1952 3142 quo
2001 3060 2293 3140 adhuc,
2361 3062 2531 3126 iure
2577 3064 2717 3127 im·
2755 3081 2895 3151 (359)

421 3172 647 3253 perio
703 3173 769 3234 in
818 3170 895 3249 C,
953 3169 1218 3248 Bamb.‚
1276 3168 1452 3252 Lips.
1500 3174 1724 3251 potest
1779 3176 1990 3232 ortum
2052 3189 2196 3232 esse
2243 3190 2322 3232 ex
2367 3170 2540 3234 iure
2585 3171 2724 3233 im·

419 3279 659 3360 perii,
733 3279 908 3362 quod
968 3278 1214 3356 editur,
1283 3277 1398 3340 sed
1456 3282 1675 3360 potest
1730 3278 1929 3340 etiam
1987 3283 2064 3340 et
2119 3282 2272 3359 post
2328 3295 2360 3336 c
2407 3276 2725 3342 excidisse

420 3384 751 3470 fuisseque
801 3386 986 3450 olim:
1035 3387 1207 3450 iure
1257 3391 1335 3448 et
1378 3383 1841 3466 imperio.)2)

482 3639 528 3703 ¹)
564 3637 642 3691 Et
689 3638 795 3692 hoc
844 3640 967 3693 loco
1015 3643 1072 3691 et
1114 3638 1295 3706 magis
1344 3639 1516 3689 etiam
1564 3637 1623 3689 in
1669 3656 1714 3691 c.
1753 3640 1844 3704 30,
1895 3640 1961 3692 23
2006 3644 2280 3708 apparent
2315 3639 2374 3692 in
2411 3638 2541 3692 edit.
2581 3638 2722 3692 Fro-

561 3724 802 3778 beniana
857 3724 1096 3792 vestigia
1141 3723 1385 3776 adhibiti
1432 3720 1625 3790 [etiam
1671 3729 1804 3791 post
1847 3728 2016 3791 caput
2057 3726 2141 3790 16,
2198 3725 2297 3779 ubi
2341 3724 2620 3792 Spirensis
2671 3730 2725 3778 et

555 3802 810 3863 Rhenani
848 3814 1001 3863 notae
1040 3805 1342 3875 desinunt,]
1381 3808 1629 3861 melioris
1667 3808 1895 3862 codicis.

476 3894 530 3957 ²)
569 3894 697 3963 Cap.
737 3898 830 3961 41,
883 3898 906 3946 1
957 3894 1003 3947 si
1048 3894 1186 3945 boni
1235 3892 1457 3946 codices
1504 3891 1783 3946 haberent
1817 3893 2238 3961 praetoribus
2275 3911 2377 3961 pro
2415 3895 2725 3962 praetori,

560 3979 740 4031 simile
790 3983 937 4032 esset
983 3977 1365 4032 anacoluthon
1413 3978 1490 4044 ei,
1546 3977 1697 4045 quod
1746 3995 1788 4031 c.
1827 3981 1922 4044 40,
1979 3980 2010 4031 5
2058 3978 2285 4045 legitur3
2340 3979 2437 4031 sed
2473 3978 2723 4034 Alschef-

561 4064 712 4117 skius
749 4069 918 4117 tacet.
1003 4063 1132 4131 Cap.
1171 4065 1253 4129 42,
1300 4065 1332 4114 7
1369 4079 1586 4129 neque
1624 4063 1773 4130 ipse
1810 4080 2039 4131 pravum
2078 4068 2186 4129 est,
2236 4064 2499 4130 quoniam
2536 4064 2724 4118 Mace-

562 4149 736 4203 dones
796 4150 938 4204 nihil
991 4150 1206 4202 immite
1265 4151 1363 4200 aut
1414 4147 1721 4200 inclemens
1780 4146 2053 4200 dixerant.
2142 4147 2297 4215 [Cod.
2343 4148 2411 4201 B:
2472 4166 2728 4217 respon

659 4275 671 4287 .
739 4243 1133 4303 responsum
1216 4234 1563 4295 tulerunt,
1649 4231 1847 4285 mediis
1910 4232 2134 4296 deletis;
2210 4232 2372 4287 codd.
2437 4250 2611 4299 recc.‚
2680 4233 2728 4285 si

561 4320 790 4374 silentio
837 4319 998 4374 fides:
1066 4318 1574 4388 responderent
1635 4317 1765 4385 ipsi
1822 4323 1983 4370 ante
2029 4334 2441 4386 responsum.
2544 4317 2724 4370 Mani·

561 4404 704 4458 festa
761 4410 845 4459 est
898 4406 1122 4469 lacuna,
1190 4406 1271 4457 sic
1333 4403 1447 4455 sere
1511 4402 1812 4470 explenda:
1866 4430 1935 4438 --
1986 4402 2515 4471 responderent,
2588 4401 2729 4469 ipsi

561 4507 698 4544 non
736 4507 987 4558 anceps
1025 4505 1436 4564 responsum
1473 4485 1830 4555 tulerunt]
