3230 5282
1790 636 1871 697 24

671 821 899 904 modi,
934 842 1079 906 quae
1121 828 1380 888 tantum
1425 842 1628 887 unum
1675 829 1743 887 et
1787 822 2087 900 alterum,
2146 827 2223 886 ut
2268 821 2664 906 comparatis
2711 822 2978 886 diversae

675 934 903 1017 stirpis
970 928 1310 998 codicibus
1367 951 1553 996 error
1606 937 1947 1015 appareat.
2059 929 2295 995 Libere
2338 931 2560 1014 igitur,
2619 930 2736 996 sed
2790 937 2977 996 caute

672 1048 744 1107 et
785 1043 870 1107 ad
913 1063 1135 1107 rerum
1182 1041 1784 1122 sententiarumque
1830 1039 2370 1124 probabilitatem
2415 1046 2482 1105 et
2531 1039 2617 1104 ad
2662 1040 2977 1105 orationis¹

672 1150 884 1236 legem
950 1170 1273 1234 usumque
1317 1149 1483 1214 Livii
1551 1147 1870 1232 exigenda
1915 1153 2071 1214 sunt
2117 1148 2336 1225 etiam,
2384 1168 2528 1229 quae
2574 1148 2976 1213 testimonio-

670 1281 818 1325 rum
866 1280 1189 1325 consensu
1234 1259 1302 1322 in
1350 1257 1576 1327 codice
1623 1257 1982 1341 archetypo
2028 1256 2232 1322 fuisse
2280 1262 2787 1339 cognoscuntur,
2843 1277 2976 1320 om-

670 1369 903 1451 nisque
950 1390 1029 1433 ex
1074 1368 1199 1432 hac
1242 1387 1315 1431 re
1359 1365 1654 1431 tollenda
1699 1365 2105 1449 superstitio,
2151 1365 2352 1430 etiam
2396 1364 2513 1429 ubi
2560 1365 2642 1429 ad
2680 1364 2974 1430 codicum

670 1498 1061 1543 consensum
1130 1475 1390 1541 accedit
1447 1475 1514 1538 in
1570 1495 1678 1552 eo,
1748 1474 1926 1557 quod
1991 1474 2300 1539 vitiosum
2364 1474 2659 1538 iudicare
2727 1493 2976 1556 cogare,

670 1586 850 1651 laevis
911 1584 1213 1670 quaedam
1270 1582 1495 1648 formae
1541 1583 1813 1667 species.
1839 1580 1897 1663 ¹)
2011 1582 2111 1647 Ad
2168 1581 2413 1646 codicis
2473 1586 2695 1646 autem
2751 1580 2976 1646 arche-

668 1688 837 1779 typi
878 1693 1273 1777 scripturam
1341 1691 1859 1774 cognoscendam
1927 1690 2235 1775 quoniam
2304 1690 2682 1774 pervenitur
2736 1711 2977 1768 eorum,

666 1803 785 1887 qui
840 1823 919 1868 ex
977 1822 1053 1866 eo
1108 1799 1383 1865 derivati
1438 1806 1619 1879 sunt,
1676 1801 2192 1884 comparatione,
2251 1798 2332 1863 de
2375 1798 2479 1863 his
2524 1819 2787 1883 quoque
2832 1798 2978 1863 bre-

668 1912 837 1976 viter
894 1917 962 1975 et
1017 1909 1104 1973 ad
1161 1916 1455 1974 nostrum
1513 1909 1860 1974 consilium
1917 1907 2412 1973 accommodate
2457 1907 2760 1991 quaedam
2804 1906 2977 1972 dice-

668 2041 834 2084 111116.
924 2018 1173 2083 Eorum
1218 2016 1749 2101 praestantissimi
1795 2016 2086 2080 omnium
2133 2034 2455 2080 consensu
2503 2020 2661 2079 sunt
2704 2014 2978 2080 Vorma-

666 2127 897 2192 tiensis
955 2123 1665 2207 (Borbetomagensis),
1735 2145 1866 2208 quo
1922 2123 1995 2187 B.
2043 2121 2401 2187 Rhenanus
2457 2124 2524 2187 in
2578 2144 2693 2188 sex
2750 2125 2978 2207 primis

665 2234 853 2299 libris
910 2231 1140 2314 (ceteri
1196 2231 1369 2296 enim
1426 2229 1713 2297 defuisse
1756 2231 2089 2312 videntur)
2136 2253 2296 2296 usus
2343 2230 2545 2312 est²)‚
2611 2231 2725 2296 sed
2773 2232 2979 2316 scrip-

666 2350 853 2408 turas
898 2341 1077 2405 illius
1123 2340 1339 2405 aetatis
1384 2360 1565 2403 more
1609 2344 1872 2404 tantum
1919 2339 2200 2422 carptim
2245 2338 2575 2419 indicavit,
2638 2339 2978 2406 Mediceus

670 2450 939 2531 (saeculi,
999 2453 1074 2512 ut
1119 2445 1424 2525 traditur,
1472 2446 1612 2527 XI),
1659 2448 1846 2510 cuius
1894 2469 2094 2531 quum
2138 2447 2188 2511 I.
2235 2446 2305 2512 F.
2355 2447 2722 2513 Gronovius
2768 2450 2833 2513 in
2881 2449 2978 2514 al-

668 2566 818 2624 tera
884 2557 1172 2622 editione
1240 2555 1568 2637 excerptis
1634 2575 1794 2619 usus
1861 2562 2064 2636 esset,
2134 2554 2714 2621 Drakenborchius
2769 2556 2979 2641 (apud

668 2688 863 2753 quem
918 2662 1336 2731 Florentinus
1406 2660 1807 2748 appellatur)
1876 2663 2227 2730 collatione
2283 2686 2325 2729 a
2385 2663 2672 2732 Salvinio
2740 2687 2974 2749 parum

520 2788 634 2857 (23)
674 2776 867 2860 plene
933 2775 1276 2858 periteque
1341 2771 1546 2853 facta,
1624 2770 2075 2838 Alschefskius
2139 2771 2400 2857 plenius
2468 2773 2978 2859 diligentiusque

665 2882 972 2962 contulit,
1038 2880 1429 2947 Parisiensis
1485 2879 1575 2963 (n.
1625 2884 1821 2960 5725,
1892 2879 2366 2961 Colbertinus)‚
2434 2881 2517 2946 ab
2578 2882 2806 2948 eodem
2861 2883 2976 2947 Al·-

665 2989 991 3056 schefskio
1028 2991 1307 3074 primum
1343 2987 1702 3069 adhibitus,
1749 2988 1982 3074 hisque
2017 2988 2218 3073 paulo
2252 2988 2593 3055 inferiores
2627 2991 2980 3057 Leidensis

662 3101 846 3183 prior
891 3106 958 3164 et
990 3097 1386 3163 Harleianus
1431 3099 1628 3180 prior,
1677 3119 1956 3180 quorum
1993 3098 2357 3180 scripturas
2390 3097 2972 3165 Drakenborchius

661 3208 978 3291 vulgavit,
1042 3205 1384 3272 Harleiani
1450 3205 1717 3288 quidem
1761 3190 1855 3271 'ab
1915 3206 2046 3271 alio
2105 3211 2481 3290 excerptas;
2546 3206 2971 3292 reliquorum,

662 3316 743 3382 de
800 3317 1043 3400 quibus
1098 3315 1364 3399 quidem
1413 3318 1724 3378 accurate
1769 3319 1837 3377 et
1880 3312 2071 3397 plene
2117 3313 2437 3378 traditum
2483 3321 2613 3394 est,
2669 3314 2978 3381 Draken-'

659 3424 1055 3490 borchianos
1111 3422 1258 3488 dico
1317 3420 1471 3501 (etsi
1528 3428 1595 3485 et
1640 3421 1917 3485 omissas
1962 3422 2283 3505 quasdam
2329 3443 2554 3487 eorum
2601 3424 2971 3507 scripturas

658 3553 780 3597 nec
846 3534 913 3596 in
970 3530 1211 3596 ceteris
1266 3528 1636 3593 indicandis
1695 3549 1981 3593 errorem
2039 3550 2297 3595 omnem
2351 3529 2583 3595 abesse
2643 3532 2965 3616 suspicari

716 3750 761 3816 ¹)
802 3747 976 3818 [Nihil
1020 3748 1091 3802 ad
1133 3750 1246 3804 hoc
1293 3747 1695 3804 declarandum
1740 3747 2016 3802 illustrius
2053 3768 2220 3819 quam
2256 3750 2523 3804 mendum
2558 3769 2708 3806 nuno
2745 3771 2775 3807 6
2813 3753 2966 3807 libro

732 3853 735 3854 ⁷
793 3835 895 3901 IV,
939 3837 1034 3902 24,
1087 3837 1120 3889 2
1157 3835 1456 3890 sublatum.
1545 3834 1803 3889 Summus
1857 3839 1947 3889 est
1998 3836 2146 3890 enim
2181 3836 2444 3889 codicum
2479 3854 2805 3900 consensus,
2857 3854 2965 3892 1166

797 3919 1099 3988 quidquam
1169 3922 1415 3975 minimae
1470 3921 1528 3974 in
1584 3920 1838 3975 oratione
1892 3927 1989 3974 aut
2042 3922 2321 3976 sententia
2374 3921 2701 3977 offensionis
2753 3928 2967 3992 praeter

794 4022 964 4059 unam
999 4006 1157 4058 illam
1195 3992 1684 4075 gravissimam'in
1720 4007 2263 4061 communicatus
2302 4023 2438 4059 sum
2465 4025 2569 4076 pro
2601 4009 2963 4078 communi·

796 4091 963 4145 cavi.
1050 4090 1296 4160 Reperta
1346 4091 1635 4145 lenissima
1688 4092 2049 4146 correctione
2102 4098 2158 4147 et
2209 4092 2418 4145 erroris
2471 4110 2638 4147 causa
2690 4094 2750 4147 in
2801 4094 2961 4147 verbi

795 4175 1015 4229 rariore
1061 4173 1240 4231 forma
1294 4176 1539 4244 (sirint)
1592 4175 1666 4230 ad
1709 4178 2181 4244 permutationem
2220 4175 2368 4244 (cum
2406 4177 2565 4246 sint)
2610 4177 2781 4246 facili,
2829 4179 2959 4247 quis

794 4260 1057 4315 dubitare
1093 4260 1348 4331 potestPJ

709 4345 759 4414 ²)
798 4344 1032 4416 [Ultima
1063 4345 1321 4402 Rhenani
1358 4348 1652 4402 adnotatio
1688 4348 1758 4403 ad
1795 4346 1887 4414 VI,
1924 4347 1990 4398 28
2026 4344 2311 4417 adscripta
2346 4353 2445 4403 est.
2511 4346 2729 4402 Eodem
2763 4353 2957 4402 tamen

792 4430 988 4486 codice
1024 4431 1081 4485 16
1128 4433 1286 4487 libris
1323 4432 1549 4486 VII—X
1593 4432 1885 4487 Gelenium
1932 4430 2168 4486 subinde
2212 4445 2377 4486 usum
2426 4448 2563 4500 esse,
2612 4450 2727 4487 non
2761 4438 2958 4502 potest

684 4533 695 4540 ·
724 4571 727 4574 .
788 4501 1084 4585 praefracto
1119 4519 1332 4587 negari,
1370 4519 1479 4573 etsi
1511 4522 1685 4587 negat
1717 4516 2211 4571 Drakenborchius
2247 4519 2354 4572 vol
2385 4518 2490 4571 VII
2523 4535 2575 4587 p
2604 4516 2846 4586 XXXV]
2927 4556 2934 4564 .
