3230 5282
582 621 707 678 Lib.
745 621 842 676 111.
1687 609 1769 671 94

583 792 859 860 vocati
924 815 1077 859 non
1145 798 1433 859 co‘eant
1497 793 1573 858 in
1642 797 2044 873 senatum,
2111 793 2226 859 sic
2287 792 2518 877 plebs
2575 792 2874 859 abnuat

584 902 997 967 dilectum.
1080 901 1157 967 In
1200 901 1366 967 illis:
1412 902 1565 966 iam
1612 907 1857 985 caput
1900 900 2095 966 fieri
2141 900 2611 967 libertatem
2652 922 2872 986 repe—

582 1011 926 1076 tentium
990 1031 1190 1089 unu8‚
1258 1009 1437 1094 quod
1502 1010 1739 1090 sciam,
1808 1007 2109 1093 Sigonius
2163 1009 2385 1091 haesit,
2452 1029 2595 1093 quae
2649 1009 2876 1075 multis

582 1118 790 1184 modis
855 1118 1093 1184 vitiosa
1160 1123 1330 1183 sunt.
1451 1117 1620 1182 Nam
1685 1138 1899 1201 neque
1964 1117 2081 1182 ulli
2150 1123 2336 1183 erant
2400 1117 2871 1183 libertatem

579 1232 1083 1311 repetentes,
1140 1225 1442 1291 omnibus
1497 1224 1820 1291 hactenus
1864 1225 2278 1312 torpentibus
2323 1231 2389 1291 et
2432 1226 2634 1291 tacite
2677 1224 2876 1291 liber-

447 1341 552 1409 (78)
590 1340 800 1401 tatem.
849 1334 1376 1400 desiderantibus
1430 1339 1549 1398 aut
1591 1332 1769 1398 inani
1816 1353 2141 1414 sermone,
2206 1354 2325 1399 nec
2371 1335 2582 1416 magis
2628 1340 2874 1418 caput

584 1444 1164 1527 repetentium,
1232 1441 1411 1525 quod
1455 1440 1537 1506 de
1582 1440 1748 1506 duce
1791 1440 2228 1525 intellegitur,
2294 1449 2627 1525 repertum
2668 1441 2874 1507 ullum

584 1556 743 1633 erat,
790 1550 1025 1634 (neque
1071 1552 1241 1615 enim
1286 1555 1552 1615 senatus
1596 1550 1933 1615 universus
1979 1554 2226 1633 caput
2267 1551 2701 1634 repetentium
2745 1550 2873 1614 dici

583 1659 717 1724 ullo
788 1657 979 1724 modo
1035 1662 1329 1742 poterat,
1397 1677 1542 1740 quae
1600 1656 1960 1742 appellatio
2014 1657 2101 1722 ad
2161 1679 2360 1722 unum
2421 1657 2703 1741 aliquem
2756 1657 2870 1723 ho·

582 1768 819 1833 minem
864 1768 1179 1853 pertinet,
1246 1771 1321 1831 ut
1387 1773 1584 1849 caput
1641 1766 1937 1849 capitave
1994 1766 2463 1831 coniurationis
2520 1764 2872 1847 dicuntur),

580 1898 700 1941 nec
747 1882 994 1960 caput
1039 1881 1153 1940 aut
1199 1873 1329 1939 dux
1373 1872 1489 1937 fit.
1567 1872 1775 1939 Breve
1817 1872 2073 1938 faciam.
2139 1871 2444 1940 Nondum
2489 1873 2570 1939 de
2613 1874 2876 1939 homine

582 1986 829 2068 agitur,
899 1983 1015 2049 sed
1087 1982 1166 2048 de
1225 1983 1319 2047 rei
1377 1982 1646 2065 agendae
1700 1983 1889 2048 initio
1947 2001 2025 2045 ac
2083 2002 2218 2065 spe.
2329 1982 2558 2064 Itaque
2615 1989 2868 2065 partem

582 2093 872 2176 aliquam
916 2091 1052 2156 veri
1099 2089 1405 2173 Sigonius
1450 2088 1650 2169 vidit,
1706 2090 1820 2174 qui
1868 2088 2065 2155 scribi
2109 2090 2347 2155 voluit:
2416 2090 2573 2154 iam
2630 2096 2875 2173 caput

581 2199 771 2264 fieri
848 2198 1281 2264 libertatis
1347 2197 1822 2281 repetendae
1890 2196 2203 2278 (debebat
2269 2197 2504 2263 saltem
2568 2198 2872 2281 propius:

581 2307 1059 2372 libertatem
1102 2302 1592 2389 repetendi);
1653 2326 1840 2370 suam
1886 2305 2075 2385 enim,
2134 2306 2384 2389 opinor,
2433 2306 2871 2371 coniecturam

580 2416 784 2480 veteri
826 2414 996 2479 libro
1040 2412 1290 2477 tribuit.
1397 2410 1525 2477 Sed
1585 2419 1830 2497 caput
1886 2413 1968 2478 de
2024 2414 2213 2478 initio
2258 2415 2356 2478 rei
2403 2414 2670 2497 agendae
2711 2435 2873 2477 nun-

583 2544 777 2608 quam
803 2522 1045 2587 dicitur
1067 2521 1222 2586 etin
1244 2521 1789 2605 repetentium
1822 2518 1971 2605 plus
2003 2518 2169 2586 latet
2200 2542 2398 2605 quam
2427 2520 2872 2605 repetendi.

584 2630 953 2717 Scripserat
998 2629 1247 2695 Livius:
1305 2629 1457 2695 iam
1503 2628 1875 2711 patefieri
1920 2629 2399 2696 libertatem
2443 2628 2871 2714 repetendi

583 2740 791 2820 ulan,
839 2740 905 2804 si
952 2760 1032 2804 se
1075 2736 1307 2821 plebs
1356 2743 1476 2802 cet.
1575 2738 2115 2821 Antiquissimum
2158 2736 2463 2803 mendum
2506 2737 2872 2803 coalescen-

579 2847 759 2913 tibus
824 2846 1037 2911 verbis
1089 2844 1742 2929 repetendiuiam
1798 2852 2056 2926 natum,
2124 2846 2359 2912 deinde
2412 2844 2872 2930 interpolando

582 2954 985 3020 occultatum
1030 2952 1223 3036 est.¹)

751 3060 904 3147 Cap.
966 3065 1076 3142 39,
1147 3067 1182 3126 5
1249 3085 1379 3129 non
1437 3082 1757 3146 exponam
1823 3059 2156 3145 pluribus,
2225 3061 2383 3145 quid
2451 3061 2538 3126 sit
2606 3062 2747 3126 vitii
2804 3061 2871 3125 in

579 3171 793 3237 verbis
838 3172 914 3236 in
961 3192 1146 3254 rege
1192 3176 1353 3235 tum
1397 3170 1679 3235 eodem.
1769 3167 1936 3233 Nam
1980 3189 2189 3251 neque
2233 3190 2370 3234 rex
2414 3168 2622 3234 idem
2664 3190 2872 3253 neque

580 3287 744 3345 tum
803 3277 1013 3343 idem
1058 3275 1330 3343 ferenda
1375 3284 1558 3359 sunt3
1628 3284 1697 3343 et
1752 3278 1969 3360 ipsum
2026 3282 2191 3341 tum
2236 3278 2530 3361 ineptum
2575 3282 2678 3343 est
2720 3282 2873 3361 post

582 3388 881 3471 superius
934 3384 1124 3450 illud:
1193 3385 1352 3450 Nec
1405 3386 1749 3450 nominis
1805 3383 2167 3449 homines
2212 3389 2372 3449 tum
2418 3391 2871 3469 pertaesum3

581 3494 663 3559 ab
707 3493 835 3559 hoc
877 3493 1021 3558 loco
1067 3493 1382 3580 temporis
1427 3494 1608 3558 notio
1656 3492 1870 3558 aliena
1913 3498 2033 3558 est.
2136 3490 2566 3557 Scribendum
2613 3493 2869 3577 opinor:

637 3714 682 3781 ¹)
722 3714 852 3783 Cap.
892 3716 982 3782 39,
1028 3716 1063 3766 4
1098 3713 1246 3781 quod
1292 3712 1677 3782 disputaturus
1724 3730 1900 3781 eram,
1945 3712 2333 3782 appellatos
2377 3712 2525 3766 mala
2567 3730 2737 3767 manu
2780 3711 2873 3766 ad·

719 3800 899 3854 ditum
954 3814 1100 3866 esse,
1160 3798 1617 3854 Weissenbornio
1672 3799 1731 3853 in
1783 3801 2029 3852 mentem
2080 3797 2300 3852 venisse
2350 3797 2532 3853 video.
2628 3797 2873 3851 Auditur

718 3883 1074 3955 appellari.
1166 3883 1383 3939 Praeter
1436 3883 1711 3937 rationem
1765 3883 2186 3953 grammaticam
2238 3883 2608 3939 necessariam
2650 3882 2738 3950 (—
2782 3882 2874 3936 de-

716 3971 888 4024 bebat
932 3970 1081 4023 enim
1126 3968 1261 4023 dici:
1318 3986 1445 4037 quo
1492 3966 1818 4023 Romulus
1873 3969 2333 4039 deincepsque
2387 3986 2591 4039 reges
2637 3968 2868 4039 appel-

716 4055 849 4108 lati
897 4056 1034 4109 sint
1081 4053 1167 4122 —)
1205 4052 1501 4108 manifesto
1558 4054 2054 4124 interpolationem
2099 4053 2380 4109 sententia
2423 4056 2636 4124 arguit;
2686 4071 2869 4123 neque

716 4140 864 4193 enim
922 4139 992 4193 ad
1043 4157 1160 4193 rem
1215 4140 1490 4208 pertinet,
1542 4156 1706 4209 reges
1761 4144 1905 4207 tum,
1960 4156 2130 4208 quum
2175 4144 2387 4208 essent,
2441 4141 2601 4210 regio
2646 4140 2872 4195 nomine

718 4225 1028 4294 appellatos
1082 4242 1226 4292 esse,
1283 4224 1384 4280 sed
1427 4230 1491 4278 ut
1536 4225 1890 4292 ostendatur,
1943 4242 2061 4280 non
2109 4224 2285 4294 ipsius
2328 4225 2570 4280 nominis
2613 4224 2871 4279 homines

718 4313 1021 4378 pertaesum
1070 4327 1215 4378 esse,
1269 4310 1715 4379 demonstratur,
1768 4328 1918 4365 nunc
1964 4327 2183 4379 quoque
2229 4314 2287 4365 et
2330 4311 2391 4364 in
2434 4310 2582 4366 Iovis
2628 4310 2869 4380 appella·

717 4395 870 4448 tione
938 4399 995 4448 et
1048 4395 1109 4449 in
1150 4394 1372 4449 Romuli
1425 4398 1847 4465 ceterorumque
1901 4410 2097 4465 regum
2150 4395 2438 4451 mentione
2491 4402 2548 4451 et
2594 4396 2651 4450 in
2695 4395 2873 4450 sacris

719 4480 952 4535 retineri
989 4496 1194 4534 nomen
1228 4483 1496 4548 tanquam
1530 4479 1918 4536 honorificum.
