3230 5282
1488 496 1610 556 497
2291 505 2411 559 Lib.
2453 505 2697 559 xxxlv.

383 681 695 761 coniungi
756 689 989 745 vetus
1037 684 1293 764 regia,
1362 683 1551 765 quasi
1597 683 1728 745 sint
1774 681 1951 762 leges
1999 681 2193 762 regiae
2243 701 2370 743 non
2415 685 2698 756 veteres3

388 796 711 864 vetustaS‚
783 810 989 871 eaque
1048 811 1337 867 summa,
1406 789 1685 853 indicari
1743 787 1939 851 debet
2000 786 2139 850 solo
2186 787 2378 868 regiae
2426 793 2542 849 aut
2589 786 2698 849 de-

382 895 756 959 cemviralis
806 896 966 978 legis
1013 898 1295 961 nomine.
1390 895 1600 960 Scribi
1648 896 1849 977 igitur
1886 895 2165 977 primum
2206 892 2433 957 debet:
2492 928 2576 937 —-
2610 915 2699 956 ex

391 1011 579 1066 utro
665 1003 991 1067 tandem
1060 1025 1360 1086 genere
1429 1024 1517 1067 ea
1584 1003 1712 1067 lex
1780 1023 1958 1066 esse
2027 1000 2384 1077 videtur,
2467 1022 2697 1082 quam

391 1110 935 1193 abrogamus?
1019 1130 1228 1187 qnam
1304 1110 1589 1174 vetus?
1673 1110 1923 1190 Regia
1990 1107 2143 1180 lex,
2225 1108 2463 1171 simul
2531 1128 2700 1172 cum

394 1219 570 1300 ipsa
619 1217 813 1282 urbe
862 1226 1050 1282 nata
1098 1226 1272 1296 aut,
1322 1217 1530 1300 quod
1577 1216 2007 1281 secundum
2055 1222 2206 1294 est,
2256 1215 2353 1279 ab
2402 1214 2701 1279 decem-

394 1325 591 1388 viris
639 1331 760 1389 cet.
853 1325 1107 1390 Ironice
1153 1325 1611 1409 respondetur.
1706 1323 1833 1389 Sed
1880 1324 2401 1388 emendationem
2449 1323 2541 1386 ita
2588 1323 2702 1386 ab·

394 1431 680 1496 solutam
728 1454 857 1496 non
906 1433 1136 1510 cred03
1201 1454 1351 1497 nam
1400 1438 1465 1497 et
1511 1433 1576 1495 in
1624 1431 2079 1514 respondendo
2125 1430 2418 1495 abundat
2462 1430 2590 1494 lex
2636 1436 2703 1493 et

386 1539 815 1604 desideratur
877 1562 997 1604 vox
1042 1541 1320 1605 ironiam
1367 1547 1601 1605 notans
1651 1539 1947 1621 (Regia,
2006 1537 2248 1603 credo
2297 1537 2470 1618 cet.).
2573 1539 2701 1601 Ita-

391 1667 522 1727 que
569 1646 816 1710 Livium
863 1648 1204 1729 scripsisse
1252 1648 1512 1729 opinor:
1575 1647 1824 1729 Regia
1871 1644 2198 1723 scincet,
2249 1644 2484 1709 simul
2531 1666 2695 1709 cum
2732 1662 2871 1727 (398)

399 1754 581 1835 ipsa
660 1753 854 1821 urbe
935 1761 1125 1818 nata
1202 1761 1321 1818 cet.
1449 1752 1835 1836 [Seyffertus
1913 1753 2374 1834 interrogative
2442 1752 2699 1835 accipit,

401 1860 750 1942 Regiane
818 1862 948 1926 lex
1018 1860 1363 1942 scribens]
1475 1861 1682 1925 Paulo
1743 1867 1893 1942 post
1952 1859 2011 1940 (ξ
2076 1859 2212 1939 10),
2281 1860 2392 1923 ubi
2450 1859 2695 1924 editur:

399 1966 593 2030 Nam
662 1970 727 2031 si
799 1970 956 2032 ista
1025 1970 1155 2033 lex
1224 1968 1411 2033 ideo
1481 1967 1651 2031 lata
1731 1975 1963 2031 es'set.
2019 1975 2172 2044 cet,
2243 1969 2556 2050 quoniam
2636 1976 2700 2031 et

399 2075 451 2136 B
524 2083 591 2138 et
667 2076 964 2159 vulgares
1042 2076 1296 2141 codices
1377 2073 2012 2155 (Drakenborchiani
2092 2081 2372 2157 septem,
2451 2082 2701 2139 cetero-

398 2204 545 2245 rum
601 2184 896 2266 vestigiis
953 2183 1124 2247 idem
1186 2182 1729 2266 significantibus)
1794 2180 2067 2246 habent:
2138 2181 2331 2245 Nam
2398 2184 2467 2246 si
2533 2184 2700 2247 ista

401 2291 527 2354 lex
586 2298 721 2355 aut
776 2290 954 2355 ideo
1012 2291 1181 2354 lata
1240 2300 1454 2355 esset
1511 2297 1669 2367 cet.,
1738 2289 1961 2353 Livius
2019 2290 2357 2371 scripsisse
2413 2289 2700 2354 videtur:

401 2397 587 2461 Nan}
667 2401 730 2462 si
813 2400 980 2462 ista
1048 2398 1179 2461 lex
1259 2407 1399 2461 aut
1476 2396 1792 2472 antiqua
1872 2402 1993 2457 ant
2073 2396 2254 2462 ideo
2334 2398 2504 2462 lata
2583 2419 2703 2462 es-

405 2516 522 2570 set
594 2515 715 2571 cet.
831 2506 1109 2569 Inferius
1170 2503 1228 2585 (§
1296 2506 1429 2584 15),
1504 2505 1615 2568 ubi
1680 2504 2021 2568 scribitur:
2091 2504 2272 2569 Tali
2330 2513 2702 2587 tempore

400 2617 478 2678 in
560 2614 882 2679 luxuria
962 2621 1041 2678 et
1122 2622 1412 2677 ornatu
1496 2619 1876 2678 matronae
1948 2622 2367 2695 occupatae
2434 2620 2704 2689 erant,

407 2731 487 2787 ut
545 2723 639 2786 ad
699 2744 863 2786 eam
911 2720 1444 2786 coercendam
1501 2720 1627 2784 lex
1673 2719 1933 2803 Oppia
1990 2719 2470 2784 desiderata
2528 2721 2703 2796 sits),

405 2833 468 2894 in
512 2830 734 2894 codice
771 2829 1236 2911 Bambergensi
1279 2831 1531 2892 inverso
1569 2826 1796 2891 ordine
1834 2834 1934 2891 est
1967 2825 2223 2909 Oppia
2258 2827 2413 2904 lex;
2453 2826 2703 2903 vellem,

405 2939 646 3002 omisso
693 2938 970 3013 nomine,
1029 2935 1453 3001 scriberetur:
1503 2940 1584 2998 ut
1632 2934 1724 2997 ad
1785 2955 1948 2997 eam
2006 2933 2532 2998 coercendam
2580 2933 2705 2997 lex

400 3045 878 3109 desiderata
955 3045 1104 3107 sit?
1216 3043 1449 3107 Melior
1516 3042 1687 3105 enim
1754 3042 1939 3105 fieret
2006 3042 2360 3117 sententia,
2440 3042 2705 3106 notione

407 3151 696 3234 generali
742 3153 975 3234 posita.

581 3258 738 3342 Cap.
791 3264 857 3338 7,
916 3263 950 3319 2
1002 3265 1067 3321 et
1115 3262 1179 3320 3:
1249 3256 1373 3320 hic
1420 3257 1675 3322 Romae
1736 3256 2016 3319 infimo
2075 3257 2384 3338 generi,
2455 3259 2707 3340 magi-

406 3369 602 3431 stris
675 3368 1066 3444 vicorum,
1134 3373 1337 3446 togae
1407 3371 1815 3447 praetextae
1883 3362 2280 3427 habendae‘
2339 3365 2462 3427 ius
2531 3386 2709 3447 per-

412 3476 841 3551 mittimus,
908 3494 1048 3536 nec
1118 3477 1200 3535 ut
1271 3471 1423 3534 vivi
1494 3471 1753 3536 solum
1810 3470 2164 3535 habeant
2220 3477 2530 3535 tantum
2591 3473 2709 3536 in-

410 3585 672 3665 signe,
754 3581 890 3645 sed
971 3581 1216 3643 etiam
1297 3586 1379 3642 ut
1457 3598 1628 3642 cum
1707 3599 1793 3643 eo
1863 3586 2320 3643 crementur
2389 3580 2708 3643 mortui.

413 3690 555 3752 Non
614 3695 833 3771 potest
889 3694 1199 3751 tantum
1259 3707 1376 3768 pro
1434 3685 1754 3749 adiectivo
1802 3706 1975 3764 esse;
2045 3708 2195 3750 nam
2242 3707 2453 3769 neque
2501 3707 2710 3769 mag-

411 3817 586 3860 num
654 3797 967 3878 insigne
1036 3815 1153 3877 pro
1222 3791 1577 3857 honorifico
1639 3797 1704 3856 et
1759 3791 2103 3876 splendido
2163 3792 2404 3858 dicitur
2463 3802 2528 3857 et
2585 3794 2710 3858 Va-

409 3903 614 3968 lerius
661 3903 727 3966 id
774 3905 987 3985 ipsum
1033 3892 1356 3983 disputat,
1424 3920 1764 3964 commune
1824 3907 1889 3964 et
1945 3900 2211 3980 vulgare
2258 3902 2510 3982 insigne
2559 3923 2711 3984 pur-

414 4032 595 4093 purae
639 4031 801 4075 esse.
905 4010 1134 4089 Itaque
1182 4028 1450 4089 prorsus
1497 4008 1892 4070 coniunctim
1948 4028 2079 4071 una
2126 4009 2512 4091 interposita
2558 4028 2712 4071 voce

417 4118 658 4180 dicitur
735 4138 876 4179 nec
956 4115 1205 4180 solum
1289 4121 1600 4178 tantum
1672 4136 1790 4196 pro
1859 4135 2000 4179 nec
2069 4115 2323 4178 solum
2393 4123 2505 4179 aut
2575 4137 2713 4179 nec

418 4231 750 4302 tantum,
814 4224 988 4305 quod
1034 4246 1072 4286 a
1119 4221 1457 4286 Perizonio
1504 4228 1620 4284 aut
1668 4221 1929 4285 Dukero
1977 4243 2105 4286 non
2152 4232 2447 4286 notatum
2495 4223 2712 4286 miror.

573 4330 583 4341 ⁶
638 4351 735 4394 em
785 4329 971 4392 valde
1018 4350 1274 4404 vercor,
1345 4349 1424 4390 ne
1482 4329 1737 4392 solum
1797 4328 1967 4392 mala
2026 4350 2219 4392 manu
2267 4329 2561 4392 additum
2611 4330 2714 4407 sit,

2191 4447 2258 4498 32
