3230 5282
593 602 718 692 nib.
754 635 850 693 m
973 648 976 655 *
1689 624 1807 687 106

591 816 948 877 vestram
1024 809 1433 894 ignaviam
1513 815 2102 893 comtempsere
2168 843 2256 854 -
2322 816 2402 875 et
2467 832 2547 876 se
2616 817 2697 876 et
2760 806 2899 876 vos

591 938 884 983 novere
962 918 1404 983 interficiatur
1480 918 1811 983 sententia
1874 916 1991 982 illa
2054 917 2135 982 de
2204 917 2532 984 discordia
2598 918 2901 984 ordinum

591 1025 775 1091 urbis
833 1026 1148 1091 Romanae
1220 1046 1500 1106 venen03
1578 1045 1794 1110 neque
1864 1025 2038 1090 enim
2105 1025 2185 1090 de
2229 1026 2328 1091 rei
2371 1026 2651 1110 publicae
2697 1031 2899 1104 statu,

588 1134 878 1217 ingenio,
948 1132 1135 1198 malis
1196 1133 1493 1198 universe
1549 1133 1799 1215 agitur,
1870 1131 1987 1197 sed
2043 1132 2204 1216 quid
2249 1132 2480 1216 AEquis
2536 1141 2604 1199 et
2646 1131 2902 1200 Volscis

591 1240 844 1306 animos
909 1239 1161 1305 fecerit.
1283 1240 1367 1304 Ni
1433 1238 1656 1319 fallor,
1734 1244 1810 1304 ut
1871 1239 1940 1304 in
2008 1247 2306 1306 extrema
2371 1241 2705 1307 sententia
2768 1263 2902 1306 una

592 1348 897 1413 addenda
955 1347 1184 1412 littera
1240 1346 1442 1429 (illis
1497 1368 1617 1431 pro
1673 1344 1863 1427 illi),
1932 1347 2027 1412 sic
2084 1348 2273 1413 initio
2319 1370 2449 1414 una
2495 1348 2901 1414 detrahenda

589 1461 722 1536 est,
800 1462 875 1521 ut
954 1456 1047 1521 sic
1131 1455 1442 1521 decurrat
1523 1438 1774 1520 oratio:
1853 1452 2303 1520 Discordia
2379 1455 2752 1521 ordinum
2829 1463 2898 1519 ct

589 1584 972 1629 venenum
1016 1563 1254 1628 huius
1300 1561 1547 1641 urbiS,
1594 1568 1922 1645 patrum
1970 1582 2060 1626 ac
2103 1561 2379 1646 plebis
2428 1564 2899 1639 certamina,

589 1672 766 1737 dum
801 1672 1560 1754 -magistratuum,
1608 1669 2019 1735 sustulere
2064 1669 2241 1732 uns
2288 1672 2623 1737 animos,
2712 1669 2901 1738 Cete-

587 1802 736 1845 rum
780 1801 916 1845 non
961 1777 1224 1858 dubito,
1283 1779 1443 1862 quin
1489 1783 1667 1843 recte
1713 1778 1782 1842 in
1827 1778 2045 1843 tribus
2094 1777 2432 1843 codicibus
2482 1778 2898 1863 interpolatis

586 1886 1110 1953 Drakenborchii
1188 1891 1256 1950 et
1332 1886 1410 1950 in·
1478 1885 1884 1952 editionibus
1951 1905 1993 1950 a
2057 1884 2477 1951 Frobeniana
2540 1906 2746 1969 usque
2813 1887 2900 1952 ad

451 2003 560 2070 (87)
598 1992 1291 2060 Drakenborchianam
1338 1993 1694 2058 scribatur:
1764 2014 1899 2059 vos
1946 1993 2500 2078 patriciorum,
2556 2016 2694 2059 nos
2742 1992 2901 2075 (non

587 2103 760 2184 hos)
816 2101 1351 2186 plebeiorum.
1455 2100 1808 2166 Praecedit:
1878 2122 2024 2166 nec
2079 2100 2315 2166 nobis
2375 2102 2698 2185 imperii
2753 2123 2899 2167 nec

587 2211 821 2276 vobis
887 2206 1412 2289 libertatis.¹)
1524 2207 1837 2292 Sequitur
1903 2210 1971 2273 in
2029 2208 2258 2273 eadem
2317 2210 2615 2275 oratione
2676 2206 2737 2292 (ἓ
2800 2208 2898 2292 9);

587 2317 990 2383 Tribunos
1035 2315 1305 2400 plebis
1351 2336 1635 2381 creare
1681 2318 1980 2382 iterum
2023 2315 2450 2396 voluistis3
2519 2317 2899 2396 creastis;

589 2423 972 2489 consules
1029 2423 1303 2488 facere
1361 2428 1818 2488 vestrarum
1873 2425 2255 2508 partium;
2313 2425 2474 2489 etsi
2518 2423 2900 2508 patribus

589 2532 1060 2597 videbamus
1126 2532 1524 2614 iniquum,
1591 2532 2036 2614 patricium
2092 2552 2410 2615 quoque
2458 2532 2900 2615 magistra-

587 2648 757 2705 tum
823 2639 1048 2724 plebi
1119 2639 1407 2706 donum
1471 2636 1665 2705 fieri
1730 2639 2088 2706 vidimus.
2203 2638 2310 2705 Sic
2366 2640 2651 2724 primum
2695 2641 2896 2707 inter-

586 2748 942 2834 pungenda
997 2749 1238 2828 oratio,
1307 2755 1382 2813 ut
1435 2755 1757 2832 appareat
1801 2747 2010 2831 (quod
2054 2747 2639 2814 Drakenborchius
2686 2750 2899 2831 vidit),

588 2857 675 2920 ad
740 2854 1015 2921 facere
1084 2855 1300 2920 audiri
1369 2855 1747 2935 voluitiS,
1818 2856 2057 2922 deinde
2114 2856 2298 2935 addi,
2365 2855 2520 2920 huic
2577 2856 2903 2922 voluntati

587 2987 735 3029 cum
789 2964 1221 3048 patriciorum
1278 2964 1695 3030 incommodo
1744 2985 2129 3030 concessum
2175 2985 2349 3030 esse.
2436 2963 2605 3028 Nam
2651 2965 2707 3030 si
2753 2966 2902 3047 quis

589 3073 711 3153 sic,
779 3078 856 3137 ut
897 3069 1088 3155 vulgo
1134 3071 1627 3152 describuntur,
1692 3072 1895 3137 verba
1940 3073 2351 3137 coniunxerit
2396 3070 2901 3152 (videbamus

588 3181 949 3262 iniquum
995 3178 1410 3263 patribuS,
1468 3180 1858 3245 consules
1905 3179 2181 3245 facere
2226 3185 2683 3244 vestrarum
2728 3201 2903 3263 par-

587 3287 836 3370 tium),
883 3293 957 3352 ut
1001 3286 1136 3351 alia
1180 3289 1499 3367 omittam,
1543 3286 1613 3351 id
1660 3287 1895 3353 saltem
1938 3308 2072 3354 non
2121 3287 2379 3364 vitabit,
2427 3288 2589 3371 quin
2633 3286 2903 3353 facere

587 3418 707 3480 pro
742 3416 879 3461 vos
913 3395 1184 3460 facere
1220 3396 1525 3460 vitiosum
1563 3396 1669 3459 sit.
1739 3396 1921 3460 Dura
1956 3401 2061 3460 est
2097 3396 2296 3460 etiam
2330 3394 2470 3459 haec
2505 3394 2689 3460 verbi
2727 3416 2904 3460 esse

587 3504 854 3568 omissio
913 3503 980 3565 in
1040 3503 1369 3566 sententia
1423 3501 1847 3585 impersonali
1894 3524 1973 3567 ex
2018 3502 2342 3568 adiectivo
2391 3509 2458 3568 et
2503 3502 2700 3569 verbo
2748 3508 2902 3568 est:

589 3609 824 3675 video
881 3609 1247 3692 iniquum
1305 3607 1707 3692 patribus.
1802 3608 1905 3692 [V.
1930 3615 2155 3675 tamen
2191 3608 2349 3676 Gaes.
2375 3609 2450 3675 B.
2479 3609 2554 3675 G.
2581 3610 2632 3690 Ι,
2671 3613 2771 3691 33,
2810 3607 2898 3693 3.]

587 3716 795 3798 Addo,
840 3738 971 3782 non
1014 3723 1192 3781 recte
1227 3716 1589 3799 iniquum
1623 3717 1754 3782 dici
1787 3719 2196 3802 patribus,
2240 3719 2365 3784 hoc
2397 3717 2501 3782 vel
2536 3717 2704 3782 illud
2736 3716 2899 3797 fieri,

589 3846 711 3909 pro
781 3846 888 3904 eo,
957 3824 1137 3908 quod
1196 3831 1328 3889 est:
1399 3825 1771 3908 iniquum
1827 3827 1904 3890 in
1966 3831 2289 3910 patres;
2356 3846 2508 3891 nam
2565 3826 2904 3910 iniquus

590 3953 739 3996 cum
809 3932 1031 3996 dativo
1098 3952 1231 3998 non
1289 3932 1530 3997 dicitur
1587 3934 1716 3999 nisi
1775 3933 1855 3999 de
1912 3954 2202 4018 persona
2258 3939 2373 3996 aut
2430 3932 2511 3997 de
2574 3953 2644 3997 re
2708 3939 2906 4012 certa,

591 4060 737 4121 quae
804 4039 1001 4104 alicui
1069 4036 1318 4104 officiat
1384 4039 1487 4121 (ut
1553 4042 1740 4107 locus
1808 4043 2076 4125 iniquus
2148 4041 2346 4105 alicui
2418 4046 2520 4107 est
2573 4046 2691 4106 aut
2735 4046 2900 4104 tem·

591 4168 717 4231 pus
797 4146 1162 4230 similiave).
1263 4148 1653 4215 Rectissime
1731 4150 1936 4233 igitur
2013 4148 2226 4228 Pm.l,
2309 4148 2544 4226 L1H1‚
2623 4167 2907 4230 quorum

650 4403 695 4469 ¹)
736 4400 842 4471 [Et
893 4419 997 4471 pro
1051 4408 1156 4457 est
1201 4409 1258 4458 et
1306 4420 1426 4458 nos
1462 4404 1757 4459 confirmat
1792 4404 1867 4471 V,
1922 4405 1981 4458 in
2016 4403 2139 4456 illi
2190 4402 2458 4457 mendum
2512 4407 2696 4468 tenet,
2751 4401 2906 4471 quod

731 4488 917 4558 ipsum
953 4493 1016 4542 et
1055 4486 1350 4556 coarguit]
