3230 5282
1866 635 1948 696 34

750 823 840 888 de
887 842 976 886 ea
1011 821 1127 902 (Ll
1170 819 1342 901 dea)
1388 840 1509 903 pro
1557 819 1658 884 ad
1706 820 2152 903 optinenda
2197 841 2303 885 ea.
2373 819 2555 884 Idem
2603 820 3046 885 demonstrant

750 929 1073 1014 simulque
1131 928 1248 993 hos
1308 949 1430 993 sua
1488 928 1723 1011 stirpe,
1792 933 1860 992 et
1917 927 2000 992 ab
2046 927 2114 992 M
2164 929 2219 992 R
2263 934 2330 993 et
2387 949 2426 992 a
2470 928 2520 991 P
2569 935 2899 1011 separata,
2963 929 3045 993 ab

746 1039 1102 1122 archetypo
1150 1043 1330 1102 ortos
1376 1058 1520 1101 esse
1567 1042 1644 1100 et·
1677 1044 1800 1120 per
1843 1057 1912 1101 se
1957 1037 2411 1101 testimonium
2455 1036 2673 1101 facere
2720 1034 3048 1101 declarant

747 1148 1208 1213 adnotationes
1254 1167 1288 1209 e
1335 1145 1627 1228 margine
1676 1151 2032 1228 susceptae,
2102 1165 2267 1228 quas
2313 1150 2431 1209 aut
2474 1145 2542 1208 in
2585 1143 2689 1209 his
2738 1144 2891 1209 solis
2936 1151 3048 1209 aut

745 1257 811 1320 in
868 1255 970 1320 his
1028 1260 1096 1319 et
1155 1253 1553 1318 deteriorum
1610 1253 1866 1336 aliquot
1921 1253 2225 1336 reperiri,
2296 1252 2493 1336 paulo
2550 1259 2734 1331 ante,
2802 1251 2913 1317 ubi
2970 1252 3045 1316 de

744 1370 885 1429 toto
932 1364 1057 1427 hoc
1102 1382 1337 1446 genere
1383 1368 1675 1444 exposui,
1722 1361 2242 1425 commemoravi.
2333 1360 2424 1424 Ac
2471 1381 2891 1443 quamquam,
2935 1360 3044 1424 ubi

744 1472 827 1537 ab
875 1470 943 1535 M
1001 1477 1067 1534 et
1121 1470 1171 1533 P
1218 1475 1335 1534 aut
1394 1468 1517 1533 soli
1575 1468 1921 1533 discedunt
1976 1476 2094 1533 aut
2151 1475 2381 1533 contra
2435 1468 2586 1533 illos
2645 1468 2880 1533 ceteris
2935 1468 3050 1532 ad·

743 1581 1122 1663 iunguntur,
1168 1578 1304 1642 fere
1348 1579 1415 1641 in
1465 1577 1757 1642 deterius
1806 1583 2103 1660 vergunt,
2154 1584 2256 1641 est
2301 1583 2543 1657 tamen,
2594 1577 2707 1641 ubi
2753 1583 2870 1640 aut
2902 1597 3050 1640 vera

744 1695 863 1753 aut
896 1709 1196 1751 verorum
1231 1686 1506 1768 vestigia
1539 1685 1674 1750 illic
1710 1685 2064 1750 obscurata
2088 1685 2156 1749 hi
2181 1686 2538 1764 servarint3
2576 1686 2760 1748 cuius
2795 1686 2889 1748 rei
2922 1686 3048 1748 tria

744 1803 898 1862 sunt
947 1793 1404 1860 memorabilia
1451 1794 1771 1876 exempla,
1815 1796 2106 1877 'primum
2141 1793 2209 1857 in
2247 1792 2329 1872 II,
2388 1799 2462 1856 15
2500 1793 2663 1872 init.,
2714 1792 2829 1856 ubi
2864 1814 3048 1876 aper-

740 1906 912 1970 tiora
934 1904 1000 1967 in
1022 1903 1146 1982 his,
1188 1902 1474 1967 Florent.
1506 1901 1568 1966 S.
1595 1901 1821 1981 Marci,
1859 1901 2321 1979 deterioribuS,
2360 1902 2588 1966 tenuia
2609 1901 2676 1965 in
2701 1900 2844 1980 MR,
2870 1900 3050 1964 nulla

740 2015 805 2076 in
842 2012 893 2076 P
925 2012 1209 2095 vestigia
1255 2016 1409 2075 sunt
1446 2010 1669 2075 omissi
1705 2010 2047 2076 consulum
2085 2009 2265 2093 paris
2293 2008 2400 2088 (L:
2438 2009 2732 2073 Purius
2769 2007 3049 2072 Lucre—

738 2122 909 2184 tius
957 2119 1143 2182 inde
1192 2125 1270 2183 et
1304 2118 1375 2181 T.
1414 2118 1837 2182 Ermenius
1874 2116 1943 2180 P.
1983 2114 2366 2181 Valerius
2406 2114 2836 2181 Publicola
2878 2137 3048 2180 con·-

741 2228 993 2307 sules;
1064 2227 1156 2290 H:
1226 2225 1295 2288 P.
1356 2226 1794 2291 Lucretius
1851 2225 2083 2288 Titus
2139 2224 2623 2289 Hermenius
2682 2223 2747 2287 P.
2815 2223 3050 2288 Vale-

738 2338 910 2400 rius
956 2332 1391 2398 Publicola
1435 2355 1675 2413 coss.;
1721 2332 1819 2397 M:
1864 2331 2204 2418 Spurius
2241 2332 2579 2396 Publius
2617 2331 3053 2396 Lucretius

738 2444 925 2509 inde
975 2451 1052 2508 et
1096 2442 1167 2505 P.
1206 2441 1588 2505 Valerius
1633 2439 2070 2505 Publicola
2116 2462 2340 2518 coss,
2388 2439 2439 2503 P
2483 2446 2732 2504 autem:
2779 2439 2849 2503 P.
2900 2439 3052 2503 Lu-

740 2553 1048 2617 cretius
1107 2548 1291 2614 inde
1348 2556 1427 2613 et
1482 2548 1552 2611 P.
1612 2547 1992 2612 Valerius
2054 2547 2489 2612 Publicola
2546 2546 2886 2629 coss)¹),
2956 2547 3053 2611 al-

736 2670 951 2728 terum
998 2661 1063 2725 in
1110 2659 1194 2736 V,
1258 2662 1356 2737 52,
1420 2663 1514 2737 11,
1577 2656 1691 2721 ubi
1738 2657 1806 2720 M
1849 2656 1900 2720 P
1947 2663 2207 2721 tantum
2256 2656 2600 2722 Locutio
2647 2655 2926 2736 habent,
2975 2657 3049 2730 ‚in

735 2770 836 2835 his
897 2778 1120 2834 autem
1181 2766 1437 2831 duobus
1494 2771 1561 2830 et
1619 2764 2062 2835 deterioribus
2120 2771 2354 2848 aperta
2414 2772 2569 2829 sunt
2613 2765 2887 2829 alterius
2933 2786 3054 2829 no-

735 2878 929 2941 minis
977 2873 1172 2956 (Aio)
1218 2874 1497 2955 vestigia
1542 2871 2009 2952 (Allocutio,
2055 2872 2636 2953 Allocutionis,
2684 2871 3046 2953 similia)²),

735 2985 1006 3050 tertium
1053 2984 1118 3047 in
1168 2982 1245 3062 X,
1297 2985 1393 3058 35,
1447 2986 1542 3060 17,
1593 2981 1706 3044 ubi
1754 2980 1956 3044 verba
2000 2981 2347 3063 aptissima
2403 2980 2767 3063 segniter
2822 3001 3044 3045 arma

732 3093 973 3176 capit,
1019 3112 1164 3173 quse
1211 3090 1453 3154 addere
1501 3090 1582 3153 de
1632 3111 1751 3153 suo
1796 3089 2038 3152 nemini
2082 3089 2150 3152 in
2187 3095 2476 3153 mentem
2507 3089 2725 3154 venire
2761 3095 3048 3173 poterat,

596 3218 702 3287 (32)
740 3202 807 3265 in
853 3200 974 3266 MP
1021 3200 1405 3264 exciderunt
1460 3204 1733 3281 propter
1790 3197 2156 3279 segniter
2209 3197 2314 3261 bis
2372 3199 2659 3281 positum
2707 3196 2938 3276 (etiam
2986 3197 3051 3259 in

732 3309 883 3374 Lov.
934 3313 971 3371 2
1019 3315 1088 3372 et
1132 3306 1279 3371 edd.
1329 3306 1732 3389 quibusdam
1788 3302 2182 3385 veteribus),
2239 3305 2305 3368 in
2353 3304 2441 3368 Ll
2493 3305 2863 3388 ceterisque
2914 3327 3054 3369 ser-

732 3416 1061 3497 vantur.³)
1151 3415 1225 3478 In
1273 3414 1345 3492 V,
1398 3418 1493 3492 15,
1544 3418 1617 3475 11
1671 3411 1851 3476 solus
1897 3409 2080 3475 Harl.
2136 3417 2163 3474 1
2215 3434 2363 3477 cum
2407 3419 2597 3496 parte
2646 3413 3056 3478 deteriorum

790 3627 834 3694 ¹)
875 3625 1057 3694 [Quod
1111 3625 1361 3690 fuerunt,
1420 3625 1514 3692 qui
1551 3623 1991 3678 Nicomachiana
2033 3625 2360 3679 recensione
2408 3642 2528 3694 par·
2559 3626 2702 3679 illud
2752 3625 3060 3680 consulum

870 3712 1149 3766 sublatum
1187 3727 1306 3765 esse
1345 3711 1681 3775 scriberent,
1729 3710 2212 3779 perversissimum
2252 3715 2353 3776 est,
2404 3711 2670 3778 quoniam
2706 3711 2957 3779 vestigia
2995 3712 3058 3763 in

869 3798 1003 3867 ipsis
1041 3795 1498 3851 Nicomachianis
1545 3795 1838 3848 codicibus
1875 3799 2186 3863 emergunt.
2261 3795 2440 3862 Quum
2477 3797 2536 3850 in
2573 3795 2697 3850 cod.
2738 3795 3057 3864 archetypo

868 3885 1140 3953 scriptum
1177 3888 1349 3936 esset:
1391 3880 1497 3951 Sp.
1536 3881 1824 3935 Larcius
1863 3881 2025 3935 inde
2061 3887 2128 3935 et
2163 3881 2223 3934 T.
2262 3881 2643 3948 Ermenius,
2692 3880 2751 3935 P.
2790 3882 3054 3935 Lucre·

865 3970 1003 4022 tius
1041 3967 1199 4021 inde
1236 3972 1294 4020 et
1313 3966 1709 4021 P.Valerius
1742 3966 2125 4034 coss.facti‚
2162 3967 2423 4020 librarius
2445 3966 3060 4021 aberravitaLarcio

867 4053 938 4107 ad
973 4052 1397 4119 Lucretium,
1453 4053 1655 4107 deinde
1705 4070 1763 4106 se
1808 4053 2047 4106 retraxit
2093 4052 2377 4118 nonnihil,
2435 4052 2533 4106 sed
2578 4054 2658 4106 ita
2704 4052 3060 4121 perturbata

866 4139 1160 4206 scriptura,
1197 4144 1276 4205 ut,
1315 4138 1410 4206 qui
1446 4138 1497 4191 ei
1535 4142 1945 4206 successerunt,
1982 4156 2154 4192 unum
2190 4154 2292 4206 par
2330 4135 2652 4204 efficerent]

781 4224 830 4292 ²)
868 4223 933 4278 In
964 4242 1008 4278 c.
1030 4226 1113 4291 50,
1150 4227 1181 4277 5
1209 4224 1322 4278 iam
1359 4225 1419 4278 in
1456 4224 1576 4277 cod.
1601 4223 1909 4291 archetypo
1949 4223 2261 4276 litterarum
2300 4224 2602 4277 earundem
2641 4226 2740 4276 aut
2776 4221 3060 4275 similium

863 4326 1168 4364 concursus
1225 4308 1727 4376 (novauiaaiolo
1773 4337 1866 4374 —‚
1922 4325 2091 4375 quum
2147 4309 2462 4375 praesertim
2519 4307 2533 4360 Ι
2585 4312 2643 4361 et
2695 4309 2709 4359 Ι
2759 4306 3062 4360 simillima

864 4394 1069 4460 essent)
1107 4394 1308 4461 effecit,
1345 4401 1410 4448 ut
1444 4395 1570 4448 Aio
1608 4393 1906 4447 excideret.

778 4479 827 4548 ⁸)
871 4478 958 4547 [In
993 4479 1060 4547 V,
1108 4483 1191 4548 52,
1241 4482 1304 4534 13
1340 4480 1397 4532 hi
1436 4485 1492 4532 et
1528 4478 1669 4532 dett.
1711 4484 2002 4531 servarunt
2038 4477 2281 4546 vestigia
2317 4478 2362 4545 (f
2373 4496 2468 4546 as,
2514 4476 2649 4544 eos)
2688 4477 3062 4546 pronominis

863 4582 1006 4632 eas,
1046 4565 1196 4633 quod
1232 4566 1293 4619 in
1328 4564 1432 4617 MP
1472 4564 1649 4628 abest,
1687 4562 1745 4615 in
1782 4561 1985 4615 Veron.
2024 4561 2249 4631 exstat]
