3230 5282
1365 623 1483 683 221
2353 636 2476 691 Lib.
2514 635 2581 689 X.

325 807 804 885 memoriaene,
871 805 1051 888 quod
1110 807 1193 871 ob
1253 806 1614 872 defuerit
1669 806 1988 889 (nondum
2043 808 2259 891 ipsum
2318 829 2584 892 corrup-

327 912 456 992 tum)
525 921 736 979 ortum
811 913 1017 979 videri
1086 919 1331 998 potest.
1455 916 1721 999 Alioqui
1788 915 2051 999 placere
2120 921 2386 998 poterat
2453 916 2585 980 de-

328 1015 656 1102 fecerit.¹)

1246 1213 1431 1296 Lib.
1497 1214 1602 1297 X.
2617 1241 2756 1309 (186)

468 1341 608 1427 Cap.
661 1350 726 1426 1,
787 1349 855 1409 5:
923 1345 1010 1409 In
1078 1366 1244 1411 eam
1315 1345 1785 1430 speluncam
1841 1351 2359 1431 penetratum
2419 1366 2589 1410 cum

328 1449 547 1531 signis
609 1459 751 1530 est,
825 1458 904 1517 et
977 1474 1068 1517 ex
1140 1474 1226 1519 eo
1295 1452 1480 1519 loco
1556 1454 1906 1519 obscuro
1952 1453 2207 1518 multa
2249 1453 2589 1517 vulnera

327 1566 632 1642 accepta.
745 1561 949 1624 Recte
1016 1560 1198 1644 prius
1265 1582 1630 1645 pronomen
1697 1561 1966 1625 additur
2031 1560 2412 1644 speluncam
2479 1560 2589 1625 de·

322 1672 671 1747 monstrans,
729 1667 1120 1751 pravissime
1165 1668 1448 1733 alterum
1466 1719 1490 1748 ,.
1537 1668 1652 1733 ubi
1698 1668 1925 1733 addito
1974 1668 2315 1746 adiectiv0,
2374 1668 2589 1749 qualis

324 1769 590 1853 spelunca
629 1772 849 1855 fuerit,
900 1775 1160 1840 dicitur.
1261 1775 1339 1840 Id
1398 1782 1517 1840 aut
1575 1796 1656 1840 ex
1700 1776 2168 1860 praepositione
2213 1780 2445 1840 natum
2490 1782 2591 1840 est

320 1886 416 1941 aut
452 1889 709 1965 propter
753 1903 924 1947 eam
969 1883 1325 1948 adiectum.
1418 1884 1667 1965 (1861.)

460 1985 605 2072 Cap.
652 1994 721 2068 2,
781 1994 819 2054 5
869 1997 936 2056 et
982 1995 1020 2055 6
1067 1989 1178 2072 (de
1230 1989 1585 2074 Cleonymo
1631 1990 2136 2056 Lacedaemonio
2183 2011 2331 2055 cum
2377 1990 2590 2056 classe

317 2091 386 2157 ad
440 2095 626 2162 litora
689 2098 1092 2163 Venetorum
1160 2097 1492 2179 advecto):
1561 2097 1997 2182 Expositis
2064 2098 2385 2181 paucis,
2455 2098 2591 2179 qui

316 2197 465 2266 loca
515 2205 1077 2288 explorarent,
1144 2227 1386 2288 quum
1443 2206 1829 2271 audisset
1885 2205 2100 2286 (codd.
2161 2204 2594 2270 audissent

318 2307 384 2372 ob
433 2312 793 2394 praecedens
862 2313 1451 2396 explorarent),
1519 2319 1770 2379 tenue
1838 2317 2324 2397 praetentum
2387 2311 2592 2376 litus

316 2434 490 2496 esse,
557 2420 763 2502 quod
833 2422 1398 2504 transgressis
1470 2426 1757 2503 stagna
1817 2419 1915 2485 ab
1970 2426 2203 2503 tergo
2261 2419 2426 2484 sint
2480 2419 2591 2483 ir-

314 2523 511 2606 rigua
555 2528 891 2594 aestibus
938 2529 1395 2607 maritimiS‚
1444 2549 1685 2611 agros
1731 2527 1948 2592 haud
1993 2527 2279 2611 procul
2324 2526 2592 2610 proxi-

318 2650 453 2698 mos
495 2643 999 2720 campestres
1046 2636 1287 2716 cerni,
1334 2636 1741 2702 ulteriora
1785 2633 2044 2701 colles
2090 2634 2350 2699 videri
2396 2655 2590 2714 esse,

318 2742 580 2807 ostium
635 2742 1014 2810 fluminis
1070 2745 1426 2828 praealti,
1495 2765 1649 2826 quo
1710 2728 2157 2825 circumagi
2212 2762 2456 2807 naves
2512 2743 2593 2805 in

318 2851 720 2916 stationem
777 2858 1032 2916 tutam
1088 2851 1397 2917 vidisse
1457 2850 1569 2931 (——-
1610 2850 2050 2915 Meduacus
2108 2850 2359 2914 amnis
2417 2855 2593 2914 erat

315 2953 430 3036 —),
495 2978 579 3023 eo
650 2960 1053 3024 invectam
1111 2959 1461 3024 classem
1519 2958 1795 3022 subire
1851 2956 2189 3024 flumine
2245 2956 2592 3021 adverso

317 3060 553 3130 iussit.
665 3066 741 3130 In
797 3065 924 3130 hoc
980 3066 1156 3146 loco,
1225 3068 1291 3130 in
1349 3087 1476 3148 quo
1523 3065 1709 3130 nulla
1754 3070 1884 3146 est,
1956 3085 2102 3149 quae
2149 3063 2594 3147 suspicionem

315 3180 565 3253 moveat,
633 3173 957 3239 bonorum
1012 3174 1314 3238 codicum
1368 3173 1694 3253 varietate,
1764 3172 1911 3238 duee
1954 3194 2060 3237 res
2108 3170 2594 3236 dubitationem

314 3273 543 3359 habent,
600 3280 815 3346 altera
858 3281 927 3344 in
973 3282 1190 3364 priore
1235 3287 1446 3364 parte,
1503 3281 1719 3345 altera
1762 3281 1829 3345 in
1874 3280 2271 3364 posteriore3
2326 3298 2481 3342 nam
2525 3276 2594 3342 in

316 3386 514 3452 mediis
557 3388 724 3453 illis:
793 3409 1031 3471 agros
1091 3387 1307 3454 haud
1364 3388 1652 3472 procul
1693 3424 1781 3433 —
1824 3388 2091 3453 videri
2137 3407 2313 3451 esse
2359 3406 2478 3470 per
2523 3405 2592 3451 se

316 3493 470 3559 nulla
524 3501 624 3561 est
672 3495 1064 3577 difficultas3
1130 3502 1312 3562 recte
1381 3499 1555 3560 enim
1623 3502 1690 3561 et
1754 3496 2055 3561 universe
2122 3516 2318 3578 agros
2385 3492 2597 3559 haud

515 3658 736 3666 ——--

363 3751 402 3818 ¹)
435 3752 502 3807 Et
535 3773 581 3809 c.
619 3758 714 3821 44,
758 3758 821 3807 14
857 3754 1011 3822 quod
1048 3753 1338 3808 Creverius
1384 3754 1747 3808 scribendum
1782 3753 1925 3806 vidit
1962 3753 2353 3820 (Bovianum
2398 3753 2597 3821 urbs),

429 3844 480 3892 et
511 3857 558 3894 c.
595 3843 683 3907 45,
734 3842 799 3893 12
834 3839 987 3908 quod
1020 3839 1512 3893 Weissenbornius
1550 3837 1903 3906 (verteret,
1950 3842 2052 3892 est
2086 3856 2190 3907 pro
2228 3839 2598 3905 vertisset),

427 3929 720 3994 utrumque
766 3926 967 3994 ignaro
1013 3925 1154 3979 mihi
1198 3924 1426 3979 illarum
1471 3925 1919 3980 coniecturarum
1967 3923 2028 3977 in
2072 3928 2317 3978 mentem
2353 3930 2598 3990 venerat,

431 4010 472 4062 si
506 4010 643 4078 quid
678 4011 726 4064 is
763 4026 1071 4065 consensus
1108 4009 1241 4064 fidei
1276 4010 1484 4064 addere
1520 4014 1726 4078 potest.
1811 4007 1946 4077 [Sed
1991 4008 2224 4077 propius
2272 4008 2343 4061 ad
2379 4009 2599 4062 litteras

436 4100 516 4147 est
547 4095 790 4163 vertit,
841 4099 959 4161 est,
1005 4100 1069 4148 ut
1104 4099 1325 4148 tantum
1364 4095 1596 4150 effectus
1634 4095 1930 4148 sententiae
1967 4098 2212 4160 notetur,
2249 4111 2383 4160 non,
2422 4094 2599 4162 qualis

433 4177 633 4248 fuerit]
716 4179 873 4249 (Cap.
928 4181 1022 4247 46,
1084 4181 1118 4233 9
1173 4179 1268 4246 (ac
1323 4179 1487 4234 sede
1538 4179 1822 4233 honoris
1877 4178 1979 4232 sui
2032 4180 2279 4232 anxios
2333 4178 2601 4233 invidia

431 4264 747 4321 inimicos
804 4265 1174 4333 spectavit)
1229 4264 1371 4319 dure
1427 4264 1637 4318 dicitur
1682 4263 1840 4318 sede
1874 4291 1943 4301 —
1980 4270 2328 4332 spectare,
2384 4264 2601 4331 aptissi-

428 4365 618 4417 meque
666 4348 992 4419 Siesbyeus:
1047 4366 1124 4404 ac
1182 4348 1250 4402 de
1298 4350 1460 4404 sede
1504 4349 1790 4404 honoris
1839 4348 1969 4417 (von
2013 4349 2226 4403 seinem
2269 4348 2599 4402 Ehrensitze

430 4433 631 4501 hex-ab).
712 4434 882 4500 1875.)
