3230 5282
569 594 694 648 Lib.
731 592 930 646 XXXI.
1660 577 1785 639 462

572 787 712 830 nos
779 764 1050 840 urbes»,
1137 783 1336 843 quum
1404 761 1771 844 praesertim
1838 760 1946 826 hic
2008 761 2318 826 librarius
2383 783 2592 852 vacuo
2662 762 2880 845 spatio

574 894 733 937 usus
779 873 897 948 sit,
958 877 1024 935 et
1067 869 1231 949 alia,
1292 868 1379 933 ad
1425 890 1568 950 quae
1615 868 1867 933 tuenda
1912 881 2213 953 apertum
2261 868 2519 934 Gelenii
2566 875 2684 934 aut
2728 875 2881 952 post

573 978 868 1058 XXXIII,
934 982 1010 1041 17
1055 977 1423 1060 Moguntini
1467 977 1922 1042 testimonium
1967 999 2098 1041 non
2143 976 2524 1042 habemu8.“
2574 1012 2659 1022 —
2716 974 2873 1052 Quae

570 1088 673 1152 his
718 1108 776 1151 a.
830 1090 991 1150 1865
1037 1086 1103 1149 in
1151 1084 1420 1168 praefat...
1455 1083 1612 1149 fasc.
1660 1089 1699 1148 2
1747 1084 2176 1168 superaddidi
2235 1084 2315 1149 de
2362 1084 2654 1166 reliquiis
2701 1102 2881 1147 erro-

572 1195 663 1259 ris
723 1200 789 1258 et
845 1194 1234 1276 suspicionis
1292 1193 1647 1257 maximam
1703 1198 1960 1275 partem
2017 1191 2289 1257 abiectae
2336 1191 2514 1276 apud
2559 1191 2880 1255 Weissen-

459 1336 468 1345 ·
571 1303 893 1380 bornium,
941 1301 1151 1383 repeti
1198 1300 1360 1365 nihil
1408 1321 1574 1384 opus
1622 1296 1767 1382 est]

1440 1525 1627 1606 Lib.
1693 1524 2004 1605 XXXI.

745 1657 902 1740 Cap.
950 1662 1019 1736 2,
1080 1662 1148 1720 6:
1217 1657 1286 1721 P.
1339 1655 1590 1721 AElius
1650 1656 1932 1721 consul
1992 1656 2071 1720 in
2129 1655 2410 1721 Gallia
2451 1690 2540 1700 —
2585 1655 2654 1719 C.
2701 1656 2876 1719 Am-

575 1767 821 1848 pium,
888 1765 1367 1849 praefectum
1436 1765 1768 1842 socium,
1834 1750 1978 1828 hac
2048 1763 2591 1829 tumultuaria
2649 1783 2879 1827 manu

573 1894 714 1955 per
790 1873 1230 1948 Umbriam,
1323 1893 1561 1954 quam
1649 1871 1953 1935 tribum
2034 1872 2453 1955 Sapiniam
2544 1877 2876 1947 vocant,

573 2001 845 2062 agrum
904 1978 1281 2044 Boiorum
1340 1978 1729 2043 invadere
1786 1979 2050 2043 iussit.
2166 1977 2516 2056 Convenit,
2584 1978 2758 2059 quod
2813 1983 2882 2040 et

573 2110 652 2150 ex
697 2087 906 2151 altero
951 2087 1129 2165 loco,
1187 2087 1333 2150 libr.
1380 2085 1697 2164 XXXIII,
1756 2089 1867 2164 37,
1926 2085 2330 2168 intellegitur
2389 2092 2455 2150 et
2501 2106 2580 2150 ex
2624 2085 2878 2168 plagae

573 2194 984 2258 Materinae
1029 2194 1095 2257 in
1142 2193 1287 2257 libr.
1336 2192 1458 2271 IX,
1516 2198 1592 2255 41
1644 2194 2005 2273 mentione,
2064 2193 2279 2258 tribus
2327 2192 2610 2276 Sapiniae
2656 2190 2878 2275 appel-

569 2301 816 2364 latione
863 2322 992 2364 non
1038 2308 1243 2364 totam
1290 2299 1660 2379 Umbriam,
1721 2300 1835 2364 sed
1895 2300 2184 2384 aliquam
2241 2303 2379 2366 eius
2425 2306 2681 2384 partem
2727 2319 2877 2362 con-

572 2409 797 2485 tineri3
860 2409 974 2472 sed
1031 2410 1096 2471 in
1155 2429 1298 2471 eam
1358 2410 1753 2472 sententiam
1799 2408 1961 2471 Livii
2009 2408 2236 2487 verba,
2293 2417 2368 2472 ut
2410 2428 2585 2472 nunc
2629 2407 2877 2488 scripta

572 2524 754 2591 sunt,
813 2537 943 2579 non
1001 2525 1159 2597 puto
1217 2517 1643 2598 interpretari
1691 2513 2017 2606 licere.¹)·
2082 2516 2315 2599 Itaque
2361 2537 2403 2579 a
2446 2516 2628 2579 Livio
2674 2513 2877 2596 scrip-

401 2637 541 2703 (867)
580 2629 720 2687 tum
778 2645 920 2688 esse
978 2630 1168 2707 puto:
1240 2647 1377 2707 per
1423 2622 1858 2703 Umbriam,
1927 2643 2067 2700 qua
2122 2623 2421 2688 tribum
2468 2621 2879 2706 Sapiniam

571 2737 885 2807 vocant,
952 2730 1075 2794 hoc
1142 2738 1267 2795 est:
1338 2754 1455 2814 per
1513 2730 1850 2794 Umbriam
1917 2753 1995 2795 ea
2060 2738 2282 2813 parte,
2353 2753 2483 2813 qua
2554 2732 2684 2795 sita
2752 2736 2899 2807 est,

573 2858 766 2918 quarn
814 2839 1059 2903 tribum
1099 2840 1434 2921 Sapiniam
1481 2847 1731 2902 vocant.
1817 2840 1921 2903 Sic
1967 2841 2138 2903 enim
2184 2839 2515 2904 interdum
2564 2845 2630 2902 et
2667 2837 2879 2901 Graeci

577 2950 644 3007 et
687 2945 906 3008 Latini
951 2947 1341 3030 loquuntur,
1410 2953 1482 3009 ut
1540 2946 1793 3029 aliquid
1852 2968 1991 3011 esse
2051 2947 2293 3011 alicubi
2340 2953 2408 3010 et
2453 2948 2713 3010 nomine
2760 2944 2876 3007 ali-

576 3073 706 3134 quo
755 3053 1077 3136 appellari
1123 3054 1408 3117 breviter
1454 3076 1582 3117 uno
1632 3054 2009 3136 appellandi
2056 3054 2250 3118 verbo
2299 3049 2878 3135 comprehendant.

571 3160 783 3223 Graeci
831 3182 988 3223 usus
1037 3159 1335 3242 exempla
1378 3169 1617 3243 praeter
1662 3161 1890 3239 lexica,
1948 3164 2015 3225 in
2061 3161 2302 3244 quibus
2350 3164 2485 3225 fere
2532 3168 2879 3242 poetarum

571 3267 951 3330 testimonia
995 3276 1330 3350 ponuntur
1378 3269 1555 3347 (inde
1601 3269 1684 3333 ab
1732 3268 2001 3333 Homeri
2048 3269 2161 3333 illo
2209 3292 2289 3333 ex
2340 3268 2526 3333 Iliad.
2562 3266 2672 3345 XI,
2724 3270 2875 3328 757:

572 3381 832 3434 Ἀλεισίου
880 3379 1022 3433 ἔνθα
1069 3381 1274 3449 κολώνη
1321 3375 1589 3456 κέκληται)
1641 3398 1758 3439 nec
1817 3378 1979 3440 satis
2027 3377 2109 3440 ab
2159 3376 2306 3441 aliis
2353 3376 2695 3454 distincta,
2764 3374 2883 3438 da-

573 3480 671 3544 bit
727 3479 1271 3562 wyttenbachius
1329 3481 1412 3546 ad
1471 3482 1765 3548 Platonis
1812 3483 2121 3548 Phaedon.
2169 3505 2230 3566 p.
2280 3487 2403 3548 285
2466 3482 2579 3564 (ad
2639 3504 2701 3565 p.
2753 3485 2873 3545 107

575 3586 686 3668 C),
742 3589 921 3652 velut
974 3587 1138 3652 illud
1185 3587 1639 3673 Xenophontis
1685 3612 1763 3654 ex
1807 3591 1977 3655 Hell.
2025 3590 2110 3671 V,
2173 3597 2241 3671 1,
2306 3596 2413 3655 10:
2484 3595 2629 3653 ἔνθα
2672 3595 2705 3665 ἦ
2754 3604 2877 3669 Τρι-

575 3704 782 3776 πυργία
853 3704 1115 3769 καλεῖται,
1185 3704 1250 3761 et
1308 3697 1391 3761 ad
1448 3698 1778 3762 Plutarssh.
1826 3697 2059 3763 Mor-H
2115 3722 2176 3781 p.
2225 3703 2346 3787 901
2398 3697 2496 3781 [et
2538 3696 2880 3763 Nauckius

576 3803 659 3866 ad
710 3803 1015 3885 Sophocl.
1055 3803 1211 3869 Oed.
1250 3806 1324 3869 R.
1372 3803 1583 3888 1451].
1678 3806 1935 3886 Latina,
1981 3826 2124 3887 quae
2169 3827 2382 3885 nemo,
2429 3805 2609 3889 quod
2655 3806 2876 3882 sciam,
2946 3797 2957 3807 ’

575 3911 812 3990 attigit,
861 3911 999 3975 haec
1043 3920 1223 3975 sunt:
1284 3912 1620 3977 Ciceronis
1668 3934 1788 3995 pro
1836 3911 2088 3977 Cluent.
2143 3918 2238 3990 15,
2286 3917 2400 3977 43:
2449 3911 2881 3977 Martiales

575 4017 896 4098 quidam
946 4019 1226 4083 Larini
1274 4019 1950 4103 appellabantur,
2010 4022 2303 4085 eiusdem
2349 4020 2432 4085 de
2481 4022 2674 4103 Legg.
2724 4019 2771 4099 Ι,
2816 4022 2877 4097 S,

583 4188 675 4195 —-—

633 4276 680 4345 ¹)
721 4279 1007 4333 Creverius
1046 4281 1362 4333 enarrabat:
1419 4298 1455 4349 p
1469 4297 1537 4333 er
1571 4280 1738 4334 Umb
1754 4284 1921 4334 riam
1969 4289 2034 4337 et
2079 4301 2218 4337 eam
2267 4282 2542 4351 quidem
2588 4302 2625 4352 p
2640 4288 2879 4348 artem,

714 4381 749 4430 q
759 4382 795 4415 u
808 4381 842 4417 a
855 4382 926 4430 m,
963 4364 1096 4418 ficto
1135 4365 1492 4419 attractionis
1529 4382 1754 4434 genere.
