3230 5282
1472 565 1593 626 305
2175 607 2189 617 ·
2354 579 2478 632 Lib.
2517 579 2693 633 XXII.

378 749 912 832 nequicquam
970 755 1048 812 et
1105 749 1364 813 virum
1424 748 1719 814 bonum
1765 755 1845 814 et
1889 750 2141 813 civem
2184 747 2393 829 fore,
2465 752 2532 815 si
2576 751 2692 815 al·

377 863 555 922 tera
618 863 853 941 parte
912 855 1331 921 claudicet
1385 877 1515 921 res
1562 855 1913 940 publica.
2026 857 2269 923 Malis
2317 857 2692 924 consiliis

377 965 580 1030 idem
632 986 721 1029 ac
760 965 989 1030 bonis
1037 965 1244 1029 iuris
1284 970 1362 1029 et
1397 966 1851 1047 potestatis
1890 966 2071 1030 erit.
2153 965 2366 1030 Prava
2413 972 2513 1031 est
2557 966 2693 1031 haec

377 1081 713 1157 postrema
768 1072 1124 1151 sententia3
1191 1092 1403 1156 neque
1462 1073 1637 1137 enim
1691 1072 1818 1137 hoc
1874 1079 2195 1157 tanquam
2240 1081 2490 1139 certum
2537 1075 2693 1157 poni

378 1188 618 1264 potest,
677 1181 1025 1264 potiusque
1069 1179 1406 1244 AEmilium
1450 1179 1696 1246 Fabius
1742 1179 2150 1259 exhortatur,
2198 1187 2273 1246 ut
2319 1180 2494 1246 mala
2541 1202 2696 1247 con·

380 1289 527 1354 silia
573 1290 815 1353 vincat.
887 1287 960 1351 In
995 1288 1526 1370 interpunctione
1550 1288 2098 1354 Weissenbornii:
2148 1289 2327 1354 si—
2364 1289 2694 1354 claudet
2785 1274 2791 1279 ’

379 1419 501 1462 res
547 1396 900 1481 publica,
961 1395 1192 1460 malis
1236 1430 1322 1439 —
1368 1396 1546 1475 erit,
1603 1383 1897 1480 apparet
1943 1396 2168 1462 deesse
2215 1403 2297 1461 et
2340 1404 2456 1461 aut
2502 1418 2697 1481 quae3

379 1526 528 1569 nam
587 1507 660 1569 in
717 1504 844 1569 hac
902 1502 1166 1586 quidem
1225 1502 1507 1586 duplicis
1567 1503 1969 1569 condicionis
2027 1504 2483 1569 coniunctione
2540 1504 2698 1569 ferri

380 1612 746 1697 asyndeton
790 1612 1041 1695 nequit.
1113 1609 1327 1691 P(M):
1378 1612 1443 1675 si
1489 1611 1764 1676 altera
1807 1618 2046 1695 parte
2093 1611 2422 1678 claudet
2464 1614 2585 1678 rei
2635 1636 2696 1696 p.

384 1719 490 1800 (Ox
527 1720 963 1786 clauderet
996 1721 1116 1784 rei
1150 1719 1264 1803 p.),
1299 1720 1367 1783 in
1405 1740 1536 1801 quo
1567 1730 1650 1784 re
1689 1742 1749 1802 p.
1776 1719 2133 1801 significari
2159 1719 2501 1804 Ussingius
2535 1722 2700 1786 vidit

388 1836 697 1912 recteque
764 1828 1184 1892 scribendum
1251 1827 1596 1891 iudicavit:
1679 1828 1775 1906 si,
1846 1827 2117 1892 altera
2171 1834 2406 1912 parte
2477 1829 2746 1895 clau-,

391 1936 632 2002 dente
680 1958 764 2000 re
811 1935 1162 2019 publica,
1209 1934 1446 1999 malis
1494 1934 1879 2000 consiliis
1921 1971 2010 1980 —
2055 1937 2234 2000 erit.
2318 1935 2634 2018 (1862.)¹)

557 2042 752 2127 *Cap.
802 2049 916 2122 40,
962 2050 1032 2108 4:
1100 2042 1213 2108 Ab
1260 2043 1407 2107 hoc
1452 2064 1816 2108 sermone
1864 2043 2325 2126 profectum
2370 2044 2700 2109 Paulum

387 2151 755 2232 tradunt,
824 2150 1519 2235 prosequentibus
1578 2150 2074 2233 primoribus
2131 2158 2476 2235 patrum3
2545 2152 2702 2235 ple·
2787 2196 2800 2201 -

394 2259 658 2325 beium
706 2259 1121 2325 consulem
1169 2278 1310 2323 sua
1354 2258 1634 2341 plebes
1681 2265 2150 2338 consecuta,
2219 2259 2468 2324 turba
2513 2279 2702 2325 con-

449 2467 494 2534 ¹)
530 2468 746 2522 Eodem
784 2470 971 2538 capite
1007 2468 1038 2537 ὅ
1078 2469 1110 2521 5
1145 2485 1260 2522 non
1295 2468 1487 2536 potuit
1522 2468 1716 2521 Livius
1746 2467 1982 2522 Fabium
2023 2469 2102 2523 sic
2123 2469 2464 2538 ‚loquentem
2500 2468 2706 2534 facere,

527 2559 615 2621 ut,
671 2571 795 2622 quae
846 2554 917 2608 ad
963 2553 1402 2608 confirmandam
1450 2553 1596 2607 hanc
1645 2554 2010 2607 sententiam:
2066 2555 2332 2621 nescio,
2389 2573 2471 2609 an
2515 2554 2695 2609 infe·

524 2639 701 2693 stior
747 2639 858 2694 hic
896 2638 1124 2707 (Varro)
1165 2639 1617 2695 adversarius
1666 2655 1860 2707 quam
1897 2638 2021 2694 ille
2057 2639 2289 2695 hostis
2325 2644 2601 2695 maneat
2636 2646 2699 2693 te

526 2725 628 2790 (sic
676 2743 778 2794 pro
822 2729 1098 2779 maneat
1146 2730 1211 2779 et
1247 2725 1636 2791 scribendum,
1684 2742 1799 2779 non
1847 2731 2131 2782 maneat
2166 2731 2236 2779 et
2271 2726 2356 2793 te)
2395 2744 2522 2780 cum
2559 2742 2702 2780 asse-

526 2810 815 2865 veratione
873 2810 1135 2865 addenda
1188 2815 1349 2864 erant
1402 2811 1572 2877 (nam
1618 2827 1762 2865 cum
1810 2811 1938 2866 illo
1984 2810 2141 2878 cet.)‚
2197 2829 2265 2865 ex
2310 2811 2408 2864 illo
2459 2812 2700 2865 nescio

533 2912 612 2948 an
656 2900 908 2950 necteret
952 2895 1213 2961 (nescio
1262 2912 1341 2948 an
1383 2923 1451 2933 -
1490 2912 1637 2949 cum
1682 2896 1804 2949 illo
1845 2896 1911 2949 in
1956 2897 2105 2950 acie
2150 2901 2417 2951 tantum
2455 2925 2524 2935 —
2560 2913 2701 2950 cer-

527 2984 808 3034 taturus
848 2981 980 3047 sis).
1044 2980 1219 3035 Recte
1256 2980 1391 3034 olim
1429 2980 1725 3035 edebatur:
1775 2985 2180 3035 certaturus
2220 2999 2286 3035 es
2321 3009 2389 3018 —
2426 2980 2562 3033 tibi
2598 2984 2704 3033 est

528 3065 693 3130 (tibi
731 3066 810 3133 st)
847 3094 915 3104 —·
952 3071 1017 3119 te
1055 3072 1161 3121 est
1199 3066 1285 3131 (te
1323 3067 1407 3132 st)
1447 3072 1999 3135 oppugnaturus.
2045 3065 2121 3120 Et
2158 3066 2216 3119 in
2251 3066 2435 3134 primo
2476 3065 2702 3132 quidem

528 3152 781 3206 membro
836 3151 1096 3218 ambigua
1142 3149 1413 3205 Puteanei
1460 3152 1741 3221 scriptura
1783 3169 1898 3205 non
1943 3152 2126 3205 minus
2171 3150 2479 3204 indicativo
2534 3167 2702 3218 quam

529 3237 890 3291 coniunctivo
927 3236 1102 3303 favet,
1165 3235 1206 3289 C
1241 3236 1611 3291 indicativum
1659 3236 1848 3290 habet.
1923 3236 2054 3305 [Pro
2090 3236 2534 3306 pugnandum
2570 3235 2703 3289 tibi

446 3359 451 3366 .
533 3326 641 3374 est
687 3321 840 3376 edidi
886 3340 939 3391 p.
987 3321 1122 3376 tibi
1169 3322 1326 3387 erit,
1381 3340 1499 3377 non
1552 3323 1899 3388 necessari03
1953 3340 2085 3376 nam
2140 3321 2289 3391 apud
2334 3320 2706 3389 gerundivum

531 3423 646 3461 non
683 3424 905 3476 semper
939 3406 1190 3460 futurum
1227 3408 1587 3476 exprimitur3
1644 3427 1694 3462 v.
1735 3407 1844 3462 Cic.
1884 3407 2042 3462 Verr.
2082 3407 2148 3474 V,
2190 3411 2304 3473 151,
2342 3425 2445 3476 pro
2487 3405 2703 3462 Cluent.

530 3493 613 3559 70,
649 3492 695 3545 F
699 3494 772 3547 in.
811 3493 880 3560 11,
916 3491 1256 3560 ¹74(in‹1i0.),
1299 3492 1420 3546 Liv.
1457 3492 1617 3554 VIII,
1667 3498 1746 3560 11,
1794 3496 1845 3560 4,
1899 3492 2111 3560 XXIII,
2170 3495 2249 3558 19,
2305 3494 2356 3559 ¹7,
2405 3491 2575 3560 XXV,
2621 3495 2706 3557 23,

538 3579 597 3630 15
632 3577 853 3646 (infin),
909 3577 1081 3647 1872]
1155 3576 1186 3646 ξ
1229 3581 1291 3631 14
1340 3579 1711 3632 certissimum
1760 3584 1864 3645 est,
1910 3579 2062 3647 quod
2112 3578 2263 3647 apud
2299 3578 2707 3647 Ingerslevium

533 3679 562 3714 e
614 3681 738 3718 mea
793 3664 1118 3718 coniectura
1171 3663 1231 3717 in
1284 3668 1446 3718 textu
1498 3665 1746 3733 positum
1802 3669 1914 3732 est,
1978 3664 2326 3732 absumpti
2392 3663 2523 3730 (PM
2588 3664 2704 3717 ab·

535 3749 809 3816 sumsit,
864 3766 979 3802 non
1024 3748 1456 3817 absumpsit),
1509 3749 1568 3802 in
1613 3749 1765 3817 quod
1813 3749 1978 3803 video
2024 3749 2195 3803 etiam
2243 3749 2709 3818 Heerwagenium

534 3833 813 3888 incidisse.
894 3833 1022 3888 Non
1065 3835 1251 3888 minus
1296 3839 1535 3902 certum,
1582 3833 1613 3904 ξ
1656 3836 1744 3902 16,
1792 3834 1888 3887 ubi
1923 3833 2382 3889 mirificissimam
2418 3835 2574 3901 (nam
2610 3833 2711 3887 Te-

535 3921 795 3974 rentiano
843 3920 1187 3990 superlativo
1235 3921 1506 3974 utendum
1554 3920 1666 3987 est)
1715 3920 1773 3973 in
1820 3919 2014 3973 sedata
2056 3937 2156 3989 per
2201 3921 2710 3988 interrogationem

536 4004 1015 4060 demonstratione
1073 4009 1403 4071 ἀποσιώπησιν
1453 4006 1619 4060 unius
1665 4005 1819 4059 verbi
1864 4003 2113 4072 fingunt,
2170 4004 2527 4059 scribendum
2571 4021 2711 4070 esse,

538 4090 704 4158 quod,
751 4108 921 4159 quum
959 4109 991 4144 a
1027 4090 1193 4144 Valla
1228 4097 1571 4160 praeceptum
1610 4108 1725 4145 non
1764 4089 2286 4156 animadverterem,
2334 4090 2455 4158 ipse
2492 4090 2710 4144 inveni:

536 4174 864 4242 Quamdiu
909 4194 1041 4247 pro
1088 4176 1417 4231 Gereonii
1452 4204 1521 4214 —
1556 4176 1924 4230 moenibus
1977 4175 2194 4229 sedet!
2244 4174 2337 4229 Ne
2384 4175 2711 4228 adversus

539 4267 638 4314 cet.
727 4261 915 4316 Etiam
964 4262 1082 4315 sed
1127 4278 1228 4332 per
1272 4278 1330 4314 se
1378 4279 1613 4329 pravum
1663 4265 1797 4314 erat.
1887 4258 1919 4329 ξ
1964 4263 2026 4313 21
2071 4265 2203 4314 ante
2239 4260 2358 4315 sed
2394 4265 2466 4313 ut
2502 4260 2715 4315 excidit

538 4347 807 4403 suade0.
895 4345 950 4416 [ξ
1002 4350 1064 4401 18
1111 4348 1168 4400 si
1216 4364 1331 4399 non
1380 4352 1513 4401 ante
1559 4348 1764 4412 satis,
1821 4345 1924 4400 sed¹
1967 4351 2097 4400 ante
2136 4346 2461 4400 adversus
2499 4344 2712 4399 adden·

538 4432 671 4488 dum
710 4450 848 4500 esse,
888 4431 1140 4486 ostendit
1178 4433 1482 4501 anaphora.
1545 4430 1717 4499 1862]

2190 4535 2257 4586 20
