3230 5282
1443 591 1561 653 125
2401 603 2525 659 Lib.
2562 603 2654 658 IV.

343 775 895 855 divideretur,
958 809 1197 822 —⁴—
1261 780 1502 841 atrox
1567 773 1792 859 plebi
1857 774 2405 859 patribusque
2473 798 2656 860 pro-

342 884 699 969 positum
755 882 1195 949 videbatur
1252 888 1681 949 certamen.
1782 882 1964 947 Nihil
2021 884 2159 965 agit
2205 889 2286 949 et
2329 884 2660 968 particula

336 992 509 1057 inter
563 990 905 1057 hominum
958 992 1369 1057 notationem
1426 996 1493 1056 et
1547 991 1647 1056 rei
1703 990 1787 1055 ab
1846 991 1927 1056 iis
1986 996 2151 1057 actae
2208 992 2657 1058 narrationem

337 1100 751 1184 interposita.
865 1096 1194 1165 Constans
1261 1098 1673 1165 consuetudo
1743 1105 1812 1164 et
1863 1104 2107 1165 natura
2165 1100 2482 1165 sermonis
2540 1123 2656 1184 po-

336 1207 581 1286 stulat,
638 1213 718 1271 ut
775 1206 1131 1273 scribatur:
1188 1242 1276 1252 —
1331 1200 1613 1272 creati.
1717 1206 1795 1268 m
1851 1228 2087 1290 quum
2142 1208 2656 1290 rogationem

338 1314 1019 1399 promulgassent,
1064 1321 1185 1380 cet.
1275 1314 1588 1380 Mendum
1634 1320 1865 1380 notum
1911 1321 2010 1381 est
2054 1315 2157 1394 iis,
2205 1316 2316 1398 qui
2362 1317 2657 1380 codicum

339 1424 711 1507 scripturas
756 1428 1133 1488 tractarunt
1177 1422 1406 1505 (Drak.
1455 1423 1542 1488 ad
1587 1422 1757 1502 XLI,
1820 1428 1916 1503 15,
1977 1424 2063 1505 6).
2163 1422 2304 1488 Lib.
2350 1424 2424 1502 V,
2473 1428 2571 1503 33,
2619 1429 2656 1487 9

343 1550 547 1615 quum
618 1537 798 1597 recte
866 1531 1201 1597 ederetur:
1268 1531 1360 1595 Ei
1418 1530 1664 1613 (Tusci,
1734 1530 1814 1596 de
1871 1553 2150 1615 quorum
2207 1532 2483 1613 antiqua
2543 1554 2658 1615 po-

342 1641 556 1705 tentia
623 1640 825 1704 maris
868 1638 1065 1705 Tusci
1109 1640 1371 1704 nomine
1416 1644 1669 1705 testata
1717 1639 1942 1705 Livius
1988 1638 2184 1720 dixit)
2231 1640 2308 1703 in
2353 1644 2657 1704 utrum-

338 1769 490 1831 que
548 1768 768 1812 mare
824 1753 1258 1831 vergentes
1317 1753 1472 1826 cet,
1526 1768 1739 1830 nuper
1781 1767 1978 1831 prave
2023 1768 2059 1811 e
2103 1753 2296 1831 parte
2354 1747 2653 1812 codicum
2690 1765 2829 1833 (105)

342 1854 614 1935 (contra
687 1854 873 1936 PHl)
940 1862 1324 1921 revocatum
1392 1860 1492 1920 est
1552 1859 1647 1919 et.
1767 1852 1928 1937 [cfr.
1996 1854 2081 1919 ad
2136 1854 2248 1919 lib.
2310 1854 2371 1933 1,
2433 1860 2461 1917 1
2495 1906 2509 1935 ,
2569 1854 2655 1938 3.]

341 1962 638 2028 Eandem
700 1964 1019 2028 orationis
1063 1962 1342 2029 formam
1388 1962 1519 2029 alio
1566 1963 1764 2028 modo
1814 1968 2190 2046 corruptam
2236 1963 2500 2028 restitui
2546 1963 2659 2043 ΙΙΙ,

345 2074 444 2149 28,
495 2074 533 2134 9
581 2069 853 2152 (iussi3
899 2069 1015 2152 is).

512 2168 673 2262 Cap.
735 2182 846 2258 49,
917 2182 955 2242 6
1003 2176 1100 2260 (in
1153 2179 1537 2244 narratione
1594 2177 1677 2243 de
1733 2177 2006 2244 coloniae
2062 2177 2265 2244 Bolas
2320 2178 2657 2243 mittendae

339 2284 646 2367 conatu),
714 2285 826 2350 ubi
888 2286 960 2350 L.
1010 2284 1286 2351 Sestio
1345 2287 1591 2366 editur,
1660 2307 1695 2350 e
1740 2284 2065 2352 bonorum
2111 2287 2410 2351 codicum
2455 2288 2659 2370 scrip-

341 2401 521 2473 tura,
580 2393 653 2457 L.
702 2393 985 2473 Dexio,
1042 2400 1223 2460 recte
1271 2394 1403 2458 iam
1448 2395 1516 2458 in
1561 2413 1695 2458 uno
1743 2399 1811 2459 et
1855 2393 2065 2459 altero
2111 2396 2477 2460 recentiore
2522 2394 2657 2458 fac-

338 2508 478 2565 tum
534 2506 638 2566 est
685 2501 757 2565 L.
816 2501 1087 2567 Decio.
1186 2502 1486 2567 Eundem
1529 2501 1734 2567 fuisse
1779 2501 2147 2582 tribunum,
2206 2503 2318 2584 qui
2363 2503 2659 2586 proximo

338 2628 508 2675 anno
557 2606 622 2692 (ξ
673 2608 802 2691 11),
860 2628 1063 2692 quum
1116 2608 1329 2694 legem
1384 2609 1716 2693 agrariam
1770 2609 2002 2690 ferret,
2062 2611 2261 2676 etiam
2319 2616 2395 2676 ut
2449 2610 2648 2676 Bolas

335 2718 552 2783 coloni
607 2718 1062 2796 mitterentur,
1129 2717 1420 2784 laturum
1467 2739 1536 2783 se
1583 2717 1851 2797 dixerit,
1921 2724 1987 2783 et
2032 2719 2146 2802 qui
2192 2717 2284 2783 ibi
2330 2717 2658 2784 Sextius

337 2825 714 2909 appelletur
773 2824 886 2907 (M.
939 2823 1269 2891 Sextius
1340 2826 1537 2906 MLl,
1609 2824 1726 2905 aL,
1800 2824 1925 2889 hac
1981 2827 2339 2910 scriptura:
2427 2847 2658 2908 quam

338 2931 620 2999 Sextio
668 2954 788 3017 pro
837 2953 990 3014 qua
1032 2933 1119 2997 M.
1156 2933 1490 3014 Sextio),
1537 2932 1760 2998 Livius
1805 2954 2015 3017 neque
2065 2934 2228 2998 dicit
2270 2955 2483 3015 neque
2530 2935 2657 3017 sig-

336 3039 567 3136 nificat
625 3047 993 3123 contraque
1059 3045 1383 3125 tanquam
1449 3041 1530 3106 de
1579 3041 1709 3106 alio
1754 3039 2015 3106 homine
2071 3042 2258 3107 Decii
2316 3041 2657 3107 consilium

337 3168 488 3213 cum
543 3169 666 3214 suo
714 3149 1136 3230 coniungenti
1184 3147 1329 3230 (aut
1375 3149 1880 3215 coniuncturum
1903 3154 2158 3214 tantum
2194 3171 2264 3215 se
2298 3147 2657 3229 minitanti)

338 3255 666 3337 narrat.²)

400 3441 448 3508 ¹)
485 3440 706 3495 Eodem
732 3440 863 3496 loco
896 3439 951 3511 (ᾖ
976 3442 1057 3510 11)
1087 3442 1258 3497 velim
1287 3442 1523 3510 attendi,
1552 3442 2027 3511 quemadmodum
2061 3443 2572 3496 aDrakenborchio
2604 3451 2660 3497 et

477 3525 943 3581 Weissenbornio
990 3527 1142 3594 (nam
1186 3527 1525 3582 Alschefskii
1571 3529 1847 3582 rationem
1892 3545 2007 3582 non
2042 3528 2243 3595 habeo)
2282 3528 2659 3597 redarguatur

478 3611 544 3665 Τ.
581 3610 794 3679 Faber,
841 3613 934 3666 cui
970 3611 1338 3681 displicuerat
1369 3613 1496 3667 haec
1532 3613 1844 3667 barbaries:
1903 3613 2153 3682 dignos
2200 3629 2378 3681 esse,
2427 3630 2658 3668 eorum

475 3697 719 3751 urbem
766 3715 943 3764 esse,
997 3698 1156 3751 cuius
1207 3697 1350 3751 nihil
1398 3697 1693 3767 quisquam
1739 3698 1922 3752 simile
1967 3704 2067 3752 aut
2109 3698 2348 3767 protulit
2393 3704 2491 3752 aut
2533 3717 2659 3768 pro·

479 3781 635 3836 feret.
729 3781 856 3850 (Est
904 3782 1075 3837 etiam
1121 3781 1358 3837 alterum
1404 3783 1605 3837 vitium
1651 3783 1711 3838 in
1759 3802 2015 3851 eorum,
2073 3782 2250 3851 quod,
2306 3784 2352 3837 si
2392 3784 2506 3838 dici
2541 3784 2658 3837 ullo

478 3868 652 3922 modo
687 3868 772 3922 ita
805 3872 1030 3936 posset,
1077 3867 1324 3922 debebat
1359 3886 1480 3923 esse
1517 3868 1737 3936 suam.)
1815 3869 1922 3922 Hic
1958 3886 2211 3937 quoque,
2258 3886 2428 3936 quum
2463 3867 2658 3923 Livius

479 3952 829 4022 scripsisset,
892 3958 957 4006 ut
1007 3951 1191 4007 Faber
1243 3953 1410 4007 vidit:
1474 3954 1751 4024 dignum
1814 3953 1989 4008 enim
2052 3970 2226 4021 esse,
2290 3953 2403 4021 qui
2459 3954 2660 4008 armis

478 4039 862 4107 cepissent,
927 4055 1156 4093 eorum
1218 4038 1451 4092 urbem
1515 4055 1892 4108 agrumque
1956 4039 2291 4093 Bolanum
2358 4056 2529 4106 esse,
2592 4039 2656 4091 li·

478 4123 727 4192 brarius,
778 4141 895 4179 non
951 4123 1246 4178 intellecta
1288 4124 1711 4179 constructione
1758 4123 2043 4194 (eorum,
2098 4123 2213 4192 qui
2266 4122 2660 4193 cepissent),

479 4207 730 4277 dignos
776 4209 1032 4279 scripsit,
1085 4224 1319 4262 numero
1367 4213 1424 4262 et
1467 4225 1673 4278 genere
1718 4210 2146 4266 accommodato
2197 4208 2269 4262 ad
2316 4210 2453 4277 qui,
2509 4208 2660 4277 quod

477 4295 736 4363 proxime
780 4294 1131 4362 sequebatur.
1223 4294 1274 4346 A
1321 4294 1558 4348 consilio
1603 4309 1729 4348 meo
1777 4294 2145 4363 discederem,
2209 4294 2255 4347 si
2301 4294 2360 4349 in
2405 4312 2451 4349 c.
2489 4297 2582 4362 48,
2627 4296 2661 4348 9

479 4396 598 4433 non
660 4379 848 4434 minus
908 4379 1118 4434 bonam
1181 4378 1431 4433 eiusdem
1481 4378 1655 4433 Fabri
1718 4380 2102 4436 coniecturam
2165 4395 2659 4435 commemorarem

476 4465 684 4533 (quun
723 4465 1045 4521 universo
1083 4464 1323 4519 ordini
1357 4469 1496 4520 tum
1531 4465 1955 4534 primoribus
1991 4464 2297 4535 patrum).
