3230 5282
1472 604 1594 664 573
2421 617 2543 673 Lib.
2581 619 2697 673 XL.

561 787 717 871 Cap.
806 792 900 868 19,
984 791 1051 852 3:
1121 788 1611 853 Pestilentia
1700 790 1776 853 in
1859 792 2083 871 agr-is
2170 790 2539 873 forisque
2621 797 2700 855 et

390 894 976 961 conciliabulis
1046 903 1130 961 et
1192 897 1274 960 in
1341 896 1537 961 urbe
1626 903 1860 961 tanta
1928 905 2117 976 erat,
2184 903 2272 962 ut
2327 897 2700 962 Libitina

390 1009 582 1068 tunc
639 1005 770 1068 vix
826 1003 1285 1068 sufficeret.
1377 1004 1780 1069 Particulam
1827 1010 2022 1069 tunc
2080 1005 2316 1070 vitiose
2362 1006 2699 1071 abundare

387 1118 568 1176 recte
614 1111 1187 1176 Weissenbornius
1232 1111 1556 1177 intellexit
1614 1118 1682 1176 et
1739 1110 2116 1177 funerum
2172 1113 2393 1196 potius
2453 1114 2699 1196 signifi·

393 1219 720 1282 cationem
764 1219 1030 1301 requiri.
1118 1219 1280 1284 Eius
1327 1220 1532 1301 ipsius
1579 1220 1755 1284 vocis
1815 1221 2076 1284 initium
2135 1241 2495 1303 superesse,
2537 1228 2699 1303 puto

389 1326 457 1389 in
503 1324 761 1391 TUNG
827 1347 944 1409 pro
1014 1325 1313 1405 FUNE,
1382 1328 1737 1410 postremis
1794 1328 2035 1392 litteris
2093 1329 2314 1392 nescio
2365 1350 2494 1411 quo
2542 1350 2700 1393 casu

392 1435 798 1516 interceptis.
888 1433 1059 1498 Nam
1127 1434 1349 1499 Livius
1407 1436 1747 1517 scripsisse
1815 1435 2105 1498 videtur:
2176 1440 2262 1499 ut
2329 1435 2701 1500 Libitina

390 1539 830 1605 funeribus
878 1542 1008 1606 vix
1054 1541 1522 1622 sufficeret3
1570 1542 2117 1626 quemadmodum
2163 1541 2328 1622 XLI,
2366 1548 2529 1622 21,6
2568 1552 2703 1609 est:

393 1647 503 1711 Ne
582 1647 1036 1713 liberorum
1117 1649 1442 1731 quidem
1496 1649 1935 1714 funeribus
2015 1649 2393 1715 Libitina
2462 1651 2701 1716 suffi-

393 1756 769 1837 ciebat.¹)

570 1862 725 1946 Cap.
779 1868 876 1942 30,
925 1870 992 1927 7:
1063 1863 1185 1928 Ibi
1231 1870 1539 1929 stetere
1597 1864 1945 1946 Hispani
2012 1865 2302 1929 hostes
2366 1887 2697 1949 exspec-

393 1975 701 2049 tantes3
769 1972 1165 2037 Romanus
1224 1993 1411 2036 suos
1478 1974 1702 2036 intra
1746 1972 2038 2036 vallum
2098 1973 2515 2037 continuit
2561 1994 2701 2056 per

396 2079 926 2160 quatriduum
994 2081 1499 2158 continuum3
1569 2087 1644 2144 et
1700 2080 1835 2143 illi
1892 2081 2169 2144 eodem
2212 2080 2387 2146 loco
2448 2083 2696 2145 aciem

394 2185 889 2251 instructam
934 2193 1402 2252 tenuerunt.
1492 2187 1602 2250 Ab
1664 2187 2043 2251 Romanis
2111 2186 2314 2252 nihil
2379 2196 2689 2253 motum.
2732 2199 2872 2266 (468)

396 2290 483 2357 Ut
529 2292 669 2357 haec
714 2295 1092 2359 scribuntur
1137 2303 1202 2359 et
1237 2297 1808 2378 interpunguntur‚
1853 2294 2360 2359 intolerabiliter
2394 2296 2494 2359 bis
2528 2295 2701 2360 idem

399 2401 478 2465 de
547 2401 884 2484 HispaniS,
951 2402 1053 2466 bis
1123 2402 1201 2466 de
1269 2403 1580 2466 Romanis
1641 2402 1885 2466 dieitur
1941 2403 2385 2485 temporisque
2444 2403 2699 2467 notatio

398 2509 569 2590 (per
614 2509 1137 2591 quatriduum
1186 2510 1418 2590 cont.)
1466 2531 1669 2592 pravo
1716 2511 1860 2575 loco
1908 2508 2219 2574 adhaeret.
2301 2511 2507 2575 Recta
2551 2532 2701 2575 nar-

396 2618 567 2681 ratio
615 2618 768 2697 erit,
814 2619 867 2682 si
914 2619 1195 2701 primum
1242 2619 1541 2683 universe
1596 2640 1703 2683 res
1749 2617 2253 2701 significabitur,
2302 2617 2538 2684 deinde
2583 2639 2702 2702 per

395 2745 464 2789 se
513 2724 886 2804 adiicietur,
935 2747 1131 2808 quam
1179 2726 1288 2789 diu
1338 2726 1565 2790 eodem
1612 2732 1794 2790 statu
1850 2747 1956 2790 res
2001 2726 2343 2805 manserit,
2404 2727 2700 2791 oratione

395 2833 490 2896 sic
539 2832 900 2916 descripta:
969 2833 1092 2897 Ibi
1151 2839 1462 2897 stetere
1507 2833 1858 2916 Hispani
1904 2832 2184 2898 hostes
2231 2838 2702 2915 exspectan-

397 2946 545 3019 tes;
616 2940 1020 3005 Romanus
1090 2960 1278 3005 suos
1346 2942 1572 3003 intra
1638 2939 1935 3004 vallum
2013 2940 2447 3004 continuit.
2550 2938 2703 3002 Per

399 3049 928 3128 quatriduum
990 3049 1454 3112 continuum
1522 3054 1600 3110 et
1658 3046 1790 3110 illi
1859 3047 2133 3111 eodem
2200 3046 2377 3110 loco
2446 3046 2703 3108 aciem

395 3155 893 3220 instructam
949 3162 1394 3220 tenuerunt
1440 3162 1512 3216 ct
1557 3155 1651 3218 ab
1698 3154 2071 3217 Romanis
2128 3152 2335 3217 nihil
2389 3158 2700 3216 motum.

397 3262 661 3327 Excidit
717 3270 792 3327 et
848 3270 1001 3346 post
1057 3271 1108 3342 t,
1192 3267 1264 3326 ut
1332 3260 1490 3325 alibi
1558 3282 1690 3324 non
1755 3281 1906 3325 raro
1973 3260 2222 3324 factum
2289 3259 2550 3324 ostendi
2616 3259 2702 3323 ad

402 3369 480 3447 x,
530 3374 629 3450 21,
677 3375 731 3433 6.

571 3476 729 3561 Cap.
782 3480 880 3556 31,
928 3481 965 3540 9
1014 3476 1352 3542 scribitur:
1399 3496 1648 3560 prope
1690 3476 1864 3540 sine
1903 3476 2346 3539 certamine
2383 3475 2703 3558 capiun-

536 3789 890 3837 coronarnm,
947 3789 1061 3824 non
1115 3770 1335 3839 pondus
1391 3767 1640 3835 XXXIV,
1678 3770 1760 3835 52,
1796 3770 1857 3834 8,
1894 3765 2177 3834 XXXVII,
2223 3768 2307 3833 58,
2362 3769 2395 3819 4
2442 3771 2499 3820 et
2533 3766 2616 3834 59,
2654 3767 2704 3833 3,

535 3856 787 3921 XXXIX,
827 3858 909 3917 29,
946 3858 979 3909 6
1015 3859 1073 3908 et
1107 3858 1192 3921 42,
1231 3858 1280 3922 3,
1318 3855 1481 3908 huius
1520 3855 1652 3907 libri
1690 3872 1736 3907 c.
1776 3854 1897 3919 34‚8
1935 3858 1993 3906 et
2027 3855 2112 3917 43,
2149 3853 2197 3905 6.
2275 3849 2444 3918 1865]

447 3942 499 4007 ¹)
537 3941 666 4010 Cap.
707 3944 790 4006 21,
829 3943 860 3993 3
898 3940 1256 3995 scribendum
1293 3957 1429 4006 esse,
1465 3944 1532 3992 ut
1566 3943 1697 3992 ante
1735 3937 2077 3991 Gronovium
2106 3932 2479 3991 scribebatur:
2526 3934 2704 3988 viam

536 4026 878 4080 exercitui
912 4024 1170 4079 nulla‘m
1210 4042 1377 4090 esse,
1413 4024 1651 4092 paucis
1690 4029 1758 4077 et
1793 4023 2137 4091 expeditis
2171 4038 2290 4090 per
2326 4019 2700 4074 difficilli-

535 4129 705 4164 mum
755 4110 1170 4176 aditum(n0n
1207 4110 1448 4164 barbare
1485 4107 2128 4177 per-difficillimum
2156 4105 2462 4171 aditum),
2496 4102 2707 4173 signifi·

537 4196 659 4249 cavi
682 4200 812 4248 ante
835 4195 1039 4249 multos
1071 4213 1248 4248 annos
1281 4196 1338 4247 in
1358 4194 1550 4247 libello
1578 4193 1650 4248 de
1685 4194 1931 4245 Asconio
1967 4210 2020 4261 p.
2046 4194 2158 4256 146,
2197 4191 2292 4243 ubi
2330 4189 2481 4257 quod
2500 4187 2702 4242 Velleii

536 4281 853 4349 exemplum
888 4298 1003 4333 non
1041 4285 1233 4355 aptum
1272 4279 1405 4345 dixi,
1445 4284 1777 4345 corruptum
1813 4276 1998 4330 dicere
2035 4276 2216 4329 debui.
2289 4273 2355 4326 In
2392 4291 2511 4342 cap.
2549 4274 2633 4339 22,
2668 4274 2704 4324 4

535 4363 986 4418 emendationem
1024 4382 1057 4417 a
1090 4381 1180 4417 me
1217 4365 1350 4418 olim
1396 4364 1489 4431 (ad
1539 4363 1648 4417 Cic.
1685 4362 1808 4415 Fin.
1846 4380 1899 4430 p.
1938 4361 2059 4425 531)
2095 4358 2442 4429 propositam
2497 4354 2699 4423 (quod

537 4466 768 4503 rarum
803 4449 874 4503 in
909 4449 1073 4502 altis
1110 4448 1284 4502 locis
1322 4450 1451 4516 est)
1489 4447 1978 4503 Weissenbornius
2016 4450 2242 4499 secutus
2280 4446 2383 4495 est.

525 4802 1610 5170 Γ
1856 5130 1927 5169 1
2010 5114 2343 5169 ᾖ.
