3230 5282
531 601 655 655 Lib.
693 602 891 656 XXVI.
1629 594 1752 655 370

531 771 763 853 XXIV,
824 779 880 853 3,
948 779 1045 853 15,
1105 774 1335 854 XXVI,
1394 781 1497 856 24,
1550 782 1576 841 1
1632 778 1914 861 aliisque
1959 779 2171 862 locis.)
2284 782 2420 865 [IV,
2468 790 2573 865 43,
2620 794 2659 852 4
2706 792 2855 856 cod.

531 880 781 946 archet.
830 883 1064 948 habuit
1117 884 1194 948 id
1240 889 1561 968 tempus
1609 908 1729 969 pro
1779 887 1876 950 ad
1924 887 2002 951 id
2045 887 2123 969 t.]
2216 890 2424 956 Paulo
2471 900 2626 959 ante
2672 896 2735 978 (ἓ
2783 899 2856 977 6)

364 1009 504 1075 (303)
545 993 897 1063 admodum
941 993 1244 1074 suspicor
1291 991 1546 1057 Livium
1590 978 1960 1077 scripsisse:
2030 995 2149 1059 ita
2194 1000 2464 1064 socios
2511 1003 2607 1068 ad
2652 1008 2852 1071 reti-

525 1104 833 1169 nendos
890 1102 967 1165 in
1011 1099 1179 1165 fide
1225 1102 1533 1165 animos
1582 1122 1849 1166 eorum
1895 1100 2229 1168 ferendo
2277 1104 2425 1189 (pro
2471 1107 2854 1177 ferendo-

527 1211 702 1295 que)
760 1212 837 1274 in
894 1214 1255 1291 tempore
1312 1210 1618 1291 cuique*
1662 1208 2059 1273 auxilium
2116 1211 2361 1292 adiit,
2418 1219 2847 1299 particulam-

525 1339 652 1403 que
736 1324 1006 1402 propter
1082 1317 1461 1399 praecedens
1539 1317 1972 1399 gerundivum
2051 1318 2223 1382 male
2301 1320 2597 1389 additam
2666 1347 2846 1410 esse;

521 1423 1051 1510 perincommode
1131 1425 1303 1488 enim
1385 1423 1734 1488 consilium
1812 1431 1878 1490 et
1955 1427 2129 1491 ratio
2196 1427 2844 1519 instrumentumque

523 1532 779 1599 consilii
826 1531 1225 1615 exsequendi
1273 1531 1686 1615 copulantur.
1767 1530 1978 1614 [Idem
2021 1533 2339 1616 Rupertio
2385 1539 2594 1605 visum
2640 1543 2840 1626 erat]

694 1640 851 1724 Cap.
901 1645 1002 1718 41,
1054 1643 1091 1703 7
1139 1661 1341 1723 quum
1387 1639 1728 1704 ederetur:
1799 1639 2055 1703 Multa
2109 1642 2371 1707 millia
2426 1645 2836 1717 hominum

521 1769 724 1814 caesa
759 1755 1162 1832 captaque
1200 1756 1277 1813 et
1313 1755 1487 1812 octo
1524 1746 1969 1829 elephanti,
1997 1748 2569 1819 Weissenbornius
2607 1761 2836 1839 sensit,

518 1878 648 1921 non
696 1863 851 1940 apte
898 1877 978 1920 ex
1022 1875 1229 1921 caesa
1275 1860 1680 1939 captaque
1728 1853 1945 1919 audiri
1992 1856 2203 1920 solum
2250 1862 2490 1942 capti.
2592 1865 2720 1930 Sed
2765 1869 2832 1932 in

517 1965 567 2028 P
604 1963 914 2030 scribitur
959 1984 1162 2027 caesa
1207 1984 1355 2046 cap
1372 1969 1544 2028 taet
1590 1964 1732 2028 sine
1777 1961 1913 2028 ullo
1959 1965 2237 2047 vestigio
2284 1970 2627 2048 particulae
2662 1995 2826 2058 que.

515 2072 810 2156 Apparet
890 2072 1208 2136 excidisse
1285 2092 1631 2135 numerum
1711 2076 2057 2153 captorum
2122 2072 2458 2140 hominum
2527 2085 2593 2144 et
2660 2080 2830 2145 hanc

514 2180 718 2245 fuisse
766 2180 1090 2245 orationis
1136 2179 1445 2244 formam:
1506 2177 1770 2242 Multa
1824 2178 2091 2243 millia
2147 2180 2549 2249 hominum
2605 2208 2828 2267 caesa,

517 2293 758 2370 capta
805 2285 1036 2367 (sex?)
1085 2292 1163 2351 et
1210 2294 1396 2352 octo
1446 2285 1888 2369 elephant-i.
1981 2285 2229 2368 (1862.)

1385 2478 1570 2581 Lib.
1635 2477 1944 2559 XXVI.

683 2606 840 2695 Cap'.
890 2614 946 2691 2,
1004 2614 1043 2674 2
1091 2609 1233 2693 (ubi
1278 2610 1722 2695 improbatum
1769 2617 2085 2694 narratur
2131 2632 2172 2676 a
2218 2620 2470 2690 senatu,
2519 2616 2695 2696 quod
2745 2617 2819 2681 L.

509 2720 796 2785 Marcius
875 2720 1155 2784 militum
1231 2721 1565 2785 voluntate
1643 2719 2074 2803 propraetoris
2152 2720 2417 2784 titulum
2484 2723 2625 2804 ipse
2694 2724 2824 2790 sibi

506 2828 991 2911 imposuisset):
1073 2850 1236 2893 rem
1313 2827 1507 2892 mali
1588 2827 1934 2909 exempli
2017 2847 2192 2892 esse
2274 2863 2357 2872 —
2423 2829 2817 2898 sollemne

507 2937 1119 3020 auspicatorum
1176 2936 1685 3002 comitiorum
1743 2935 1821 2998 in
1881 2942 2164 2999 castra
2218 2970 2305 2979 —
2349 2939 2812 3006 transferri.

507 3043 734 3128 Neque
793 3045 1275 3129 auspicatus
1333 3043 1494 3108 alibi
1553 3064 1675 3127 pro
1725 3040 2047 3106 adiectivo
2093 3044 2419 3126 reperitur
2462 3067 2705 3129 neque,
2767 3052 2821 3113 si

505 3153 934 3234 reperiretur,
1002 3158 1182 3216 recte
1250 3152 1517 3216 comitia
1573 3151 1924 3234 auspicata
1981 3150 2388 3230 dicerentur,
2456 3154 2523 3218 in
2581 3156 2821 3236 quibus

503 3259 824 3325 habendis
891 3260 1191 3343 auspicia
1252 3261 1403 3343 capi
1470 3259 1792 3335 solerent,
1874 3278 2092 3339 neque
2160 3279 2241 3323 ea
2309 3262 2667 3343 appellatio
2735 3266 2818 3328 ad

503 3367 693 3432 huius
738 3368 866 3432 loci
912 3369 1306 3432 sententiam
1351 3366 1714 3451 quidquam
1761 3364 2110 3429 conferret.
2209 3366 2445 3449 Itaque
2489 3370 2618 3433 iam
2666 3379 2819 3436 ante

504 3474 748 3540 multos
816 3495 1025 3540 annos
1083 3473 1346 3559 (Opusc.
1402 3473 1604 3538 Acad.
1663 3472 1728 3536 11
1794 3495 1855 3555 p.
1908 3470 2060 3552 361)
2129 3473 2544 3541 scribendum
2612 3479 2819 3542 videri

503 3583 667 3646 dixi:
753 3582 1147 3648 sollemne
1231 3580 1913 3665 auspicandorum
1981 3581 2531 3664 comitiorum,
2605 3586 2668 3649 h.
2739 3608 2814 3666 e.,

502 3691 709 3773 captis
732 3691 1046 3774 auspiciis
1069 3690 1537 3766 habendorum,
1573 3686 2130 3772 quemadmodum
2167 3689 2564 3756 sollemne
2601 3693 2819 3760 clavi

500 3797 815 3881 figendi
862 3798 1029 3880 (VII,
1078 3802 1133 3878 3,
1172 3796 1237 3878 8)
1286 3797 1525 3861 dicitur
1570 3803 1639 3861 et
1683 3794 1941 3860 similia.
2024 3794 2247 3861 Simile
2283 3800 2588 3865 mendum
2624 3808 2817 3868 nota-

500 3913 641 3971 tum
697 3913 798 3971 est
854 3908 921 3971 in
975 3905 1145 3971 libro
1193 3904 1411 3984 XXII,
1473 3908 1583 3984 38,
1648 3908 1705 3968 3.
1818 3900 2004 3966 Infra
2045 3905 2115 3967 in
2160 3904 2287 3970 hoc
2333 3909 2549 3991 capite
2596 3908 2658 3993 (ἓ
2710 3912 2816 3993 10)

501 4015 712 4079 oratio
771 4015 837 4078 in
895 4013 1231 4079 codicibus
1290 4033 1526 4077 manca
1582 4011 1668 4077 ad
1727 4012 1900 4075 hanc
1942 4009 2222 4077 formam
2267 4015 2634 4097 supplenda
2679 4026 2813 4084 est:

498 4121 702 4200 Quid
771 4120 1257 4186 interfuisse
1315 4123 1537 4185 inter
1593 4119 1698 4182 Ti.
1749 4116 2308 4200 Sempronium
2366 4129 2437 4185 ct
2494 4126 2603 4187 Gn.
2649 4127 2814 4189 ΙΙΙ-

498 4229 726 4291 vium!
795 4229 894 4292 Ἠ.
951 4227 1490 4310 Sempronium,
1572 4247 1806 4309 quum
1881 4226 1948 4289 ei
2018 4244 2432 4294 servorum
2504 4235 2820 4298 exerci-

499 4344 627 4403 tus
698 4338 936 4403 datus
1015 4342 1265 4416 esset,
1345 4335 1570 4400 brevi
1640 4332 2030 4400 effecisse
2098 4360 2216 4416 ——;
2276 4335 2400 4402 Cn.
2449 4339 2812 4406 Fulvium

498 4445 945 4523 Quiritium
1036 4446 1567 4508 Romanorum
1660 4441 2107 4508 exercitum
2187 4478 2276 4489 —-
2357 4447 2812 4514 servilibus
