3230 5282
1497 606 1621 665 589
2265 659 2270 664 .
2431 616 2553 668 Lib.
2593 616 2709 669 XL.

403 787 744 871 Philippo,
792 778 932 852 sine
988 790 1229 853 iniuria
1271 790 1677 853 transituros
1739 809 1882 853 esse
1927 788 2289 852 Bastarnas
2337 787 2421 869 (c.
2473 793 2572 863 57,
2621 787 2708 865 4).

405 894 639 975 Itaque
685 917 891 978 prava
934 896 1086 961 fidei
1132 897 1377 960 mentio
1423 905 1551 974 est;
1600 917 1721 959 nec
1769 898 1981 959 minus
2028 917 2330 978 pravum,
2377 895 2553 977 quod
2599 895 2712 958 alii

403 1023 666 1084 quoque
701 1014 1066 1083 senserunt,
1103 1004 1295 1067 illud:
1344 1004 1557 1068 haud
1602 1005 1857 1067 multo
1907 1011 2091 1087 post
2125 1004 2429 1067 famam.
2496 1002 2713 1085 Scrip-

406 1117 586 1173 serat
634 1111 886 1175 Livius:
958 1112 1315 1192 Digressu
1385 1111 1664 1175 deinde
1726 1110 2102 1175 Cottonis
2171 1117 2254 1174 et
2319 1110 2711 1191 Antigoni

409 1215 489 1296 (c.
541 1221 640 1294 57,
691 1219 756 1297 3)
803 1219 1013 1283 haud
1060 1220 1311 1285 multo
1359 1228 1546 1303 post
1593 1221 1791 1282 fana
1834 1221 2124 1283 mortis
2169 1217 2543 1300 Philippi
2590 1238 2712 1280 ne-

405 1347 556 1407 que
604 1325 959 1391 Thraces
1008 1334 1130 1392 cet.
1201 1329 1382 1393 Duas
1429 1347 1660 1392 causas
1698 1329 1916 1392 Livius
1963 1327 2214 1391 indicat
2253 1326 2535 1389 turbatae
2582 1327 2711 1403 rei3

408 1455 485 1496 ex
546 1433 931 1515 digressu
1000 1436 1246 1499 factum
1316 1438 1676 1517 digressi
1757 1441 1978 1513 sunt3
2047 1457 2123 1498 ex
2179 1434 2389 1497 fama
2468 1433 2710 1495 factum

405 1541 722 1619 famam,
771 1544 950 1623 quod
997 1551 1184 1626 post
1229 1566 1347 1627 pro
1395 1544 1861 1627 praepositione
1919 1551 2256 1625 acceptum
2318 1547 2435 1604 est.
2528 1540 2712 1603 Unde

406 1649 524 1712 illa
580 1633 882 1733 pacato
954 1672 1148 1733 agro
1209 1652 1338 1715 huc
1383 1653 1840 1733 immigrarint,
1888 1652 2142 1728 nesci03
2208 1648 2497 1714 insiticia
2552 1668 2711 1724 esse,

406 1764 657 1820 certum
705 1766 823 1835 est,
873 1760 995 1824 nisi
1044 1760 1340 1843 quaedam
1378 1759 1856 1823 interciderunt
1890 1765 2041 1820 ante
2079 1758 2453 1838 digressu
2490 1753 2715 1817 huius-

408 1866 614 1929 modi:
707 1866 1020 1929 Ρτὶιιιιι
1111 1867 1445 1948 ingressi
1534 1876 1709 1929 sunt
1787 1874 2056 1946 pacate
2146 1864 2456 1943 agmine.
2582 1863 2714 1925 Di-

408 1994 697 2053 gressu
765 1974 1057 2039 deinde
1128 1975 1504 2041 Cottonis
1575 1984 1699 2039 cet.
1792 1974 1918 2038 Sed
1978 1996 2058 2036 ne
2105 1973 2402 2055 proxima
2449 1969 2715 2053 quidem

409 2079 644 2144 mendo
694 2071 916 2146 carere
963 2085 1297 2163 videntum
1366 2105 1580 2164 neque
1639 2084 1809 2146 enim
1869 2090 2045 2145 recte
2095 2082 2434 2144 Bastarnae
2491 2084 2711 2159 empto

407 2190 700 2253 contenti
747 2212 890 2255 esse
939 2213 1090 2255 non
1148 2194 1522 2274 potuisse
1560 2193 1867 2254 dicuntur
1913 2190 2086 2272 (quae
2134 2189 2305 2252 enim
2350 2188 2446 2250 vis
2494 2185 2714 2249 obsta-

409 2296 619 2378 batP),
690 2298 1013 2380 longeque
1061 2301 1257 2363 aliam
1320 2300 1865 2381 significationem
1934 2298 2038 2361 hic
2106 2318 2255 2359 non
2327 2297 2717 2377 poterant

411 2402 637 2483 habet,
685 2405 881 2470 aliam
928 2409 992 2470 in
1040 2410 1337 2490 proximo
1384 2408 1679 2471 membro
1728 2407 1835 2487 (in
1893 2406 2211 2488 agmine
2259 2399 2714 2479 contineri).

414 2511 797 2591 Requiritur
876 2517 1205 2580 sententia
1282 2516 1689 2580 huiusmodi:
1771 2534 2014 2596 neque
2096 2513 2556 2587 Bastarnae,
2626 2513 2716 2571 ut

413 2627 678 2702 empto
738 2625 1111 2688 contenti
1180 2631 1483 2700 essent,
1554 2624 1736 2705 cogi
1807 2626 2194 2704 poterant
2262 2618 2540 2683 autin
2586 2636 2718 2697 ag-

412 2727 619 2791 mine
688 2733 1095 2795 contineri
1163 2732 1321 2812 (vel:
1402 2752 1660 2813 neque
1741 2731 1949 2793 Bast.
2021 2734 2286 2810 empto
2356 2723 2719 2789 contenti

414 2843 651 2897 erant
720 2846 857 2900 aut
924 2840 997 2901 in
1045 2859 1233 2920 agm.
1297 2845 1500 2902 cont.
1572 2835 2021 2920 poterant);
2087 2834 2203 2898 sed
2251 2855 2329 2896 ea
2375 2832 2544 2895 effici
2590 2831 2718 2893 nisi

415 2943 736 3007 violenter
781 2947 1100 3026 nequit.¹)
1190 2947 1565 3030 Sequuntur
1612 2946 1691 3007 de
1754 2945 1931 3006 exitu
1981 2950 2198 3005 motus
2245 2941 2720 3003 Bastarnarum

418 3046 556 3111 haec
604 3050 664 3130 (ξ
714 3056 749 3114 ’7
797 3061 862 3117 et
908 3054 1003 3133 8):
1054 3054 1246 3118 Inde
1284 3060 1468 3118 orta
1507 3052 1939 3126 dissensio,
1976 3050 2164 3112 aliis
2199 3046 2718 3122 redeundum,

416 3159 607 3224 aliis
710 3162 1296 3242 penetrandum
1411 3163 1482 3224 in
1576 3158 2076 3224 Dardaniam
2168 3153 2718 3219 censentibus.

416 3268 788 3351 Triginta
864 3269 1112 3332 ferme
1194 3268 1456 3333 millia
1535 3268 1942 3331 hominum
2025 3264 2448 3343 (Clondico
2518 3261 2721 3323 duce

416 3376 779 3457 profecti
828 3377 1088 3456 erant)
1137 3383 1749 3459 pervenerunt;‚
1790 3382 2063 3445 cetera
2109 3369 2551 3435 multitudo
2599 3387 2723 3429 re-

416 3490 578 3560 tr0‚
629 3504 782 3563 qua
825 3492 1253 3563 venerant,
1305 3483 1826 3568 Apolloniam
1872 3480 2409 3544 meridianam
2454 3475 2724 3557 regio-

417 3612 587 3655 nem
645 3592 1007 3673 repetiit.
1089 3592 1212 3656 Vix
1253 3593 1348 3657 sic
1393 3592 1566 3656 nude
1614 3595 2163 3673 pervenerunt
2199 3587 2327 3651 dici
2364 3590 2604 3667 potest,
2652 3586 2727 3645 ut

417 3699 532 3761 sit:
604 3700 701 3763 ad
756 3699 1022 3764 locum
1092 3701 1593 3766 destinatum
1664 3702 2220 3781 pervenerunt
2298 3694 2476 3777 [nam
2548 3692 2725 3776 apud

418 3806 647 3870 Horat.
696 3808 815 3889 Ep.
877 3808 925 3885 I,
998 3813 1094 3884 17,
1145 3812 1224 3870 38
1269 3807 1464 3872 facile
1512 3808 1782 3871 auditur
1849 3800 2383 3883 Corinthum];
2451 3823 2572 3866 nec
2631 3799 2724 3865 al-

413 3915 543 3977 teri
580 3914 694 3992 illi,
731 3917 841 3995 qui
878 3917 1235 3993 redierunt,
1263 3917 1475 3979 minus
1512 3918 1968 3996 pervenerunt.
2038 3910 2135 3973 Ne
2173 3911 2556 3992 parenthesi
2582 3909 2725 3990 qui-

468 4200 513 4268 ¹)
552 4200 810 4254 Proxime
849 4202 922 4254 ad
959 4221 1152 4257 verum
1190 4203 1455 4258 accedere
1491 4201 1713 4254 videtur
1751 4201 1872 4253 haec
1917 4200 2214 4268 scriptura:
2254 4212 2472 4264 neque
2510 4195 2724 4248 Thra-

556 4303 665 4338 ces
703 4289 1116 4340 commercio
1154 4287 1404 4342 faciles
1442 4293 1644 4339 erant
1678 4302 1903 4353 neque
1943 4285 2293 4336 Bastarnae
2329 4288 2720 4350 emptocon-

554 4372 761 4437 tenti;
802 4390 921 4426 nec
959 4379 1279 4441 poterant
1314 4374 1380 4425 in
1420 4373 1694 4439 agmine
1732 4370 2100 4432 contineri,
2140 4385 2216 4419 ne
2258 4371 2364 4419 cet.
2439 4363 2726 4418 Particula

556 4462 672 4509 aut
707 4473 776 4509 ex
813 4458 1075 4511 extremis
1110 4457 1314 4511 litteris
1351 4457 1504 4510 verbi
1542 4459 1873 4524 poterant
1909 4459 2032 4507 orta
2067 4452 2300 4504 videtur.
2375 4449 2575 4519 (1865.)
