3230 5282
587 610 711 665 Lib.
750 610 840 664 IV.
1687 600 1808 662 116

590 783 965 862 subiicitur,
1037 783 1371 849 consulem
1430 782 1708 851 Cossum
1771 784 1839 849 in
1907 785 2259 851 annalibus
2316 785 2596 870 septimo
2644 784 2905 850 demum

589 913 760 956 anno
797 898 946 975 post
979 891 1178 963 fuisse
1219 892 1413 973 tradi,
1451 912 1648 977 quam
1683 893 1896 978 spolia
1923 894 2143 977 opima
2165 894 2431 978 ceperit,
2469 915 2670 979 quum
2694 893 2907 978 spolia

590 1001 809 1084 opima
869 1000 1033 1064 Livii
1100 1002 1432 1066 sententia
1494 1002 1624 1067 nisi
1691 1022 1732 1066 a
1788 1002 2057 1067 consule
2128 1003 2277 1086 capi
2342 1022 2475 1068 non
2542 1002 2899 1086 potuerint.

589 1108 841 1172 Deinde
918 1108 1248 1191 quomodo
1325 1110 1383 1174 is
1462 1130 1675 1190 error,
1756 1111 2131 1195 quicunque
2202 1116 2329 1190 est,
2420 1111 2499 1175 in
2568 1131 2655 1175 eo
2728 1130 2903 1175 esse

587 1221 837 1299 potest,
910 1217 1086 1299 quod
1160 1219 1440 1301 septimo
1509 1238 1682 1284 anno
1750 1224 1903 1302 post
1974 1218 2199 1284 consul
2267 1219 2556 1283 traditur
2613 1216 2897 1283 Cossus?

587 1324 757 1388 Nam
839 1326 907 1389 in
986 1325 1112 1390 hac
1179 1326 1326 1409 ipsa
1380 1348 1453 1391 re
1510 1347 1696 1392 error
1750 1347 1895 1392 esse
1951 1331 2199 1411 potest;
2278 1327 2394 1392 sed
2451 1327 2619 1392 alius
2675 1328 2899 1393 nescio

589 1434 774 1497 cuius
817 1435 911 1498 rei
962 1456 1146 1499 error
1191 1422 1268 1498 in'
1306 1435 1430 1500 hac
1476 1456 1621 1501 esse
1668 1435 1919 1517 nequit.
2014 1433 2175 1511 Quae
2220 1434 2457 1500 deinde
2502 1435 2643 1500 haec
2687 1437 2902 1501 oratio

588 1545 721 1605 est:
792 1543 858 1606 si
915 1542 1047 1606 hic
1104 1564 1333 1608 error
1388 1544 1467 1607 in
1525 1564 1619 1608 ea
1674 1564 1756 1607 re
1816 1543 1953 1621 sit,
2022 1544 2468 1608 communis
2528 1543 2903 1608 omnibus

590 1651 1095 1716 existimatio
1155 1651 1322 1716 est?
1392 1649 1838 1734 Quisquamne
1884 1649 2137 1716 audivit
2182 1650 2249 1716 si
2292 1650 2418 1716 hoc
2462 1651 2658 1716 modo
2704 1651 2902 1717 verbo

589 1759 1006 1824 existimandi
1062 1759 1338 1824 similive
1394 1761 1461 1824 in
1522 1759 2039 1841 interrogatione
2086 1758 2398 1843 pendenti
2445 1758 2904 1825 subiunctum‘?

535 1896 552 1903 -
587 1867 823 1931 Totam
911 1889 1050 1933 rem
1141 1868 1568 1952 expediverat
1644 1866 2010 1933 Gronovius
2088 1888 2220 1932 una
2298 1868 2525 1933 littera
2603 1867 2897 1933 sublata:

589 1973 784 2050 Quis
846 1997 936 2040 ea
993 1975 1141 2059 (pro
1189 1977 1437 2059 quisi
1485 1977 1602 2058 ea)
1650 1976 1727 2040 in
1771 1996 1855 2040 re
1903 1977 2013 2041 sit
2057 1997 2310 2056 error,
2369 1976 2580 2060 quod
2623 2011 2712 2021 —
2753 1976 2900 2041 ha-

587 2083 860 2162 beant,
933 2084 1449 2149 existimatio
1506 2084 1952 2149 communis
2010 2083 2377 2149 omnibus
2436 2090 2579 2150 est.
2693 2082 2902 2149 Caute

593 2192 813 2256 Livius
860 2192 1008 2256 aliis
1057 2191 1560 2257 existimandum
1607 2191 1954 2275 relinquit,
2024 2192 2174 2275 quis
2222 2212 2406 2257 error
2454 2191 2542 2257 sit
2585 2192 2651 2256 in
2698 2213 2902 2257 anna-

588 2300 742 2364 lium
802 2301 1161 2365 uotationis
1221 2299 1672 2384 discrepantia
1726 2321 1770 2387 a
1824 2304 2245 2365 monumento
2303 2299 2387 2364 ab
2446 2300 2743 2384 Augusto
2801 2302 2900 2365 in-

591 2413 819 2492 specto
867 2414 932 2472 et
976 2407 1333 2491 spoliorum
1380 2409 1745 2491 opimorum
1789 2407 2025 2490 lege.¹)

453 2536 556 2599 (07)
767 2513 923 2598 Cap.
973 2519 1083 2593 21,
1144 2521 1213 2579 6:
1283 2515 1841 2581 Pestilentior
1893 2514 2082 2581 inde
2140 2537 2396 2581 annus
2457 2551 2545 2561 —
2588 2521 2901 2581 tantum

586 2630 877 2689 metum
949 2623 1390 2689 vastitatis
1458 2625 1536 2689 in
1594 2623 1792 2690 urbe
1855 2623 2243 2709 agrisque
2300 2622 2536 2705 fecit,
2604 2630 2694 2689 ut
2746 2647 2901 2690 non

587 2733 812 2797 modo
881 2732 1295 2816 praedandi
1357 2754 1606 2798 causa
1664 2734 2092 2818 quisquam
2150 2753 2239 2797 ex
2298 2753 2488 2816 agro
2544 2734 2901 2799 Romano

587 2863 736 2905 nou
785 2842 1049 2905 exiret
1091 2876 1178 2885 —
1220 2877 1323 2919 —‚
1374 2842 1512 2907 sed
1558 2841 1784 2905 ultro
1829 2840 2288 2920 Fidenates,
2336 2842 2475 2924 qui
2519 2862 2599 2906 se
2643 2842 2901 2926 primo

587 2956 727 3013 aut
805 2949 1104 3034 oppido
1186 2956 1324 3015 aut
1400 2949 1812 3014 montibus
1880 2954 2025 3013 aut
2089 2949 2345 3013 muris
2414 2954 2895 3027 tenuerant,

639 3195 685 3262 ¹)
722 3195 811 3248 Ad
864 3196 924 3249 id
977 3193 1418 3261 defendendum,
1484 3194 1637 3263 quod
1698 3195 1809 3247 hoc
1865 3195 2050 3263 capite
2106 3192 2139 3262 ξ
2195 3196 2228 3246 7
2280 3193 2508 3262 legitur:
2574 3192 2713 3247 Hoc
2765 3211 2898 3263 ego

721 3299 914 3349 quum
951 3281 1332 3348 Augustum
1371 3279 1703 3334 Caesarem
1738 3307 1807 3316 —
1845 3297 1912 3334 se
1957 3281 2179 3348 ipsum
2227 3280 2293 3332 in
2338 3278 2632 3333 thorace
2678 3279 2900 3332 linteo

722 3366 1059 3435 scriptum
1111 3366 1365 3434 legisse
1420 3364 1788 3432 audissem,
1851 3364 1905 3418 h.
1962 3383 2040 3433 e.,
2108 3383 2187 3420 ex
2239 3365 2552 3432 Augusto
2612 3368 2709 3417 aut
2760 3365 2895 3417 Au·

723 3457 994 3520 gustum
1033 3450 1380 3505 dicentem
1418 3451 1790 3517 audissem,
1838 3468 1868 3504 e
1902 3450 2048 3505 libro
2087 3451 2137 3518 1,
2192 3451 2270 3516 16,
2327 3452 2359 3502 2
2395 3448 2537 3502 nihil
2576 3450 2897 3518 argumenti

719 3537 838 3604 peti
876 3541 1090 3604 potcst3
1128 3553 1258 3589 nam
1297 3535 1501 3589 credo
1541 3536 1748 3591 alicui
1788 3535 2059 3604 aliquid
2105 3552 2257 3589 esse
2293 3534 2403 3588 alio
2434 3540 2491 3588 et
2522 3540 2660 3588 noto
2694 3550 2901 3604 genere

723 3621 955 3687 dicitur3
1010 3624 1202 3688 potest
1256 3637 1323 3673 ex
1377 3620 1427 3687 I,
1484 3623 1574 3688 23,
1631 3625 1688 3674 7:
1745 3622 2038 3675 iniurias
2085 3649 2152 3660 —-
2190 3625 2256 3675 et
2309 3636 2432 3689 ego
2487 3636 2721 3688 regem
2771 3636 2894 3673 no-

721 3712 933 3760 strum
962 3704 1288 3759 Cluilium
1326 3724 1599 3762 causam
1636 3708 1921 3762 huiusce
1957 3724 2105 3760 esse
2141 3705 2311 3760 belli
2349 3705 2625 3759 audisse
2652 3704 2900 3759 videor

721 3809 843 3846 nec
889 3796 956 3844 te
1004 3789 1246 3845 dubito
1291 3819 1360 3829 -
1406 3792 1639 3846 eadem
1683 3809 1825 3861 prae
1871 3798 1937 3845 te
1981 3791 2176 3846 ferre.
2272 3789 2371 3859 [Et
2414 3806 2650 3859 prorsus
2699 3788 2898 3843 eodem

720 3876 889 3930 modo
948 3875 1154 3930 audio
1219 3876 1518 3944 aliquem
1574 3895 1678 3947 pro
1735 3895 1827 3944 ee,
1893 3876 2047 3946 quod
2112 3881 2201 3931 est
2263 3876 2611 3930 dicentem
2664 3873 2900 3942 audio,

723 3968 992 4030 sequente
1039 3962 1363 4016 accusativo
1413 3980 1539 4016 cum
1586 3961 1869 4016 infinitivo
1916 3962 1962 4030 (s
1976 3961 2024 4028 e)
2061 3962 2277 4015 Plinius
2329 3961 2522 4029 posuit
2557 3959 2736 4029 Epist.
2773 3958 2900 4026 Vn,

721 4051 803 4114 24,
834 4050 888 4100 5:
931 4046 1186 4101 Audivi
1221 4048 1453 4116 ipsam,
1493 4067 1693 4116 quum
1730 4048 1897 4101 mihi
1934 4047 2446 4102 commendaret
2480 4045 2755 4116 nepotis
2792 4047 2899 4098 sui

723 4133 980 4201 studia,
1044 4134 1267 4188 solere
1323 4150 1531 4187 se...
1571 4134 1810 4187 laxare
1874 4133 2170 4187 animum
2233 4132 2385 4186 lusu
2450 4130 2900 4198 calculorum,

722 4218 947 4273 solere
1012 4225 1327 4288 spectare
1395 4220 1853 4288 pantomimos
1922 4234 2107 4285 suos,
2182 4217 2397 4272 Seneca
2456 4220 2646 4270 autem
2699 4216 2900 4269 rhetor

723 4304 981 4358 Controv.
1019 4304 1090 4372 11,
1144 4307 1206 4358 13
1244 4304 1319 4372 (5)
1355 4322 1408 4373 p.
1453 4307 1550 4358 175
1587 4306 1708 4374 Bip.
1731 4304 1852 4372 (204
1870 4303 2093 4370 Kiessl.)
2133 4303 2389 4357 subiecta
2425 4301 2683 4356 oratione
2714 4305 2899 4354 recta:

723 4387 924 4456 Quam
998 4389 1248 4442 multas
1322 4393 1572 4442 matres
1647 4389 1878 4444 audivi
1949 4388 2072 4442 illo
2138 4393 2474 4458 tempore:
2565 4385 2899 4453 Quidnam

723 4474 930 4542 volui,
970 4491 1111 4542 quae
1148 4475 1438 4543 peperi?
1477 4478 1537 4527 et
1572 4473 1955 4542 Quintilianus
1993 4473 2144 4541 VIII,
2183 4475 2231 4541 5,
2271 4471 2378 4542 21.]
