3230 5282
1448 643 1568 704 173
2378 655 2505 712 Lib.
2541 656 2664 711 VII.

357 826 582 907 10,11,
631 830 715 891 24
760 827 925 907 init„
971 826 1048 908 V,
1095 830 1196 907 26,
1247 831 1305 891 9.
1372 824 1587 892 Taciti
1630 847 1827 892 usum
1871 827 2155 923 omitto.)
2223 826 2389 912 [Nec
2430 834 2667 914 pectus

349 933 666 1001 ferociam
712 933 953 1016 differt,
997 932 1180 1020 quod
1219 934 1454 1000 Weiss,
1499 933 1819 1018 reliquit]

520 1040 682 1126 Gap.
756 1047 867 1123 12,
938 1047 975 1107 5
1044 1063 1174 1107 non
1242 1042 1474 1109 dubito
1554 1044 1717 1126 quin
1780 1043 2089 1109 mendum
2150 1044 2365 1110 lateat
2428 1045 2498 1109 in
2561 1043 2667 1111 his

347 1150 598 1216 verbis:
667 1149 902 1216 Alius
971 1150 1368 1217 adventus
1424 1150 1783 1217 hostium
1829 1151 1992 1217 fuit
2036 1154 2397 1237 proximo
2442 1152 2667 1219 bello

349 1260 573 1342 agris
641 1258 1120 1325 terribilior
1186 1280 1420 1343 quam
1474 1259 1681 1325 urbi.
1796 1259 1967 1324 Nam
2024 1281 2238 1345 neque
2302 1262 2668 1345 proximo

348 1366 606 1448 bello,
674 1367 1090 1452 praecedente
1158 1373 1313 1432 ante
1379 1367 1674 1452 quinque
1739 1366 1944 1433 verba
1996 1373 2158 1433 tam
2213 1369 2668 1454 propinqui

348 1474 548 1541 belli
596 1475 1061 1560 appellatione,
1107 1475 1187 1549 de
1232 1476 1552 1560 temporis
1594 1476 2090 1560 propinquitate
2123 1475 2416 1559 intellegi
2449 1483 2672 1561 potest

350 1583 464 1665 (—
506 1584 658 1649 loco
704 1588 927 1648 autem
972 1583 1241 1648 minime
1285 1583 1657 1667 proximum
1702 1590 1847 1649 erat
1878 1584 2355 1668 Tarquiniense
2398 1583 2667 1666 bellum,

349 1692 723 1777 praesertim
766 1712 917 1755 cum
962 1691 1226 1756 Tiburti
1259 1696 1389 1755 aut
1430 1690 1718 1756 Hernico
1765 1698 2219 1777 comparatum
2261 1691 2395 1774 —),
2454 1713 2669 1776 neque

350 1799 605 1881 Livius,
674 1820 878 1882 quum
932 1799 1165 1864 eodem
1221 1820 1395 1865 anno
1442 1799 1648 1864 alium
1691 1798 1985 1866 hostium
2029 1799 2385 1865 adventum
2431 1808 2672 1884 praeter

350 1907 732 1973 Tiburtium
799 1905 1050 1972 factum
1119 1912 1453 1989 narraret,
1521 1929 1674 1973 eum
1737 1908 2038 1992 proximo
2104 1907 2281 1974 bello
2349 1907 2670 1974 accidisse

353 2016 704 2095 scriberet,
769 2021 1091 2098 tanquam
1137 2014 1218 2080 de
1262 2016 1464 2081 rebus
1511 2022 1807 2100 tempore
1853 2015 2164 2081 diiunctis
2211 2016 2467 2097 dicens3
2536 2038 2670 2082 om-

352 2124 642 2208 ninoque
684 2122 930 2188 bellum
970 2122 1228 2188 nullum
1271 2129 1412 2187 tum
1454 2121 1601 2202 fuit,
1650 2123 1768 2188 sed
1814 2122 1899 2189 ob
1942 2122 2114 2189 hanc
2146 2123 2662 2208 populationem,
2701 2141 2842 2211 (146)

353 2230 554 2296 rebus
624 2231 959 2316 repetitis,
1028 2251 1069 2295 a
1121 2231 1433 2314 proximis
1491 2230 1874 2297 consulibus
1931 2231 2179 2297 bellum
2237 2231 2673 2315 Tarquinien-

355 2338 537 2405 sibus
594 2339 920 2403 indictum
976 2344 1098 2404 est.
1189 2337 1454 2423 [Itaque
1511 2340 1715 2404 etiam
1770 2359 2002 2420 anno,
2058 2339 2238 2424 quod
2281 2361 2401 2424 pro
2448 2337 2671 2405 bello

353 2445 597 2527 Faber,
689 2468 905 2530 nuper
983 2447 1098 2511 alii
1190 2445 1507 2511 substitui
1597 2445 1977 2526 voluerunt,
2079 2447 2323 2512 falsum
2398 2468 2471 2512 re
2550 2452 2669 2528 est,

354 2576 486 2622 non
532 2554 749 2620 solum
792 2555 1157 2620 mutatione
1200 2552 1685 2637 improbabile]
1775 2554 2066 2634 Accedit,
2112 2554 2289 2638 quod
2332 2556 2403 2620 in
2447 2555 2673 2621 codice

356 2664 716 2748 archetypo
760 2664 907 2745 fuit,
952 2669 1029 2728 ut
1069 2664 1138 2728 in
1179 2661 1503 2728 MPLIHI
1553 2669 1675 2742 est,
1721 2682 1952 2746 quam
1996 2663 2468 2731 terribilior
2512 2663 2672 2747 (non

355 2771 837 2838 terribilior
892 2769 1182 2854 quam),
1251 2791 1399 2855 quae
1466 2772 1800 2855 scriptura
1856 2777 1925 2836 et
1978 2771 2289 2837 mendum
2345 2774 2565 2855 arguit
2607 2777 2676 2836 et

357 2879 731 2963 corrigendi
774 2880 947 2943 viam
985 2880 1335 2944 ostendere
1370 2878 1650 2944 videtur.
1709 2877 1880 2943 Nam
1923 2880 1992 2944 in
2035 2881 2408 2964 proximo
2454 2879 2673 2945 bello

355 2987 569 3053 latere
637 2986 835 3053 credo
914 2988 1431 3069 comparativum
1499 2987 1773 3052 alterius
1833 2986 2141 3052 adiectivi
2159 3037 2174 3067 ,
2248 2988 2355 3052 cui
2410 2993 2673 3053 contra-

355 3096 533 3160 rium
615 3097 706 3161 sit
759 3095 1253 3174 terribilior,
1329 3093 1457 3159 hac
1524 3093 1769 3161 forma:
1851 3094 2376 3161 exitiabilior
2452 3095 2675 3178 agris

356 3225 600 3286 quam
681 3202 1163 3268 terribilior
1243 3201 1448 3267 urbi.
1570 3204 1669 3268 De
1746 3204 1893 3286 ipso
1958 3202 2283 3268 vocabulo
2348 3201 2514 3267 nihil
2558 3201 2675 3267 ad-

351 3310 571 3377 firmo.
661 3310 980 3393 (1875.)¹)
1079 3310 1334 3376 Eodem
1393 3311 1610 3393 capite
1667 3308 1701 3394 ξ
1753 3314 1826 3374 11
1885 3310 2325 3375 recentissimi
2382 3309 2675 3375 editores

351 3420 833 3499 restituerunt,
893 3417 1071 3500 quod
1127 3419 1197 3483 in
1254 3416 1610 3503 archetypo
1658 3418 1815 3483 fuit:
1885 3419 2282 3484 adversus
2337 3417 2671 3499 hostem,

351 3548 591 3610 quem
655 3532 980 3610 tempus
1049 3525 1540 3592 deteriorem
1594 3528 1677 3590 in
1736 3526 1912 3592 dies
1970 3532 2049 3591 et
2102 3525 2309 3592 locis
2367 3526 2674 3591 alienis

351 3635 678 3700 faceret
731 3636 913 3700 sine
958 3639 1426 3718 praeparato
1473 3640 1948 3714 commeatu,
2006 3636 2177 3700 sine
2222 3633 2460 3700 firmo
2508 3655 2675 3698 mu-

353 3743 723 3808 nimento
770 3747 1249 3821 morantem,
1318 3740 1414 3806 ad
1456 3741 1608 3807 hoc
1652 3743 1759 3807 iis
1807 3743 2295 3826 corporibus
2342 3743 2673 3807 animis-

351 3872 507 3934 que
553 3856 680 3915 cet.
784 3849 913 3915 Sed
969 3870 1184 3933 neque
1243 3854 1323 3914 et
1377 3869 1498 3934 pro
1555 3851 1795 3915 etiam
1850 3849 1965 3915 illo
2010 3849 2154 3915 loco
2199 3851 2413 3935 accipi
2455 3854 2678 3933 potest

350 3979 573 4041 neque
652 3956 792 4023 ulla
854 3957 964 4023 hic
1031 3963 1137 4023 est
1199 3962 1318 4022 aut
1383 3956 1720 4023 adiunctio
1787 3962 1906 4022 aut
1969 3957 2332 4023 adscensus
2398 3956 2542 4039 (sed
2607 3958 2675 4021 in

348 4067 674 4151 proximis
719 4066 816 4131 ad
871 4064 1084 4147 hoc);
1150 4087 1274 4131 nec
1325 4064 1644 4130 faceret
1698 4069 1852 4149 post
1906 4064 2117 4131 locis
2175 4065 2473 4130 alienis
2518 4070 2673 4149 apte

347 4175 650 4258 ponitur.
763 4173 850 4238 Et
914 4179 1137 4238 tamen
1194 4195 1410 4258 neque
1466 4172 1679 4238 locis
1737 4172 2031 4238 alienis
2090 4193 2212 4257 pro
2269 4174 2673 4240 nominativo

719 4312 822 4319 ‘2-

409 4362 460 4425 1)
501 4358 650 4412 Olim
697 4361 1030 4429 scripseram
1074 4359 1416 4429 proximis
1456 4359 1637 4412 bello
1658 4359 1860 4427 agris.
1933 4358 2045 4414 Sed
2089 4377 2291 4429 parum
2336 4365 2488 4414 recte
2524 4360 2674 4428 agri

498 4444 688 4498 bello
717 4446 1094 4514 propinqui
1124 4445 1406 4512 dicuntur,
1435 4445 1753 4514 praesertim
1780 4444 1875 4512 qui
1893 4444 2006 4513 ipsi
2028 4446 2179 4498 bello
2202 4450 2508 4499 vastentur.
2566 4442 2620 4511 [ξ
2640 4445 2674 4496 2

499 4527 799 4598 Siesbyeus
832 4547 937 4599 pro
972 4530 1262 4584 inscitia
1297 4531 1620 4599 suspicatur
1653 4528 2013 4584 scribendum
2050 4547 2172 4584 esse
2206 4531 2273 4583 in
2289 4525 2626 4596 scientia]
