3230 5282
695 624 822 682 Lib.
859 623 903 678 1.
1811 612 1895 674 60

696 797 1177 881 quinquaginta
1199 797 1490 863 millibus
1514 804 1835 880 constare,
1858 796 2409 881 quemadmodum
2421 796 2501 878 X,
2529 801 2629 877 36,
2649 802 2728 863 14
2751 818 2786 862 6
2800 798 3001 882 apti-

696 927 966 972 vorum
1024 927 1401 972 numerus
1460 927 1636 972 esse
1692 914 2000 991 septem
2043 906 2387 971 millium
2433 905 2673 972 dicitur
2717 912 2785 971 et
2827 904 3004 991 apud

698 1013 1071 1080 Cornelium
1126 1013 1450 1099 Nepotem
1509 1015 1750 1099 Iphicr.
1812 1020 1849 1079 2
1919 1016 2338 1081 exercitus
2391 1036 2768 1080 numerus
2825 1035 3001 1081 esse

700 1123 1120 1191 duodecim
1186 1123 1531 1188 millium
1590 1129 1658 1188 et
1711 1123 1782 1188 id
1836 1145 2045 1207 genus
2101 1145 2236 1189 non
2289 1122 2563 1207 pauca),
2629 1123 2817 1189 video
2874 1124 3004 1188 iam

696 1230 1014 1297 Rhenano
1080 1232 1147 1296 in
1213 1239 1496 1297 mentem
1550 1232 1821 1297 venisse.
1934 1231 2039 1313 (In
2096 1231 2321 1297 codice
2366 1232 2723 1316 archetypo
2766 1231 3000 1297 fuisse:

695 1340 981 1406 Tertia
1049 1339 1345 1406 classis
1412 1341 1492 1405 in
1561 1340 1614 1405 L
1679 1339 2028 1405 millium
2094 1346 2249 1420 cet.‚
2338 1361 2418 1405 ex
2483 1339 2866 1405 MRPLlHl
2939 1350 3004 1405 et

697 1450 1097 1514 deteriorum
1140 1449 1473 1514 nonnullis
1518 1448 1947 1532 intellegitur.
2056 1447 2291 1515 Fuisse
2338 1450 2670 1533 suspicor,
2727 1449 2841 1531 qui
2886 1457 3006 1514 aut

697 1559 774 1622 in
822 1559 1075 1623 tertia
1122 1556 1388 1622 classe
1426 1556 1627 1622 scribi
1661 1557 1877 1636 vellet,
1914 1556 2464 1638 quemadmodum
2498 1558 2794 1638 sequitur
2829 1557 3006 1641 apud

695 1667 952 1731 Livium
984 1667 1063 1731 in
1098 1670 1394 1748 quarta
1430 1665 1716 1745 classe,
1764 1672 1883 1731 aut
1917 1666 2012 1730 sic
2045 1665 2489 1749 intellegenda
2521 1665 2724 1731 verba
2758 1666 3008 1748 signifi-

697 1782 910 1856 caret3
957 1776 1052 1840 816
1096 1774 1506 1858 adscriptum
1549 1776 1631 1839 in
1676 1774 1914 1839 deinde
1959 1773 2091 1839 alio
2134 1773 2280 1839 1060
2324 1774 2647 1840 insertum
2691 1774 2885 1856 esse.)

868 1882 1025 1968 Cap.
1074 1888 1188 1962 45,
1251 1887 1317 1945 1:
1385 1884 1646 1947 Aucta
1712 1883 2057 1948 civitate
2124 1882 2685 1965 magnitudine
2752 1883 3005 1949 urbis,

694 1992 847 2058 Non
904 1998 1184 2074 augetur
1241 1991 1473 2056 civitas
1530 1991 1716 2056 urbis
1770 1990 2254 2075 magnitudine,
2321 1989 2439 2055 sed
2482 1997 2683 2056 aucta
2723 1991 2871 2075 ipsa
2914 1993 3008 2057 ci-

694 2101 873 2166 vium
925 2121 1200 2166 numero
1256 2099 1488 2165 urbem
1542 2099 1760 2183 poscit
1813 2098 2158 2178 maiorem,
2214 2105 2292 2163 ut
2345 2100 2490 2183 ipse
2533 2098 2756 2165 Livius
2802 2120 2856 2164 c.
2902 2105 3008 2181 44,

704 2212 740 2272 3
801 2208 1064 2273 scribit:
1131 2207 1244 2272 Ad
1310 2228 1476 2272 eam
1543 2206 2160 2272 multitudinem
2226 2206 2423 2272 urbs
2480 2227 2791 2291 quoque
2848 2229 3009 2273 am-

696 2315 1170 2400 plificanda
1256 2316 1438 2380 visa
1525 2321 1673 2380 est.
1795 2314 1949 2381 Sine
2027 2314 2229 2380 dubio
2312 2316 2669 2400 scripserat
2744 2315 3000 2382 Livius:

695 2426 962 2489 Aucta
1031 2423 1368 2488 civitate
1423 2430 1484 2485 et
1536 2423 2095 2506 magnitudine
2152 2423 2407 2488 urbia
2522 2423 2735 2502 Quam
2790 2424 3007 2490 facilis

694 2533 897 2598 fuerit
942 2551 1142 2611 error,
1188 2536 1485 2615 apparet.
1576 2529 1823 2614 (1861.)

871 2638 1066 2725 *Cap.
1113 2645 1215 2720 46,
1263 2644 1301 2704 ’7
1349 2638 1490 2721 (ubi
1534 2639 1913 2706 referuntur
1955 2638 2187 2706 Tulliae
2230 2641 2500 2707 minoris
2547 2662 2694 2706 cum
2737 2640 2808 2706 L.
2844 2640 3007 2706 Tar-

702 2750 929 2833 quino,
989 2749 1210 2814 mariti
1254 2748 1490 2829 fratre,
1549 2750 1794 2814 sororis
1838 2750 2077 2815 marito
2125 2749 2513 2831 sermones):
2585 2756 2664 2815 et
2706 2771 2788 2814 86
2833 2770 3012 2815 rec-

698 2860 868 2925 tius
961 2857 1282 2922 viduam
1370 2864 1452 2921 et
1539 2857 1768 2935 illum
1858 2857 2212 2924 caelibem
2305 2857 2677 2923 futurum
2752 2856 3011 2922 fuisse

701 2965 1203 3032 contendere
1250 2964 1749 3049 (contendebat)
1795 2986 2029 3049 quam
2076 2987 2247 3031 cum
2291 2966 2582 3050 impari
2625 2966 2869 3048 iungi,
2921 2972 3013 3030 ut

702 3074 1456 3157 elanguescendum
1511 3073 1787 3139 aliena
1841 3074 2170 3156 ignavia
2224 3081 2459 3166 essetf
2572 3072 2732 3150 Quae
2792 3074 2882 3138 sit
2934 3073 3007 3137 in

702 3183 806 3248 his
851 3186 1172 3267 pravitaS,
1230 3182 1610 3266 apparebit,
1671 3184 1727 3248 si
1771 3183 1838 3245 in
1883 3189 2133 3247 rectam
2179 3183 2544 3248 orationem
2586 3182 3006 3247 transtuleri-

699 3314 876 3372 mus;
931 3291 1072 3356 haec
1118 3291 1290 3355 enim
1335 3292 1496 3355 erit:
1563 3290 1668 3355 Et
1723 3311 1865 3373 ego
1922 3291 2240 3356 rectius
2297 3290 2540 3355 vidua
2594 3297 2675 3355 et
2730 3296 2815 3354 tu
2861 3310 3009 3354 cae-

702 3400 877 3464 lebs
932 3399 1239 3463 fuisses
1298 3401 1409 3476 (=
1450 3398 1814 3463 futurum
1870 3396 2153 3481 fuisse)
2211 3419 2446 3481 quam
2492 3419 2661 3463 cum
2705 3398 3012 3482 impari

703 3508 1115 3590 iungimur
1161 3504 1271 3587 (=
1315 3505 1597 3589 iungi),
1652 3512 1742 3571 ut
1787 3506 2529 3590 elanguescendum
2577 3527 2634 3571 a.
2681 3507 2833 3588 ign.
2882 3507 3010 3571 sit.

703 3616 908 3698 Atqui
953 3636 1074 3698 pro
1121 3634 1216 3693 ec,
1274 3614 1449 3695 quod
1497 3620 1626 3679 est:
1687 3635 1944 3696 quam,
2001 3614 2210 3697 quod
2253 3636 2461 3679 nunc
2503 3614 2809 3680 factum
2854 3621 3010 3693 est,

704 3725 1254 3805 iungeremur‚
1310 3721 1491 3787 nullo
1537 3722 1731 3787 modo
1779 3722 1910 3787 dici
1957 3730 2207 3808 potest:
2278 3744 2510 3806 quam
2565 3722 3013 3805 iungimur;

706 3853 915 3913 neque
959 3830 1401 3913 iungebantur
1444 3852 1636 3910 nunc,
1686 3830 1802 3896 sed
1845 3831 2055 3895 iuncti
2101 3839 2318 3912 erant3
2362 3832 2590 3915 itaque
2623 3853 2704 3896 ne
2739 3831 3013 3914 iunge-
3123 3827 3134 3837 “

703 3960 970 4004 remur
1013 3937 1276 4021 quidem
1320 3945 1569 4003 rectum
1617 3946 1814 4019 esset,
1860 3940 1976 4004 sed
2021 3940 2302 4018 iuncti,
2349 3939 2418 4003 id
2464 3948 2581 4018 est,
2627 3940 2692 4003 in
2741 3937 3017 4021 obliqua

705 4048 1029 4125 oratione,
1085 4046 1434 4112 iunctos.
1546 4046 1820 4113 Accedit
1864 4047 1948 4113 ad
1991 4048 2119 4114 hoc
2163 4048 2481 4113 orationis
2526 4049 2773 4127 vitium,
2833 4047 3016 4130 quod

702 4156 772 4220 in
831 4155 1056 4220 codice
1113 4154 1468 4239 archetypo
1524 4177 1657 4220 non
1714 4162 1969 4236 esset,
2038 4157 2154 4222 sed
2215 4177 2395 4222 esse
2443 4158 2759 4241 scriptum
2801 4154 3014 4221 fuisse

705 4269 970 4328 constat
1049 4263 1156 4341 (ex
1223 4262 1582 4342 MPLIHI,
1668 4264 2110 4330 deterioribus
2179 4262 2499 4347 quoque),
2580 4285 2659 4328 ex
2726 4285 2856 4346 quo
2923 4270 3015 4329 ut

704 4370 1089 4436 mendosum
1137 4391 1277 4435 esse
1325 4372 1656 4453 arguitur,
1723 4394 1841 4456 pro
1890 4394 2019 4455 quo
2065 4373 2135 4436 in
2179 4372 2621 4438 deterioribus
2669 4372 3011 4437 codicibus

702 4480 945 4563 partim
1003 4478 1321 4561 scriptum
1378 4485 1480 4543 est
1535 4478 1782 4559 haud,
1847 4482 2090 4565 partim
2134 4488 2289 4547 aut.
2401 4480 2502 4563 (In
2549 4481 2848 4548 Rhenani
2894 4480 3012 4546 ad-
