3230 5282
1453 628 1573 688 153
2413 639 2537 696 Lib.
2573 641 2668 697 VI.

339 808 751 892 relinquitur
794 811 962 876 illud
1004 812 1431 895 regionum
1475 811 1744 878 Italiae
1792 811 2164 893 medium,
2231 815 2299 878 in
2346 832 2474 896 quo
2522 815 2667 897 ipso

343 915 703 1000 displicent
769 921 1147 1002 regiones
1215 920 1484 985 Italiae
1551 922 1645 985 sic
1711 919 1965 985 infinite
2035 920 2227 986 dictae
2292 944 2411 1005 pro
2472 921 2672 987 Italia

343 1022 649 1105 (Italiae
691 1027 1086 1109 medium).
1175 1028 1443 1108 Vereor,
1501 1049 1582 1093 ne
1629 1029 1967 1112 genetivus
2012 1030 2669 1110 regionum'ortus

342 1133 438 1195 sit
506 1153 586 1197 ex
651 1134 1050 1217 praecedenti
1130 1135 1514 1202 classium
1593 1144 2128 1201 externarum
2195 1138 2669 1220 scripseritque

352 1239 611 1305 Livius:
691 1242 1084 1322 regione·
1163 1243 1430 1308 Italiae
1500 1243 1831 1308 mediam.
1957 1245 2194 1324 Recte,
2266 1245 2667 1309 enumeratis

349 1349 750 1429 commodis,
832 1372 977 1433 quae
1057 1353 1124 1415 in
1201 1351 1330 1415 loci
1397 1352 1606 1433 ipsius
1675 1358 1918 1417 natura
1985 1358 2052 1415 et
2118 1352 2381 1434 ingenio
2450 1352 2671 1434 posita

351 1466 581 1535 erant,
639 1458 1021 1541 adiungitur
1064 1459 1321 1541 regiO,
1378 1458 1505 1524 hoc
1551 1466 1671 1539 est,
1730 1461 1894 1524 situs
1939 1460 2008 1523 in
2056 1465 2238 1523 certa
2281 1459 2488 1524 totius
2534 1459 2668 1523 Ita·

347 1563 460 1628 liae
510 1563 793 1646 parte.1)

527 1669 684 1755 Cap.
745 1677 857 1752 55,
931 1678 960 1736 1
1024 1673 1496 1740 adnotaveram
1542 1674 1769 1756 (1861)
1817 1677 1886 1739 in
1930 1674 2063 1739 his:
2132 1674 2485 1740 Movisse
2532 1695 2668 1739 eos

343 1777 748 1844 Camillus
941 1782 1253 1846 dicitur
1297 1783 1656 1848 admodum
1702 1783 1864 1847 dure
1912 1804 2045 1849 eos
2089 1781 2324 1847 referri
2367 1781 2452 1846 ad
2497 1784 2671 1847 cives

342 1908 405 1951 c.
471 1891 581 1966 50,
650 1892 689 1951 8
748 1890 1049 1955 universe
1113 1890 1549 1973 significatos,
1617 1890 1915 1972 velleque
1961 1912 2064 1955 me
2108 1891 2340 1954 liceret
2385 1890 2670 1955 scribere

340 1995 663 2059 animos
741 2004 860 2061 aut
923 1997 1306 2063 homines.
1432 1997 1602 2062 Ecce
1673 1998 1727 2062 V
1794 2000 2040 2062 omittit
2116 2019 2510 2081 pronomen,
2593 2004 2669 2062 ut

338 2124 668 2169 movere
714 2104 1019 2169 absolute
1066 2105 1332 2170 dicatur
1381 2104 1747 2187 (Eindruck
1792 2105 2118 2187 macheu),
2178 2112 2256 2169 ut
2297 2105 2413 2184 ΠΙ,
2460 2110 2562 2185 47,
2613 2108 2671 2185 3,

339 2210 586 2293 XXVI,
633 2216 736 2291 24,
783 2215 842 2293 8,
887 2211 1214 2294 xxxva,
1265 2218 1363 2293 15,
1413 2219 1470 2293 9,
1516 2213 1816 2294 XXXIX,
1869 2217 1925 2293 5,
1973 2217 2032 2293 2,
2082 2214 2165 2278 al.
2258 2211 2506 2294 (1873.)

1321 2387 1506 2470 Lib.
1572 2387 1712 2470 VI.

527 2516 685 2603 Cap.
736 2522 793 2599 3,
842 2523 878 2583 '7
924 2521 1029 2584 vix
1075 2519 1306 2585 dubito
1353 2521 1511 2602 quin
1553 2521 1623 2583 in
1667 2520 1801 2585 his:
1851 2518 2095 2597 Quum
2140 2541 2278 2602 pro
2327 2541 2412 2585 se
2459 2521 2671 2604 quis-

340 2649 507 2711 que
563 2626 1001 2693 tenderent
1056 2628 1155 2693 ad
1210 2634 1496 2712 portas
1542 2664 1644 2709 —‚
1692 2627 2022 2694 clausas
2081 2628 2192 2710 (id
2249 2628 2454 2693 enim
2513 2628 2673 2712 pri-

339 2758 558 2801 mum
637 2736 1005 2801 dictator
1083 2736 1661 2820 imperaverat)
1730 2743 2016 2820 portas
2082 2737 2511 2801 inveniunt
2581 2736 2674 2801 al·

340 2853 576 2910 terum
620 2851 907 2928 portas
964 2845 1307 2909 invenuste
1350 2847 1710 2927 repetitum
1753 2852 1932 2910 recte
1980 2845 2277 2910 omiserit
2324 2844 2468 2911 cod.
2515 2844 2672 2909 Lov.

343 2958 391 3017 2
449 2952 689 3031 scriba,
735 2953 1060 3037 probatus
1107 2974 1149 3017 a
1194 2952 1336 3018 solo
1382 2952 1714 3018 Douiatio.
1806 2952 2123 3035 (1861.)²)

409 3118 459 3186 ¹)
496 3119 674 3173 Paulo
719 3125 852 3189 post
897 3118 949 3189 (ἓ
985 3119 1039 3188 6)
1088 3121 1227 3173 satis
1266 3125 1481 3174 certum
1518 3126 1628 3188 est,
1676 3127 1943 3190 corrupta
1978 3138 2100 3175 esse
2136 3121 2283 3175 haec:
2333 3137 2499 3188 quae,
2536 3137 2672 3172 ma·

493 3205 644 3270 lum,
681 3206 867 3260 ratio
904 3210 1007 3259 est
1043 3206 1354 3273 expertis
1392 3206 1526 3260 alia
1562 3206 1904 3277 experiri?
1943 3206 2226 3260 Namnec
2262 3205 2486 3258 dativus
2524 3209 2678 3259 recte

493 3293 728 3360 ponitur
784 3296 883 3345 aut
936 3292 1215 3361 experti
1261 3292 1518 3346 absolute
1564 3293 1832 3348 dicuntur
1877 3309 1981 3346 nec
2027 3291 2167 3345 alia
2215 3290 2527 3360 expertis
2574 3306 2678 3358 pro

496 3377 687 3445 aliis,
743 3383 964 3446 atque,
1004 3377 1274 3446 experti
1331 3378 1512 3432 estis
1564 3377 1759 3433 Livius
1819 3377 1976 3431 dixit.
2067 3377 2178 3431 Sed
2224 3374 2680 3430 emendationem

494 3480 613 3516 non
656 3463 894 3532 reperio.
983 3450 1128 3515 Nam
1189 3462 1292 3515 his
1347 3463 1650 3518 desertis
1694 3464 2006 3519 violentum
2051 3467 2159 3530 est,
2209 3461 2515 3515 desertis
2562 3478 2676 3514 ex-

493 3547 714 3617 pertis
771 3546 1030 3613 (desertis
1083 3547 1183 3615 iis,
1249 3565 1374 3616 quae
1430 3559 1660 3618 experta
1715 3547 1867 3616 sunt)
1925 3549 2237 3602 orationem
2287 3546 2461 3600 habet
2514 3546 2680 3600 nimis

499 3634 696 3686 duram
734 3639 793 3686 et
827 3633 1131 3686 insolitam.
1221 3630 1320 3700 [Et
1369 3640 1560 3688 tamen
1597 3635 1678 3689 sie
1715 3635 1922 3688 dicitur
1958 3651 2001 3687 c.
2041 3637 2123 3700 21,
2174 3635 2237 3686 12
2274 3632 2576 3686 deiectis
2612 3659 2683 3669 —·

494 3718 806 3785 armatis3
853 3718 1046 3787 itaque
1082 3718 1377 3787 Ussingius
1424 3721 1679 3788 spretis
1725 3720 2047 3789 expertis.
2121 3718 2246 3786 Ego
2284 3734 2353 3770 ex
2389 3734 2483 3784 eo,
2531 3716 2684 3785 quod

493 3805 555 3856 in
581 3803 642 3871 P,
669 3803 892 3871 Kloek.‚
927 3803 1254 3871 Helmstad.,
1283 3805 1548 3859 Rottend.
1580 3811 1668 3859 est
1705 3804 2030 3874 (expertis
2067 3803 2252 3856 latos
2290 3801 2463 3870 alia),
2501 3806 2683 3855 tenta-

495 3890 628 3943 bam
665 3890 978 3958 expertis
1014 3889 1241 3943 iratos
1280 3891 1415 3944 alia
1452 3908 1591 3959 exp.
1633 3890 1809 3958 (1861)
1847 3895 1944 3943 aut
1980 3888 2289 3958 expertis
2327 3886 2587 3954 lassos]

401 3975 460 4042 ²)
498 3972 655 4042 [Cap.
703 3977 760 4042 2,
834 3977 891 4028 11
947 3975 1008 4029 in
1061 3975 1313 4043 pleniore
1350 3977 1472 4031 eod.
1519 3976 1647 4031 Ver.
1699 3975 2004 4044 scriptura:
2060 3979 2137 4028 ut
2188 3974 2419 4026 minor
2469 3973 2685 4026 moles

497 4060 996 4127 superantibus
1055 4061 1318 4115 vallum
1371 4061 1725 4116 militibus
1776 4060 2117 4114 munitum
2154 4059 2226 4112 in
2261 4063 2491 4112 castra
2526 4057 2686 4111 Vol-

497 4161 769 4199 scorum
811 4145 1144 4200 Romanis
1197 4146 1431 4213 fuerit,
1479 4164 1673 4214 quam
1719 4145 2395 4199 transcendentibus
2442 4160 2687 4212 saepem

498 4230 826 4284 incendio
864 4232 1296 4300 absumptam
1330 4232 1557 4286 fuerat
1592 4231 1882 4300 aptissime
1919 4231 2067 4286 inter
2102 4248 2160 4284 se
2196 4229 2394 4284 referri
2434 4230 2687 4283 vallum

497 4316 859 4370 militibus
935 4317 1271 4371 munitum
1348 4316 1473 4384 (mit
1536 4316 1807 4371 Soldaten
1870 4317 2087 4371 besetzt
2147 4316 2265 4370 und
2327 4314 2564 4384 garnirt)
2628 4318 2688 4367 et

500 4418 760 4470 saepem
825 4402 1150 4457 incendio
1215 4403 1652 4472 absumptam
1718 4408 1967 4471 apparet.
2071 4401 2217 4456 Nam
2279 4418 2382 4471 per
2435 4418 2492 4454 se
2548 4399 2689 4466 (sine

500 4488 796 4556 militibus)
833 4489 1044 4542 vallum
1078 4505 1194 4542 non
1228 4488 1468 4543 multum
1505 4488 1787 4543 molestiae
1826 4485 2108 4556 habebat]
