3230 5282
423 559 433 570 ’
513 661 520 662 f
575 607 698 661 Lib.
736 605 983 659 xxxiv.
1392 678 1399 690 ἱ
1671 595 1796 653 494

577 785 796 843 ortum
874 797 1018 842 esse
1100 797 1179 840 ex
1244 777 1523 840 umbra
1589 778 1887 840 etenim
1954 783 2095 854 aut,
2180 798 2310 859 quo
2380 776 2565 841 ducit
2631 776 2890 842 fieret

578 884 975 968 (fierent),
1060 883 1506 949 scribendum:
1587 892 1674 948 ut
1752 884 2216 946 umbraclum
2285 884 2575 956 (media
2640 893 2885 949 aestas

577 994 652 1059 fo
670 1000 792 1058 rte
840 991 1042 1071 erat)
1080 1013 1134 1055 c.
1161 992 1200 1055 i.
1227 991 1269 1055 l.
1297 990 1560 1056 fieret.
1634 991 1804 1055 Nam
1840 990 2249 1056 umbraclum
2285 990 2360 1056 fit
2396 999 2462 1055 et
2498 993 2885 1056 exstruitur-

1394 1182 1578 1263 Lib.
1647 1181 2034 1264 XXXIV.

749 1314 908 1398 Cap.
959 1318 1024 1391 2,
1094 1317 1129 1376 2
1202 1313 1298 1394 (in
1353 1313 1438 1378 M.
1502 1312 1772 1379 Catonis
1852 1320 2086 1379 contra
2152 1312 2651 1396 abrogationem
2717 1314 2885 1396 legis

576 1424 805 1507 Oppiae
877 1422 1243 1502 oratione):
1322 1420 1547 1484 Nunc
1617 1421 1825 1486 domi
1894 1422 2110 1486 victa
2175 1421 2529 1486 libertas
2598 1428 2882 1486 nostra

575 1531 1062 1615 impotentia
1117 1528 1501 1593 muliebri
1560 1529 1693 1593 hic
1750 1550 2064 1612 quoque
2121 1530 2199 1592 in
2244 1528 2420 1594 foro
2469 1529 2881 1594 obteritur

577 1648 654 1704 et
701 1639 1072 1702 calcatur
1118 1644 1223 1715 et,
1285 1638 1475 1720 quia
1534 1636 1903 1718 singulas
1953 1638 2362 1701 sustinere
2409 1659 2559 1701 non
2607 1638 2883 1720 potui-

579 1768 757 1824 mu8‚
805 1746 1230 1809 universas
1275 1743 1715 1808 horremus.
1806 1743 2093 1808 Verbum
2143 1745 2560 1809 sustinere
2604 1766 2734 1808 non
2780 1750 2889 1808 est-

571 1856 638 1919 in
698 1853 782 1933 B;
851 1839 1177 1918 novicium
1248 1872 1393 1916 esse
1466 1852 1782 1916 orationis
1851 1852 2234 1934 supplendae
2302 1852 2580 1917 fulcrum
2626 1852 2881 1934 (quam-

576 1983 773 2046 quam
823 1961 901 2025 de
950 1960 1044 2037 M,
1099 1966 1177 2023 ut
1231 1960 1456 2023 multis
1503 1959 1694 2037 lociS,
1753 1958 1915 2022 nihil
1962 1960 2292 2040 notatur),
2352 1969 2636 2041 arguunt
2682 1961 2881 2024 etiam

571 2067 1092 2134 Drakenborchii
1139 2067 1413 2145 codices,
1461 2088 1739 2149 quorum
1786 2066 1914 2131 duo
1953 2066 2168 2147 (Voss.
2208 2073 2275 2131 et
2308 2067 2460 2132 Low
2501 2072 2536 2130 6
2584 2088 2623 2130 a
2668 2069 2887 2149 prima:

572 2177 799 2257 manu)
859 2197 978 2259 pro
1027 2196 1102 2239 eo
1148 2175 1603 2238 restituere
1649 2175 1925 2253 habent,
1982 2196 2148 2239 unus
2195 2175 2373 2254 (Lov.
2428 2173 2489 2254 1)
2534 2174 2875 2238 restrin-

572 2306 778 2368 gere,
838 2290 990 2366 post
1035 2283 1442 2364 potuimus
1489 2282 1795 2364 positum.
1898 2283 2038 2347 Nec
2084 2289 2313 2365 aptum
2357 2282 2424 2345 id
2471 2280 2739 2345 verbum
2783 2288 2882 2346 est

572 2398 690 2456 aut
732 2392 951 2474 ipsum
1001 2389 1434 2472 potuimus,
1496 2391 1810 2472 quoniam
1856 2410 2001 2453 cum
2047 2388 2548 2472 reprehensione
2593 2389 2881 2452 notanda

573 2505 673 2562 est
720 2517 924 2562 causa
967 2497 1142 2573 mali,
1188 2517 1319 2560 non
1365 2496 1617 2562 factum
1665 2517 1809 2560 esse
1854 2496 1941 2575 id,
1987 2497 2167 2579 quod
2211 2496 2353 2561 fieri
2400 2497 2722 2562 debuerit.
2782 2496 2879 2577 (Si

578 2605 900 2671 sustinere
936 2624 1068 2668 non
1104 2610 1479 2686 potuerant,
1524 2604 1709 2669 nulla
1743 2611 1888 2668 erat
1924 2604 2166 2689 culpa.)
2235 2604 2414 2669 Nihil
2449 2604 2879 2689 supplendum

577 2721 710 2792 est,
781 2713 895 2777 sed
952 2710 1310 2776 tollendum
1372 2712 1709 2791 mendum,
1780 2712 1956 2796 quod
2001 2714 2199 2778 latet:
2270 2714 2462 2794 quia
2520 2712 2880 2795 singulas

574 2842 727 2884 non
775 2820 1228 2896 domni-u,
1289 2821 1728 2885 universas
1777 2819 2208 2885 horremus.
2302 2819 2362 2902 [ἓ
2415 2825 2489 2884 13
2538 2820 2878 2902 Ussingius

574 2926 737 2991 vidit
785 2928 878 2991 sic
924 2928 1516 3010 interpungendum
1563 2948 1732 2991 esse:
1790 2962 1875 2972 —-
1921 2936 2264 3010 sperate,
2310 2929 2529 3011 ipsas
2575 2927 2883 2991 modum

573 3036 935 3099 licentiae
982 3034 1371 3099 facturas,
1470 3035 1649 3099 Nisi
1697 3055 1832 3099 vos
1883 3035 2237 3115 facietis,
2281 3036 2682 3100 minimum
2729 3034 2879 3098 hoc

575 3178 677 3206 —.
767 3142 1076 3226 Alioquin
1136 3163 1279 3206 esse
1337 3142 1651 3207 debebat:
1721 3143 1948 3225 ipsas
2007 3177 2094 3187 —-
2151 3142 2550 3219 facturaS‚
2621 3143 2684 3205 si
2742 3163 2883 3205 vos

574 3271 728 3314 non
773 3250 1132 3312 faciatis,
1231 3248 1440 3331 1863]

749 3354 907 3438 Cap.
970 3360 1039 3433 3,
1113 3361 1141 3418 1
1206 3358 1298 3435 (in
1368 3358 1595 3421 eadem
1666 3356 2023 3436 oratione):
2092 3358 2549 3422 Recensete
2618 3356 2881 3421 omnia

575 3461 1020 3525 muliebria
1064 3462 1271 3539 iura,
1342 3464 1632 3544 quibus
1689 3464 2106 3528 licentiam
2154 3485 2426 3529 earum
2471 3463 2881 3546 adligave—

575 3568 749 3631 rint
825 3569 1171 3633 maiores
1236 3572 1521 3636 nostri.
1643 3571 1868 3635 Putidi
1933 3572 2154 3636 nescio
2225 3572 2384 3655 quid
2451 3569 2651 3636 habet
2715 3570 2880 3635 illud

575 3676 862 3753 omnia,
933 3678 1119 3756 quasi
1188 3678 1546 3741 cavendum
1614 3680 1729 3757 sit,
1799 3699 1881 3742 ne
1951 3678 2158 3742 ullum
2232 3680 2607 3757 omittatur,
2677 3699 2877 3760 quum

577 3782 938 3865 praesertim
1017 3790 1195 3848 recte
1276 3791 1341 3849 et
1409 3792 1562 3867 apte
1633 3786 2061 3875 adiungatur:
2143 3785 2435 3867 quibus
2514 3784 2878 3851 omnibus

575 3889 750 3972 (quae
830 3898 932 3954 tot
1007 3911 1275 3956 numero
1356 3892 1727 3974 reperietis)
1808 3894 2324 3958 constrictas
2403 3894 2531 3958 vix
2609 3899 2878 3957 tamen

575 3998 1005 4061 continere
1051 4000 1435 4080 potestis.
1538 3999 1612 4063 In
1658 3999 1713 4063 B
1761 4009 1888 4064 est:
1956 4000 2271 4064 Recens
2332 4005 2408 4064 et
2452 4021 2542 4065 ea
2586 4000 2885 4078 omnia;

576 4105 873 4186 suspicor
927 4105 993 4166 in
1051 4103 1166 4168 illo
1225 4105 1673 4171 Recensete
1720 4128 1759 4170 a
1806 4108 2070 4175 omnia
2129 4106 2366 4171 latere:
2436 4106 2887 4170 Recensete

575 4211 832 4275 animo
880 4209 1318 4276 muliebria
1362 4214 1558 4277 iura.
1653 4212 1935 4296 [Ibidem
1984 4214 2157 4296 quod
2205 4214 2450 4278 editur:
2499 4234 2640 4296 per
2685 4232 2879 4294 quae—

575 4337 724 4398 que
771 4317 1278 4383 subiecerint
1322 4322 1542 4399 viris,
1599 4342 1825 4384 verum
1869 4342 1999 4386 non
2047 4341 2190 4385 esse
2237 4321 2454 4403 arguit
2500 4342 2637 4403 per
2682 4340 2878 4400 quae—

573 4444 723 4504 que
781 4445 901 4506 pro
962 4430 1037 4488 et
1092 4448 1235 4509 per
1290 4448 1460 4507 quae
1518 4429 1807 4510 positum
1854 4435 1919 4491 et
1964 4428 2138 4509 quod
2185 4449 2384 4511 prave
2428 4427 2697 4492 licentia
2739 4446 2887 4490 mu—
