3230 5282
1489 555 1609 617 '739
2375 570 2498 624 Lib.
2536 570 2703 625 XLV.

402 739 617 805 vitat
663 739 863 823 (cod.)
910 743 1132 823 potest
1173 738 1383 804 latere
1443 741 1880 806 exciverat.
1972 740 2352 825 Sequuntur
2395 743 2463 807 in
2511 742 2705 808 editis

402 847 704 931 (excepto
765 846 1281 912 Weissenbornii
1343 848 1667 931 exemplo)
1728 848 1870 913 haec
1926 847 1989 931 (ἓ
2052 848 2377 938 12):‚1bi
2423 856 2501 915 et
2553 850 2704 915 Ro-

400 956 608 1020 mani
656 954 1198 1022 Solovettium
1244 953 1529 1020 ducem
1574 955 1998 1021 Gallorum
2044 955 2439 1041 Synnadis
2485 957 2704 1023 adlo-

400 1064 569 1131 cuti
614 1069 692 1129 et
724 1062 1054 1129 Attalus
1092 1082 1263 1127 cum
1301 1062 1415 1128 eis
1453 1063 1909 1147 profectus;
1956 1065 2095 1130 sed
2130 1070 2401 1131 castra
2439 1063 2704 1129 Gallo-

395 1179 565 1236 rum
607 1173 924 1237 intrare
971 1191 1141 1236 eum
1196 1190 1346 1235 non
1408 1170 1759 1254 placuit,
1820 1194 1913 1238 ne
1971 1174 2213 1238 animi
2260 1194 2349 1238 ex
2395 1172 2703 1256 discep-

394 1279 717 1346 tatione
764 1280 1338 1345 irritarentur.
1427 1280 1494 1344 P.
1543 1279 1912 1346 Licinius
1970 1301 2138 1346 cum
2195 1280 2478 1363 regulo
2528 1280 2701 1344 Gal-

394 1388 661 1454 lorum
729 1395 854 1454 est
917 1388 1245 1453 locutus
1301 1393 1424 1452 cet.
1518 1386 1707 1454 Ultra
1775 1410 2029 1454 omnem
2095 1387 2360 1455 modum
2427 1388 2700 1453 ridicule

391 1495 670 1562 Romani
737 1497 884 1575 ibi,
953 1495 1077 1561 hoc
1145 1502 1248 1561 est
1308 1493 1741 1574 Sardibus,
1810 1495 2239 1563 Solovettium
2304 1495 2701 1580 Synnadis

390 1595 682 1670 'adlocuti
722 1605 1047 1683 dicuntur,
1092 1605 1288 1687 idque
1328 1610 1685 1687 antequam
1718 1605 1787 1669 in
1823 1605 1964 1669 eius
2004 1610 2225 1669 castra
2258 1606 2695 1688 pervenerint;

395 1717 464 1777 et
498 1712 846 1777 subiicitur
878 1719 1059 1779 recto
1092 1712 1266 1778 loco:
1311 1713 1382 1777 P.
1418 1712 1786 1777 Licinius
1828 1747 1914 1757 —
1959 1718 2078 1778 est
2121 1713 2400 1778 locutu
2422 1735 2473 1791 s,
2516 1719 2698 1779 recto

388 1821 586 1886 etiam
625 1821 853 1902 verbo;
900 1842 1110 1904 neque
1156 1822 1326 1886 enim
1373 1820 1709 1885 adlocutio
1744 1819 1884 1884 haec
1919 1826 2081 1898 erat,
2128 1819 2244 1885 sed
2278 1820 2696 1904 colloquium.

385 1928 462 1993 In
508 1929 732 1994 codice
779 1936 909 1994 est:
957 1929 1082 1994 Ibi
1128 1929 1469 1995 Romani
1515 1949 1686 1993 cum
1733 1934 1808 1992 et
1846 1927 2383 1994 Solovettium
2423 1928 2700 1994 ducem

387 2035 805 2102 Gallorum
873 2036 1293 2122 Synnades
1361 2036 1803 2103 adlocutus
1871 2041 1947 2102 et
2014 2036 2232 2102 talus
2302 2044 2422 2102 cet.
2525 2036 2697 2102 Scri-

382 2143 677 2210 bendum
743 2146 950 2229 igitur
1014 2150 1251 2211 notata
1315 2144 1558 2210 lacuna
1602 2144 1979 2222 manifesta,
2041 2144 2127 2209 ad
2170 2144 2340 2209 hanc
2385 2145 2696 2210 formam:

380 2251 505 2318 Ibi
566 2254 902 2319 Romani
968 2274 1201 2336 quum
1273 2252 1856 2331 Solovettium,
1927 2252 2199 2318 ducem
2258 2252 2698 2332 Gallorum,

382 2358 792 2445 Synnadis
852 2382 1034 2427 esse
1094 2363 1729 2445 comperissent,
1801 2383 1889 2426 eo
1946 2360 2373 2445 proficisci
2431 2361 2696 2426 decre-

377 2475 575 2534 runt
631 2471 718 2531 ad
763 2470 1266 2549 colloquia-3
1334 2469 1671 2535 Attalus
1718 2491 1888 2534 cum
1936 2471 2052 2534 eis
2088 2470 2510 2554 profectus
2557 2476 2696 2561 cst3

382 2585 669 2644 castra
714 2577 1139 2645 Gallorum
1182 2580 1500 2645 intrare
1546 2599 1716 2644 eum
1763 2585 1884 2645 cet.
1934 2577 2107 2661 [Alia
2141 2580 2207 2643 in
2242 2578 2519 2645 eandem
2553 2598 2697 2643 sen-

379 2688 658 2752 tentiam
704 2690 966 2753 tentant
1010 2686 1347 2752 Hartelius
1395 2692 1462 2752 et
1505 2686 2057 2770 Wesenbergius.]
2147 2687 2486 2753 Postremo
2534 2685 2567 2769 §
2616 2691 2696 2750 14

381 2795 804 2860 scribendum
850 2802 975 2861 est:
1025 2803 1113 2860 ut
1156 2796 1439 2860 mirum
1499 2795 1771 2860 videri
1826 2797 2092 2879 possit
2137 2794 2283 2878 (pro
2352 2793 2692 2878 posset);

379 2923 462 2968 ex
525 2903 691 2968 Livii
755 2905 926 2968 enim
981 2924 1294 2988 persona,
1364 2923 1481 2968 suo
1529 2908 1825 2987 tempore
1884 2902 1961 2967 de
2020 2924 2091 2967 re
2147 2903 2482 2985 praeterita
2524 2901 2694 2967 iudi-

382 3012 626 3093 cantis,
673 3011 813 3077 haec
859 3011 1044 3092 addi,
1102 3016 1329 3095 aperte
1377 3010 1667 3076 ostendit
1709 3009 2003 3091 fuisse3
2048 3031 2199 3075 nam
2248 3010 2484 3075 Licinii
2529 3017 2693 3075 tem-

375 3140 536 3202 pore
579 3121 816 3185 mirum
860 3120 1066 3185 videri
1111 3124 1401 3203 poterat,
1447 3119 1690 3184 nullius
1733 3119 2046 3184 momenti
2093 3139 2275 3184 esse
2319 3119 2693 3202 legatorum

378 3227 599 3292 verba.
694 3228 898 3309 (Bene
953 3227 1297 3293 nobiscum
1364 3228 1499 3311 egit
1553 3226 1849 3307 fortuna,
1917 3248 2060 3310 quae
2117 3233 2375 3292 servato
2434 3225 2692 3309 Polybii

373 3334 744 3419 fragmento
790 3337 958 3402 scire
1002 3357 1125 3401 nos
1167 3335 1392 3415 voluit,
1441 3354 1639 3420 quam
1669 3334 2089 3419 impudenter
2120 3334 2343 3399 Livius
2380 3334 2692 3399 admirari

377 3463 449 3508 se
497 3443 781 3523 simulet,
829 3442 1094 3510 foedam
1139 3444 1587 3509 Romanorum
1633 3442 1932 3509 fraudem
1980 3441 2368 3524 occultans.)

548 3551 707 3637 Cap.
758 3556 856 3632 35,
904 3556 973 3616 7:
1033 3551 1286 3618 Totus
1330 3551 1913 3618 Macedonicus
1972 3551 2392 3616 exercitus
2437 3551 2678 3633 impe·
2716 3558 2857 3629 (616)

372 3661 633 3727 ratori
671 3666 852 3726 erat
894 3660 1426 3744 neglegenter
1469 3659 1903 3725 adfuturus
1940 3660 2298 3725 comitiis
2342 3658 2691 3724 ferendae

373 3768 446 3833 le
468 3770 590 3852 gis
637 3769 739 3851 (ut
782 3769 853 3833 L.
892 3767 1177 3847 AEmilio,
1226 3790 1355 3852 quo
1397 3767 1502 3833 die
1535 3767 1769 3833 urbem
1804 3767 2220 3852 triumphans
2255 3767 2689 3846 inveheretur,

369 3876 716 3961 imperium
762 3875 989 3958 esset).
1057 3875 1253 3941 Latet
1297 3876 1550 3961 aliquid
1593 3875 1831 3941 mendi.
1900 3862 2069 3941 Nam
2116 3881 2344 3942 totus
2391 3881 2469 3942 et
2511 3894 2688 3956 neg-

369 3983 746 4068 legenter
790 3984 1229 4050 adfuturus
1272 3984 1446 4051 inter
1490 4006 1560 4051 se
1605 3985 1800 4069 plane
1845 3991 2251 4070 repugnant3
2300 3983 2433 4047 Ser.
2472 3979 2686 4047 Galba

372 4091 634 4157 demum
679 4093 1071 4172 stimulavit,
1118 4098 1195 4157 ut
1236 4089 1610 4177 frequentes
1657 4092 1979 4159 adessent.
2061 4092 2293 4176 Neque
2338 4090 2498 4173 imp
2518 4109 2683 4154 era-

369 4201 533 4266 tori
580 4200 893 4280 adesse,
943 4208 1282 4283 tamquam
1325 4202 1393 4264 in
1439 4202 1736 4285 periculo
1782 4201 2106 4277 versanti,
2157 4197 2519 4276 debebant,
2566 4195 2682 4262 sed

369 4310 785 4374 comitiorum
820 4309 927 4375 die
963 4311 1224 4375 omnino
1262 4308 1512 4375 adesse.
1583 4309 1872 4375 Verbum
1908 4314 2090 4373 erat
2133 4304 2546 4371 incommode
2579 4325 2681 4369 re-

365 4422 655 4483 tractum
688 4424 788 4483 est
822 4424 976 4484 ante
1019 4417 1579 4502 neglegenter;
1629 4437 1747 4501 pro
1784 4437 1859 4483 eo
1894 4417 1963 4480 in
1999 4414 2140 4480 cod.
2178 4414 2487 4479 scribitur
2536 4413 2670 4476 ita.

2113 4532 2214 4585 47*
