3230 5282
1427 630 1544 691 721
2305 643 2429 697 Lib.
2466 643 2633 699 XLV.

325 834 454 882 cur
500 824 769 882 senatus
815 815 1211 899 praediorum
1255 817 1657 881 rusticorum
1708 814 2078 882 locationes
2138 815 2205 880 in
2249 814 2640 881 Macedonia

327 923 657 1005 (omnium
700 923 974 1008 ubique)
1021 923 1168 990 tolli
1213 924 1527 1004 voluerit,
1599 923 1684 989 ad
1742 945 1907 1007 quas
1964 922 2126 988 nihil
2185 924 2446 988 omnino
2492 946 2637 1009 per-

335 1033 549 1098 tinere
593 1032 902 1097 videntur
947 1052 1055 1111 ese,
1103 1052 1248 1114 quae
1296 1031 1768 1112 subiiciuntur‚
1818 1053 2063 1113 causae;
2108 1033 2286 1115 ipsa,
2345 1052 2489 1117 quae
2540 1054 2638 1098 se·

321 1148 640 1223 quuntur,
675 1141 877 1206 verba
911 1148 1170 1206 tantum
1194 1138 1278 1204 ad
1312 1140 1654 1206 metallum
1681 1140 2159 1206 accommodari
2197 1151 2506 1224 possunt:
2544 1162 2636 1207 ne

335 1248 559 1332 ipsos
587 1249 907 1333 quidem
930 1248 1421 1314 Macedonas
1449 1248 1660 1314 idem
1697 1269 2082 1314 exercere
2116 1269 2386 1332 posse3
2413 1249 2633 1330 (scrib.

324 1367 482 1423 cu'm
518 1356 695 1423 CreV.
732 1358 810 1423 id
845 1377 1255 1436 exercere3
1303 1377 1335 1421 c
1370 1355 1648 1422 adhaesit
1683 1378 1762 1421 ex
1795 1357 2097 1441 proxima
2130 1377 2305 1436 voce,
2342 1365 2484 1422 tum
2519 1358 2636 1422 ad-

326 1465 543 1532 ditum
586 1465 692 1548 n).
762 1466 1003 1530 Postea
1048 1485 1327 1549 quoque,
1376 1464 1490 1529 ubi
1536 1465 1837 1530 AEmilius
1885 1463 2129 1544 consul,
2180 1485 2322 1547 quae
2370 1474 2634 1532 senatus
2690 1509 2699 1516 -

333 1575 631 1641 universe
678 1574 1085 1652 decreverat,
1133 1594 1211 1638 ex
1255 1573 1315 1637 X
1358 1573 1726 1657 legatorum
1772 1573 2098 1638 sententia
2141 1575 2433 1657 pressius
2482 1595 2637 1640 con-

327 1684 571 1748 stituta
615 1684 1002 1767 pronuntiat
1071 1680 1153 1762 (c.
1205 1685 1304 1762 29,
1355 1681 1482 1764 11),
1530 1682 1672 1747 sola
1728 1681 1995 1746 metalla
2050 1682 2193 1745 auri
2251 1684 2634 1765 argentique

321 1792 622 1857 exerceri
667 1797 1004 1871 vetantur3
1073 1789 1467 1874 praediorum
1521 1790 1920 1855 rusticorum
1976 1788 2158 1855 nulla
2217 1795 2316 1855 est
2361 1792 2629 1857 mentio.

331 1898 543 1965 Velim
586 1906 808 1965 autem
856 1899 1318 1976 animadverti,
1367 1918 1512 1992 quse
1566 1897 1661 1962 ibi
1705 1897 1949 1982 plurali
1993 1898 2253 1962 nomine
2301 1898 2635 1982 appellen·

319 2014 461 2087 tur,
508 2027 589 2073 ea
630 2006 754 2074 hoc
796 2006 938 2072 loco
990 2006 1303 2088 singulari
1349 2026 1620 2071 numero
1665 2006 1761 2071 ita
1806 2005 2146 2090 appellari,
2190 2009 2265 2070 ut
2308 2006 2632 2087 universa,

216 2157 226 2167 -
327 2116 400 2181 in
466 2137 599 2201 qua
666 2116 797 2181 sita
863 2114 1281 2180 metallorum
1345 2112 1585 2179 fodinae
1641 2113 1915 2193 fuerint,
1983 2114 2164 2196 regio
2234 2113 2381 2193 (der
2433 2114 2635 2198 Berg-

295 2222 827 2306 rwerksdistr'ict)
897 2222 1254 2306 significari
1330 2222 1648 2287 videatur.
1758 2220 1914 2286 Haec
1992 2242 2191 2303 quum
2274 2222 2632 2303 considerO,

328 2330 523 2414 longe
569 2331 699 2397 alio
746 2332 1140 2415 praediorum
1179 2331 1574 2396 rusticorum
1611 2330 2296 2395 commemorationem
2334 2338 2632 2414 spectare

331 2440 648 2523 suspicor,
693 2447 785 2520 ut,
835 2440 1199 2505 interdictis
1244 2440 1452 2523 ipsius
1498 2437 1749 2504 metalli
1793 2436 2255 2517 locationibus,
2305 2441 2633 2523 excipian-

327 2552 443 2611 tur
485 2546 735 2630 praedia
778 2550 1029 2613 rustica
1073 2546 1358 2613 metallis
1391 2547 1740 2640 interiecta
1779 2553 1846 2611 et
1879 2567 2027 2611 cum
2061 2545 2143 2611 iis
2177 2545 2382 2612 locari
2418 2547 2631 2614 solita.

328 2654 714 2741 Liviumque
781 2657 879 2722 ita
947 2657 1322 2752 scripsisse3
1388 2656 1706 2722 Metalli
1752 2677 2063 2739 quoque
2121 2656 2632 2723 Macedonici

325 2797 417 2808 -—
460 2764 958 2831 locationes·
998 2774 1269 2845 prater
1333 2764 1818 2848 praediorum
1883 2763 2385 2828 rusticorum
2438 2765 2633 2830 tolli

329 2871 731 2955 placebat.
801 2875 1113 2958 Apparet,
1152 2892 1347 2967 quam
1378 2871 1573 2937 facile
1618 2877 1914 2955 praeter
1958 2877 2110 2935 ante
2157 2871 2632 2953 praediorum

324 2978 552 3061 (oculo
621 3002 662 3046 a
705 2982 934 3065 primis
980 2981 1220 3046 litteris
1287 3000 1443 3064 prae
1512 2979 1596 3043 ad
1667 2978 1910 3044 alteras
1977 2978 2355 3061 aberrante)
2415 2981 2631 3045 omitti

328 3090 640 3172 potuerit,
690 3112 817 3173 quo
864 3090 1101 3155 omisso
1148 3088 1446 3153 additum
1492 3096 1594 3153 est
1640 3108 1811 3170 que.
1899 3085 2106 3152 Usum
2152 3088 2630 3153 coniunctionis

328 3203 628 3280 praeter
670 3184 957 3263 breviter
1003 3197 1501 3262 commemoravi
1558 3195 1643 3260 ad
1689 3194 1984 3273 XXVIII,
2032 3199 2132 3273 45,
2184 3199 2289 3276 103
2358 3194 2471 3260 cfr.
2520 3195 2627 3276 VI,

319 3305 452 3383 35,
507 3308 614 3369 10:
699 3306 1062 3384 comitia,
1145 3312 1439 3389 praeter
1521 3303 1875 3369 sedilium
1954 3302 2629 3385 tribunorumque

326 3409 581 3494 plebi,
647 3412 874 3477 nulla
919 3421 1106 3478 sunt
1171 3412 1486 3493 habita3
1555 3411 1687 3477 Cic.
1748 3411 1833 3475 ad
1881 3408 1954 3488 Q.
2000 3410 2104 3474 Fr.
2152 3410 2203 3485 Ι,
2279 3415 2331 3489 1,
2406 3415 2459 3490 5,
2513 3415 2628 3474 16:

325 3516 961 3586 familiaritates
1007 3528 1303 3605 praeter
1337 3520 1741 3586 hominum
1775 3538 2384 3603 perpaucorum.
2445 3517 2630 3602 [Quae

327 3625 427 3691 W.
463 3627 532 3692 in
578 3628 732 3693 edit.
770 3628 1042 3693 Weidm.
1091 3628 1385 3708 molitur,
1431 3629 1590 3694 vitia
1638 3627 1959 3693 orationis
2004 3633 2070 3692 et
2115 3626 2454 3692 sententiae
2499 3648 2630 3691 non

315 3736 668 3817 attingunt
712 3746 828 3802 aut
869 3734 1322 3820 removent.]¹)
1390 3737 1770 3821 Sequuntur
1812 3734 2008 3819 paulo
2053 3743 2205 3819 post
2240 3732 2302 3817 (ἓ
2339 3734 2403 3814 6)
2452 3735 2630 3819 apud

377 3985 428 4054 ²)
466 3986 497 4057 ἓ
534 3990 585 4057 2,
626 3990 723 4044 ubi
759 3998 961 4046 contra
997 3991 1249 4045 codicem
1275 3992 1538 4046 inseritur
1574 3991 1821 4061 populi
1846 3990 2137 4046 Romani
2175 3987 2331 4056 (post
2364 3987 2625 4054 tutela),

465 4071 585 4127 fieri
638 4081 848 4144 potest,
907 4081 970 4130 ut
1003 4076 1198 4130 Livius
1254 4077 1562 4146 scripserit:
1617 4082 1838 4130 tutam
1893 4094 2029 4131 esm
2068 4071 2431 4144 (libertatem)
2489 4073 2629 4126 sibi

465 4166 944 4230 perpetuaque
1017 4162 1144 4231 (pro
1213 4160 1775 4232 perpetuamque)
1848 4162 1967 4217 sub
2020 4157 2249 4216 tutela
2303 4173 2451 4211 esse
2524 4165 2627 4212 cet.

462 4243 679 4299 Deinde
716 4246 1071 4302 scribendum
1105 4247 1354 4303 videtur:
1392 4256 1487 4316 et,
1530 4263 1680 4317 quae
1717 4248 1835 4302 sub
1871 4247 2150 4317 regibus
2188 4248 2521 4315 viverent,
2565 4254 2630 4302 et

465 4330 532 4384 in
566 4347 873 4400 praesens
928 4339 1194 4403 tempus
1229 4333 1546 4388 mitiores
1602 4349 1720 4387 eos
1774 4333 2254 4402 iustioresque
2303 4342 2629 4403 respectu

464 4416 708 4486 populi
741 4416 1032 4472 Romani
1065 4418 1327 4473 habere
1382 4436 1449 4474 se
1503 4417 1872 4473 crederent
1926 4419 2027 4486 (sic
2076 4418 2220 4485 cod.,
2260 4436 2309 4473 v.
2351 4418 2633 4472 omittitur

449 4500 876 4570 crederent),
932 4507 1026 4571 et,
1085 4504 1142 4557 si
1185 4504 1455 4572 quando
1506 4503 1767 4558 bellum
1813 4520 1959 4558 cum
2008 4521 2160 4573 pop.
2215 4503 2279 4560 R.
2330 4504 2623 4572 regibus
