3230 5282
1420 623 1539 683 627
2288 638 2410 692 Lib.
2450 635 2619 692 xnn.

341 813 565 872 stans
611 829 651 873 a
694 809 1253 887 fundament0‚
1303 829 1454 891 qua
1498 809 1807 891 singuli
1852 811 2319 876 transirent.
2408 811 2623 877 Mace·

332 916 499 979 riam
546 919 812 1000 paulum
860 920 1187 984 exstitisse
1223 940 1263 982 a
1296 917 1740 996 fundamento,
1788 918 2081 1001 profecto
2118 942 2246 985 non
2282 940 2447 1005 opus
2484 927 2626 985 erat

337 1025 494 1105 dici,
562 1026 675 1091 sed
731 1027 945 1110 qualis
1003 1027 1238 1092 semita
1303 1025 1562 1105 fuisset3
1632 1047 1754 1091 nec
1799 1032 1952 1110 apte
1997 1028 2169 1091 inter
2214 1030 2401 1093 semi
2420 1037 2514 1094 tae
2558 1037 2626 1094 et

341 1156 491 1218 qua
555 1136 998 1220 interponitur
1065 1138 1144 1199 de
1211 1136 1495 1199 maceria
1554 1134 1883 1217 paulum
1929 1142 2260 1202 exstans
2306 1157 2346 1199 a
2389 1136 2623 1216 fund„

335 1244 520 1325 quasi
563 1246 852 1310 maceria
896 1243 1297 1308 transierint.
1364 1242 1438 1307 In
1486 1243 1708 1307 codice
1755 1243 2090 1308 scribitur:
2139 1247 2622 1310 maceriera-

333 1351 695 1418 tablevia
753 1353 1120 1418 semitam
1165 1351 1491 1434 paulum
1549 1359 1952 1416 extantem
2010 1374 2050 1417 a
2104 1352 2622 1418 fundamento

332 1480 500 1540 qua.
593 1459 801 1525 Scribi
849 1462 1048 1544 igitur
1094 1459 1317 1524 debet:
1367 1461 1721 1524 maceria
1767 1468 1942 1526 erat
1998 1461 2095 1525 ab
2141 1461 2330 1525 laeva
2374 1461 2467 1525 ad
2514 1481 2623 1525 se-

334 1569 604 1633 mitam
651 1570 968 1652 paulum
1015 1577 1485 1633 exstantem.
1554 1568 1851 1652 Persaepe
1897 1570 1963 1632 in
2011 1569 2235 1634 codice
2283 1588 2318 1630 a
2361 1591 2481 1652 pro
2529 1568 2621 1633 ad

334 1679 659 1745 scribitur.
752 1679 888 1758 (Ab
956 1678 1154 1743 laeva
1220 1679 1296 1741 in
1368 1679 1731 1741 semitam
1781 1677 2089 1742 Latinum
2157 1698 2286 1742 non
2335 1684 2465 1752 est,
2525 1677 2619 1741 ab

329 1789 524 1852 laeva
571 1789 933 1854 semitam
977 1785 1378 1867 barbarum.)

501 1894 658 1981 Cap.
713 1902 806 1965 16,
857 1900 892 1958 9
943 1893 1315 1979 (postquam
1364 1894 1558 1970 dixit,
1628 1893 1922 1958 Attalum
1978 1893 2163 1974 signa
2209 1893 2464 1957 dedisse
2510 1915 2619 1957 cu-

331 2005 628 2088 piditatis
674 2003 1048 2087 regnandi):
1118 2004 1293 2082 Quae
1360 2011 1647 2086 postea
1702 2024 1853 2065 non
1911 2000 2289 2066 fefellere
2333 2001 2620 2066 Eume-

329 2135 520 2193 nem,
589 2123 699 2190 et,
771 2133 1246 2196 quamquam
1316 2110 1843 2175 dissimulare
1891 2117 1965 2174 et
2021 2111 2278 2175 tacite
2324 2110 2617 2175 habere

241 2303 244 2304 ⁷
328 2222 404 2285 id
449 2223 784 2306 patique
823 2228 1256 2288 statuerat,
1294 2228 1561 2283 tamen
1598 2221 1675 2283 in
1714 2220 1964 2302 primo
2002 2239 2435 2300 congressu
2469 2241 2619 2283 non

328 2332 854 2415 temperavit,
904 2329 1089 2412 quin
1138 2337 1257 2392 cet.
1351 2328 1574 2394 Otiose
1624 2335 1773 2410 post
1819 2326 2344 2392 dissimulare
2391 2333 2466 2390 et
2510 2335 2620 2390 ta-

328 2440 493 2503 cite
540 2438 782 2503 habere
831 2438 1096 2501 additur
1145 2439 1477 2520 patique
1525 2442 1591 2501 et
1636 2437 1866 2500 vitiose
1915 2436 2113 2499 etiam
2149 2435 2423 2514 dicitur3
2470 2455 2620 2499 nam

328 2567 475 2629 quae
522 2549 652 2610 iam
697 2547 872 2610 fac-ta
920 2553 1099 2623 sunt,
1147 2567 1272 2610 non
1331 2546 1638 2628 patimur,
1708 2544 1822 2608 sed
1867 2543 2075 2608 inulta
2123 2564 2266 2608 esse
2313 2544 2617 2626 patimur.

330 2657 494 2721 Tum
571 2676 769 2740 prave
849 2662 999 2739 post
1081 2676 1246 2738 quae
1323 2655 1591 2738 ponitur
1656 2653 1752 2717 id.
1852 2652 2023 2716 Illud
2091 2673 2348 2735 quoquc
2417 2651 2620 2735 quaeri

325 2771 560 2851 potest,
605 2766 943 2829 dicaturne
990 2763 1219 2828 Latine
1287 2764 1540 2827 tacite
1608 2761 1929 2844 aliquid
1997 2760 2291 2825 habere
2361 2781 2438 2825 ac
2482 2748 2615 2825 no'n
2650 2770 2792 2839 (516)

328 2875 694 2950 tacitum,
741 2882 811 2936 ut
859 2872 1200 2936 tacitum
1235 2870 1548 2953 aliquid
1588 2880 1883 2947 tenere,
1931 2868 2414 2952 relinquere,
2450 2868 2622 2950 pati

330 2982 466 3065 (VI,
515 2988 572 3062 7,
620 2982 684 3062 5)
733 2988 797 3045 et
844 2981 923 3043 de
971 3001 1066 3055 eo,
1113 2979 1288 3060 quod
1337 2979 1482 3061 quis
1519 2979 1661 3061 ipse
1700 2977 2043 3053 commisit,
2089 2977 2434 3040 tacitum
2482 2975 2621 3039 ali-

329 3090 523 3174 quid
578 3090 789 3153 ferre
850 3088 924 3167 (I,
976 3092 1072 3163 50,
1120 3092 1176 3163 9,
1225 3086 1339 3167 ΙΙΙ,
1384 3090 1484 3163 45,
1534 3085 1619 3166 6).
1712 3082 1929 3148 Codex
1989 3093 2243 3148 tantum
2289 3083 2463 3167 pati
2508 3081 2645 3145 ha·-

327 3198 471 3278 bet,
517 3220 663 3280 que
711 3197 1028 3280 Grynaeus
1074 3194 1357 3271 addidit,
1405 3192 1709 3257 mendum
1761 3192 2113 3256 occultans.
2196 3189 2623 3256 Scribendum

329 3315 459 3372 est:
508 3306 1032 3371 dissimulare
1080 3312 1156 3367 et
1202 3302 1446 3365 tacita
1491 3301 1752 3363 haberi
1799 3302 1970 3384 pati
2016 3298 2513 3379 st-atuerat.¹)

498 3414 652 3499 Cap.
708 3419 804 3491 17,
880 3417 914 3476 3
963 3412 1069 3493 (de
1139 3411 1434 3475 Rammio
1501 3406 1927 3488 Brundisino)
1998 3408 2194 3472 verba
2259 3409 2350 3471 sic
2396 3407 2621 3471 distin·

321 3523 584 3608 guenda
629 3544 801 3587 esse:
849 3521 1214 3604 hospitio
1263 3538 1581 3601 quoque
1631 3523 1707 3581 et
1753 3517 1999 3581 duces
2035 3516 2428 3581 Romanos
2476 3537 2623 3579 om-

320 3654 460 3698 nes
507 3637 586 3697 et
629 3632 986 3714 legatos,
1057 3634 1516 3692 exterarum
1576 3646 1899 3711 quoque
1958 3622 2316 3708 gentium
2372 3625 2621 3705 insig-

319 3762 498 3819 neS,
545 3739 949 3825 praecipue
995 3737 1292 3819 regios,
1339 3734 1826 3817 accipiebat,
1876 3739 1942 3798 et
1986 3756 2105 3817 per
2151 3754 2219 3797 se
2267 3741 2332 3797 et
2378 3754 2455 3796 ex
2503 3730 2534 3814 ἓ
2583 3738 2619 3796 5

322 3849 595 3933 (duces
666 3867 938 3913 omnes
1003 3844 1430 3927 legatique
1499 3841 1856 3923 Romani)
1916 3847 2197 3926 apparet
2243 3848 2429 3905 etex
2476 3839 2619 3904 loco

318 3956 665 4042 particulae
704 3974 1035 4038 quoque.
1095 3951 1331 4035 (Vulgo
1380 3972 1666 4032 omneS,
1702 3958 1780 4016 et
1812 3949 2131 4033 legatos
2170 3956 2621 4013 exterarum

373 4244 419 4313 ¹)
455 4243 527 4300 In
562 4243 594 4314 ἓ
632 4248 665 4299 5
700 4245 906 4297 iniuria
942 4242 1396 4297 Weissenbornio
1451 4240 1759 4309 probabilis
1796 4240 1916 4293 visa
1969 4245 2053 4294 est
2099 4237 2428 4303 Heusingtri
2485 4254 2616 4288 con·

461 4332 677 4385 iectura
732 4331 903 4384 scribi
957 4328 1228 4383 volentis:
1283 4332 1357 4379 ut
1412 4342 1527 4377 non
1582 4325 2008 4380 inconsulte.
2083 4324 2292 4391 Coepta
2347 4338 2433 4374 res
2481 4326 2618 4385 erat,

457 4417 565 4471 etsi
600 4416 940 4481 inconsulte,
987 4419 1175 4467 tamen
1212 4413 1507 4478 audacter3
1562 4412 1759 4465 relicta
1806 4415 1892 4465 est
1925 4411 2022 4477 ita,
2058 4416 2123 4461 ut
2158 4424 2337 4474 neque
2374 4406 2614 4474 pruden-

457 4502 598 4556 tiam
635 4518 815 4570 neque
852 4500 1141 4555 audaciam
1179 4499 1667 4565 constantiamque
1705 4497 1976 4550 laudares.

2053 4601 2150 4648 40⁸

167 4858 214 5171 i
1247 5062 1799 5256 λῃι
