<?xml version="1.0" encoding="UTF-8"?>
<!DOCTYPE html PUBLIC "-//W3C//DTD XHTML 1.0 Transitional//EN"
    "http://www.w3.org/TR/xhtml1/DTD/xhtml1-transitional.dtd">
<html xmlns="http://www.w3.org/1999/xhtml" xml:lang="en" lang="en">
 <head>
  <title>
</title>
<meta http-equiv="Content-Type" content="text/html;charset=utf-8" />
  <meta name='ocr-system' content='tesseract 3.04.00' />
  <meta name='ocr-capabilities' content='ocr_page ocr_carea ocr_par ocr_line ocrx_word'/>
</head>
<body>
  <div class='ocr_page' id='page_1' title='image "./emendationesliv03madvgoog_0292.png"; bbox 0 0 3230 5282; ppageno 0'>
   <div class='ocr_carea' id='block_1_1' title="bbox 575 598 1794 673">
    <p class='ocr_par' dir='ltr' id='par_1_1' title="bbox 575 598 1794 673">
     <span class='ocr_line' id='line_1_1' title="bbox 575 598 1794 673; baseline -0.009 -1"><span class='ocrx_word' id='word_1_1' title='bbox 575 616 700 673; x_wconf 86' lang='lat' dir='ltr'><strong>Lib.</strong></span> <span class='ocrx_word' id='word_1_2' title='bbox 737 615 887 673; x_wconf 85' lang='lat' dir='ltr'>XXI.</span> <span class='ocrx_word' id='word_1_3' title='bbox 1670 598 1794 662; x_wconf 74' lang='lat'>282</span> 
     </span>
    </p>
   </div>
   <div class='ocr_carea' id='block_1_2' title="bbox 406 782 2987 4527">
    <p class='ocr_par' dir='ltr' id='par_1_2' title="bbox 471 782 2917 1839">
     <span class='ocr_line' id='line_1_2' title="bbox 471 782 2911 867; baseline -0.002 -14"><span class='ocrx_word' id='word_1_4' title='bbox 471 848 477 853; x_wconf 89' lang='lat'><strong>.</strong></span> <span class='ocrx_word' id='word_1_5' title='bbox 576 793 916 867; x_wconf 76' lang='lat' dir='ltr'>narratur,</span> <span class='ocrx_word' id='word_1_6' title='bbox 981 809 1115 852; x_wconf 92' lang='lat' dir='ltr'>non</span> <span class='ocrx_word' id='word_1_7' title='bbox 1161 785 1423 866; x_wconf 89' lang='lat' dir='ltr'>dubito,</span> <span class='ocrx_word' id='word_1_8' title='bbox 1482 786 1644 867; x_wconf 84' lang='lat' dir='ltr'>quin</span> <span class='ocrx_word' id='word_1_9' title='bbox 1689 783 2089 861; x_wconf 90' lang='lat' dir='ltr'>inauditum,</span> <span class='ocrx_word' id='word_1_10' title='bbox 2147 784 2203 849; x_wconf 91' lang='lat' dir='ltr'>si</span> <span class='ocrx_word' id='word_1_11' title='bbox 2247 783 2464 849; x_wconf 89' lang='lat' dir='ltr'>Plauti</span> <span class='ocrx_word' id='word_1_12' title='bbox 2507 782 2725 849; x_wconf 89' lang='lat' dir='ltr'>locum</span> <span class='ocrx_word' id='word_1_13' title='bbox 2776 784 2911 849; x_wconf 90' lang='lat' dir='ltr'>du-</span> 
     </span>
     <span class='ocr_line' id='line_1_3' title="bbox 576 891 2912 979; baseline -0.001 -19"><span class='ocrx_word' id='word_1_14' title='bbox 576 896 759 960; x_wconf 92' lang='lat' dir='ltr'>bium</span> <span class='ocrx_word' id='word_1_15' title='bbox 803 894 1128 979; x_wconf 81' lang='lat' dir='ltr'>excipias,</span> <span class='ocrx_word' id='word_1_16' title='bbox 1188 893 1419 958; x_wconf 89' lang='lat' dir='ltr'>usitati</span> <span class='ocrx_word' id='word_1_17' title='bbox 1462 892 1770 958; x_wconf 85' lang='lat' dir='ltr'>vocabuli</span> <span class='ocrx_word' id='word_1_18' title='bbox 1815 898 1881 957; x_wconf 89' lang='lat' dir='ltr'>et</span> <span class='ocrx_word' id='word_1_19' title='bbox 1925 913 1967 956; x_wconf 90' lang='lat' dir='ltr'>a</span> <span class='ocrx_word' id='word_1_20' title='bbox 2008 891 2192 956; x_wconf 83' lang='lat' dir='ltr'>Livio</span> <span class='ocrx_word' id='word_1_21' title='bbox 2239 913 2413 975; x_wconf 84' lang='lat' dir='ltr'>saepe</span> <span class='ocrx_word' id='word_1_22' title='bbox 2458 891 2658 974; x_wconf 85' lang='lat' dir='ltr'>positi</span> <span class='ocrx_word' id='word_1_23' title='bbox 2705 891 2912 957; x_wconf 87' lang='lat' dir='ltr'>abla-</span> 
     </span>
     <span class='ocr_line' id='line_1_4' title="bbox 575 998 2910 1086; baseline -0.003 -18"><span class='ocrx_word' id='word_1_24' title='bbox 575 1004 782 1068; x_wconf 82' lang='lat' dir='ltr'>tivum</span> <span class='ocrx_word' id='word_1_25' title='bbox 850 1003 1148 1086; x_wconf 81' lang='lat' dir='ltr'>genuerit</span> <span class='ocrx_word' id='word_1_26' title='bbox 1201 1020 1238 1064; x_wconf 74' lang='grc' dir='ltr'><strong><em>ο</em></strong></span> <span class='ocrx_word' id='word_1_27' title='bbox 1291 1001 1522 1067; x_wconf 87' lang='lat' dir='ltr'>littera</span> <span class='ocrx_word' id='word_1_28' title='bbox 1588 1005 1657 1065; x_wconf 91' lang='lat' dir='ltr'>et</span> <span class='ocrx_word' id='word_1_29' title='bbox 1725 999 2031 1064; x_wconf 85' lang='lat' dir='ltr'>secundae</span> <span class='ocrx_word' id='word_1_30' title='bbox 2090 999 2550 1065; x_wconf 75' lang='lat' dir='ltr'>declinationis</span> <span class='ocrx_word' id='word_1_31' title='bbox 2612 998 2910 1065; x_wconf 83' lang='lat' dir='ltr'>ablativi</span> 
     </span>
     <span class='ocr_line' id='line_1_5' title="bbox 577 1108 2916 1195; baseline -0.001 -20"><span class='ocrx_word' id='word_1_32' title='bbox 577 1110 789 1176; x_wconf 88' lang='lat' dir='ltr'>forma</span> <span class='ocrx_word' id='word_1_33' title='bbox 844 1131 923 1174; x_wconf 84' lang='lat' dir='ltr'>ex</span> <span class='ocrx_word' id='word_1_34' title='bbox 978 1111 1160 1195; x_wconf 90' lang='lat' dir='ltr'>ipso</span> <span class='ocrx_word' id='word_1_35' title='bbox 1218 1109 1544 1174; x_wconf 88' lang='lat' dir='ltr'>inhaerens</span> <span class='ocrx_word' id='word_1_36' title='bbox 1598 1108 1858 1173; x_wconf 89' lang='lat' dir='ltr'>librarii</span> <span class='ocrx_word' id='word_1_37' title='bbox 1913 1108 2131 1173; x_wconf 88' lang='lat' dir='ltr'>animo</span> <span class='ocrx_word' id='word_1_38' title='bbox 2190 1108 2741 1190; x_wconf 89' lang='lat' dir='ltr'>scribendumque</span> <span class='ocrx_word' id='word_1_39' title='bbox 2798 1110 2916 1187; x_wconf 88' lang='lat' dir='ltr'>sit,</span> 
     </span>
     <span class='ocr_line' id='line_1_6' title="bbox 577 1214 2914 1301; baseline -0.001 -17"><span class='ocrx_word' id='word_1_40' title='bbox 577 1226 653 1284; x_wconf 89' lang='lat' dir='ltr'>ut</span> <span class='ocrx_word' id='word_1_41' title='bbox 698 1224 798 1284; x_wconf 90' lang='lat' dir='ltr'>est</span> <span class='ocrx_word' id='word_1_42' title='bbox 838 1220 907 1283; x_wconf 90' lang='lat' dir='ltr'>in</span> <span class='ocrx_word' id='word_1_43' title='bbox 950 1218 1106 1283; x_wconf 75' lang='lat' dir='ltr'><strong>Lov.</strong></span> <span class='ocrx_word' id='word_1_44' title='bbox 1148 1221 1215 1281; x_wconf 88' lang='lat'>3:</span> <span class='ocrx_word' id='word_1_45' title='bbox 1259 1218 1338 1282; x_wconf 91' lang='lat' dir='ltr'>in</span> <span class='ocrx_word' id='word_1_46' title='bbox 1381 1218 1556 1301; x_wconf 90' lang='lat' dir='ltr'>ipso</span> <span class='ocrx_word' id='word_1_47' title='bbox 1603 1215 2032 1299; x_wconf 82' lang='lat' dir='ltr'>pulvinari.</span> <span class='ocrx_word' id='word_1_48' title='bbox 2104 1214 2249 1285; x_wconf 62' lang='lat' dir='ltr'>Sed,</span> <span class='ocrx_word' id='word_1_49' title='bbox 2277 1216 2618 1282; x_wconf 77' lang='lat' dir='ltr'>molestior</span> <span class='ocrx_word' id='word_1_50' title='bbox 2662 1238 2914 1299; x_wconf 86' lang='lat' dir='ltr'>super-</span> 
     </span>
     <span class='ocr_line' id='line_1_7' title="bbox 578 1322 2914 1410; baseline -0 -18"><span class='ocrx_word' id='word_1_51' title='bbox 578 1333 678 1392; x_wconf 86' lang='lat' dir='ltr'>est</span> <span class='ocrx_word' id='word_1_52' title='bbox 734 1327 802 1391; x_wconf 92' lang='lat' dir='ltr'>in</span> <span class='ocrx_word' id='word_1_53' title='bbox 857 1325 983 1390; x_wconf 86' lang='lat' dir='ltr'>hoc</span> <span class='ocrx_word' id='word_1_54' title='bbox 1045 1326 1261 1410; x_wconf 88' lang='lat' dir='ltr'>capite</span> <span class='ocrx_word' id='word_1_55' title='bbox 1310 1324 1663 1389; x_wconf 85' lang='lat' dir='ltr'>dubitatio.</span> <span class='ocrx_word' id='word_1_56' title='bbox 1763 1323 1935 1388; x_wconf 90' lang='lat' dir='ltr'>Nam</span> <span class='ocrx_word' id='word_1_57' title='bbox 1979 1323 2155 1388; x_wconf 85' lang='lat' dir='ltr'>infra</span> <span class='ocrx_word' id='word_1_58' title='bbox 2200 1322 2261 1407; x_wconf 63' lang='grc' dir='ltr'>(ἓ</span> <span class='ocrx_word' id='word_1_59' title='bbox 2310 1323 2395 1406; x_wconf 89' lang='grc'>9),</span> <span class='ocrx_word' id='word_1_60' title='bbox 2451 1324 2568 1389; x_wconf 92' lang='lat' dir='ltr'>ubi</span> <span class='ocrx_word' id='word_1_61' title='bbox 2612 1345 2914 1391; x_wconf 89' lang='lat' dir='ltr'>comme·</span> 
     </span>
     <span class='ocr_line' id='line_1_8' title="bbox 576 1431 2917 1517; baseline 0 -18"><span class='ocrx_word' id='word_1_62' title='bbox 576 1440 902 1514; x_wconf 90' lang='lat' dir='ltr'>moratur,</span> <span class='ocrx_word' id='word_1_63' title='bbox 982 1454 1127 1515; x_wconf 82' lang='lat' dir='ltr'>quae</span> <span class='ocrx_word' id='word_1_64' title='bbox 1203 1432 1654 1517; x_wconf 87' lang='lat' dir='ltr'>prodigiorum</span> <span class='ocrx_word' id='word_1_65' title='bbox 1723 1431 2289 1516; x_wconf 89' lang='lat' dir='ltr'>procurandorum</span> <span class='ocrx_word' id='word_1_66' title='bbox 2357 1452 2562 1497; x_wconf 87' lang='lat' dir='ltr'>causa</span> <span class='ocrx_word' id='word_1_67' title='bbox 2628 1431 2917 1499; x_wconf 84' lang='lat' dir='ltr'>decreta</span> 
     </span>
     <span class='ocr_line' id='line_1_9' title="bbox 576 1539 2913 1625; baseline 0 -20"><span class='ocrx_word' id='word_1_68' title='bbox 576 1540 884 1625; x_wconf 85' lang='lat' dir='ltr'>factaque</span> <span class='ocrx_word' id='word_1_69' title='bbox 919 1542 1070 1619; x_wconf 90' lang='lat' dir='ltr'>sint,</span> <span class='ocrx_word' id='word_1_70' title='bbox 1117 1540 1257 1605; x_wconf 87' lang='lat' dir='ltr'>haec</span> <span class='ocrx_word' id='word_1_71' title='bbox 1290 1540 1626 1624; x_wconf 88' lang='lat' dir='ltr'>leguntur:</span> <span class='ocrx_word' id='word_1_72' title='bbox 1677 1541 1935 1604; x_wconf 81' lang='lat' dir='ltr'>Romae</span> <span class='ocrx_word' id='word_1_73' title='bbox 1982 1559 2297 1623; x_wconf 88' lang='lat' dir='ltr'>quoque</span> <span class='ocrx_word' id='word_1_74' title='bbox 2338 1545 2427 1605; x_wconf 79' lang='lat' dir='ltr'>&#39;et</span> <span class='ocrx_word' id='word_1_75' title='bbox 2471 1539 2913 1606; x_wconf 88' lang='lat' dir='ltr'>lectister-</span> 
     </span>
     <span class='ocr_line' id='line_1_10' title="bbox 577 1646 2913 1732; baseline 0 -18"><span class='ocrx_word' id='word_1_76' title='bbox 577 1651 792 1715; x_wconf 91' lang='lat' dir='ltr'>nium</span> <span class='ocrx_word' id='word_1_77' title='bbox 847 1648 1268 1714; x_wconf 85' lang='lat' dir='ltr'>Iuventati</span> <span class='ocrx_word' id='word_1_78' title='bbox 1337 1653 1418 1711; x_wconf 92' lang='lat' dir='ltr'>et</span> <span class='ocrx_word' id='word_1_79' title='bbox 1475 1647 1988 1732; x_wconf 82' lang='lat' dir='ltr'>supplicatio</span> <span class='ocrx_word' id='word_1_80' title='bbox 2044 1646 2142 1712; x_wconf 89' lang='lat' dir='ltr'>ad</span> <span class='ocrx_word' id='word_1_81' title='bbox 2200 1647 2441 1713; x_wconf 81' lang='lat' dir='ltr'>aedem</span> <span class='ocrx_word' id='word_1_82' title='bbox 2497 1648 2913 1714; x_wconf 88' lang='lat' dir='ltr'>Herculis</span> 
     </span>
     <span class='ocr_line' id='line_1_11' title="bbox 579 1754 2913 1839; baseline 0 -19"><span class='ocrx_word' id='word_1_83' title='bbox 579 1756 1086 1836; x_wconf 90' lang='lat' dir='ltr'>nominatim,</span> <span class='ocrx_word' id='word_1_84' title='bbox 1156 1754 1451 1819; x_wconf 91' lang='lat' dir='ltr'>deinde</span> <span class='ocrx_word' id='word_1_85' title='bbox 1520 1755 1910 1819; x_wconf 86' lang='lat' dir='ltr'>universo</span> <span class='ocrx_word' id='word_1_86' title='bbox 1978 1754 2276 1839; x_wconf 91' lang='lat' dir='ltr'>populo</span> <span class='ocrx_word' id='word_1_87' title='bbox 2345 1756 2567 1820; x_wconf 85' lang='lat' dir='ltr'>circa</span> <span class='ocrx_word' id='word_1_88' title='bbox 2625 1757 2913 1826; x_wconf 88' lang='lat' dir='ltr'>omnia</span> 
     </span>
    </p>

    <p class='ocr_par' dir='ltr' id='par_1_3' title="bbox 406 1861 2987 4527">
     <span class='ocr_line' id='line_1_12' title="bbox 406 1861 2905 1949; baseline -0 -17"><span class='ocrx_word' id='word_1_89' title='bbox 406 1877 552 1944; x_wconf 82' lang='lat'>(230)</span> <span class='ocrx_word' id='word_1_90' title='bbox 591 1864 1054 1949; x_wconf 83' lang='lat' dir='ltr'>pulvinaria</span> <span class='ocrx_word' id='word_1_91' title='bbox 1108 1863 1441 1928; x_wconf 89' lang='lat' dir='ltr'>indicta.</span> <span class='ocrx_word' id='word_1_92' title='bbox 1554 1861 1776 1927; x_wconf 91' lang='lat' dir='ltr'>Unum</span> <span class='ocrx_word' id='word_1_93' title='bbox 1831 1862 1958 1928; x_wconf 93' lang='lat' dir='ltr'>hoc</span> <span class='ocrx_word' id='word_1_94' title='bbox 2015 1868 2236 1928; x_wconf 79' lang='lat' dir='ltr'>exstat</span> <span class='ocrx_word' id='word_1_95' title='bbox 2280 1862 2662 1947; x_wconf 57' lang='lat' dir='ltr'>,exemplum</span> <span class='ocrx_word' id='word_1_96' title='bbox 2709 1864 2905 1931; x_wconf 88' lang='lat' dir='ltr'>lecti-</span> 
     </span>
     <span class='ocr_line' id='line_1_13' title="bbox 580 1969 2915 2052; baseline 0 -15"><span class='ocrx_word' id='word_1_97' title='bbox 580 1972 811 2037; x_wconf 85' lang='lat' dir='ltr'>sternii</span> <span class='ocrx_word' id='word_1_98' title='bbox 855 1970 1186 2036; x_wconf 88' lang='lat' dir='ltr'>Iuventati</span> <span class='ocrx_word' id='word_1_99' title='bbox 1230 1970 1409 2035; x_wconf 89' lang='lat' dir='ltr'>facti.</span> <span class='ocrx_word' id='word_1_100' title='bbox 1522 1969 1744 2035; x_wconf 88' lang='lat' dir='ltr'>Habet</span> <span class='ocrx_word' id='word_1_101' title='bbox 1800 1969 2050 2052; x_wconf 91' lang='lat' dir='ltr'>aliquid</span> <span class='ocrx_word' id='word_1_102' title='bbox 2109 1970 2572 2036; x_wconf 83' lang='lat' dir='ltr'>admirationis</span> <span class='ocrx_word' id='word_1_103' title='bbox 2619 1976 2774 2044; x_wconf 82' lang='lat' dir='ltr'>aut,</span> <span class='ocrx_word' id='word_1_104' title='bbox 2854 1975 2915 2037; x_wconf 91' lang='lat' dir='ltr'>si</span> 
     </span>
     <span class='ocr_line' id='line_1_14' title="bbox 580 2077 2914 2163; baseline 0.002 -21"><span class='ocrx_word' id='word_1_105' title='bbox 580 2100 771 2145; x_wconf 79' lang='lat' dir='ltr'>voces</span> <span class='ocrx_word' id='word_1_106' title='bbox 828 2079 924 2144; x_wconf 91' lang='lat' dir='ltr'>ad</span> <span class='ocrx_word' id='word_1_107' title='bbox 982 2078 1223 2143; x_wconf 85' lang='lat' dir='ltr'>aedem</span> <span class='ocrx_word' id='word_1_108' title='bbox 1279 2079 1362 2143; x_wconf 89' lang='lat' dir='ltr'>H.</span> <span class='ocrx_word' id='word_1_109' title='bbox 1409 2084 1477 2143; x_wconf 90' lang='lat' dir='ltr'>et</span> <span class='ocrx_word' id='word_1_110' title='bbox 1531 2077 1619 2143; x_wconf 90' lang='lat' dir='ltr'>ad</span> <span class='ocrx_word' id='word_1_111' title='bbox 1671 2077 2152 2144; x_wconf 85' lang='lat' dir='ltr'>lectisternium</span> <span class='ocrx_word' id='word_1_112' title='bbox 2210 2085 2279 2144; x_wconf 93' lang='lat' dir='ltr'>et</span> <span class='ocrx_word' id='word_1_113' title='bbox 2333 2078 2419 2143; x_wconf 89' lang='lat' dir='ltr'>ad</span> <span class='ocrx_word' id='word_1_114' title='bbox 2465 2077 2914 2163; x_wconf 87' lang='lat' dir='ltr'>supplicatio·</span> 
     </span>
     <span class='ocr_line' id='line_1_15' title="bbox 578 2184 2914 2271; baseline 0.001 -20"><span class='ocrx_word' id='word_1_115' title='bbox 578 2208 727 2251; x_wconf 89' lang='lat' dir='ltr'>nem</span> <span class='ocrx_word' id='word_1_116' title='bbox 793 2187 1162 2271; x_wconf 87' lang='lat' dir='ltr'>pertinent,</span> <span class='ocrx_word' id='word_1_117' title='bbox 1230 2186 1708 2250; x_wconf 87' lang='lat' dir='ltr'>lectisternium</span> <span class='ocrx_word' id='word_1_118' title='bbox 1775 2185 1860 2250; x_wconf 89' lang='lat' dir='ltr'>ad</span> <span class='ocrx_word' id='word_1_119' title='bbox 1928 2184 2134 2250; x_wconf 81' lang='lat' dir='ltr'>aedem</span> <span class='ocrx_word' id='word_1_120' title='bbox 2190 2185 2497 2251; x_wconf 91' lang='lat' dir='ltr'>Herculis</span> <span class='ocrx_word' id='word_1_121' title='bbox 2565 2207 2698 2251; x_wconf 90' lang='lat' dir='ltr'>non</span> <span class='ocrx_word' id='word_1_122' title='bbox 2769 2189 2914 2271; x_wconf 91' lang='lat' dir='ltr'>ipsi</span> 
     </span>
     <span class='ocr_line' id='line_1_16' title="bbox 578 2292 2912 2379; baseline 0 -20"><span class='ocrx_word' id='word_1_123' title='bbox 578 2294 850 2361; x_wconf 87' lang='lat' dir='ltr'>Herculi</span> <span class='ocrx_word' id='word_1_124' title='bbox 902 2294 1185 2373; x_wconf 85' lang='lat' dir='ltr'>factum,</span> <span class='ocrx_word' id='word_1_125' title='bbox 1243 2299 1387 2372; x_wconf 91' lang='lat' dir='ltr'>aut,</span> <span class='ocrx_word' id='word_1_126' title='bbox 1446 2294 1504 2357; x_wconf 92' lang='lat' dir='ltr'>si</span> <span class='ocrx_word' id='word_1_127' title='bbox 1563 2294 1693 2358; x_wconf 92' lang='lat' dir='ltr'>loci</span> <span class='ocrx_word' id='word_1_128' title='bbox 1749 2293 2149 2359; x_wconf 90' lang='lat' dir='ltr'>mentionem</span> <span class='ocrx_word' id='word_1_129' title='bbox 2205 2298 2467 2357; x_wconf 89' lang='lat' dir='ltr'>tantum</span> <span class='ocrx_word' id='word_1_130' title='bbox 2510 2292 2595 2357; x_wconf 89' lang='lat' dir='ltr'>ad</span> <span class='ocrx_word' id='word_1_131' title='bbox 2641 2296 2912 2379; x_wconf 89' lang='lat' dir='ltr'>suppli-</span> 
     </span>
     <span class='ocr_line' id='line_1_17' title="bbox 581 2399 2913 2485; baseline 0.001 -19"><span class='ocrx_word' id='word_1_132' title='bbox 581 2403 906 2467; x_wconf 89' lang='lat' dir='ltr'>cationem</span> <span class='ocrx_word' id='word_1_133' title='bbox 962 2402 1291 2485; x_wconf 90' lang='lat' dir='ltr'>pertinere</span> <span class='ocrx_word' id='word_1_134' title='bbox 1337 2406 1680 2484; x_wconf 86' lang='lat' dir='ltr'>putamus,</span> <span class='ocrx_word' id='word_1_135' title='bbox 1747 2399 1886 2464; x_wconf 84' lang='lat' dir='ltr'>haec</span> <span class='ocrx_word' id='word_1_136' title='bbox 1953 2400 2019 2463; x_wconf 91' lang='lat' dir='ltr'>in</span> <span class='ocrx_word' id='word_1_137' title='bbox 2088 2400 2320 2465; x_wconf 87' lang='lat' dir='ltr'>eadem</span> <span class='ocrx_word' id='word_1_138' title='bbox 2377 2422 2449 2466; x_wconf 91' lang='lat' dir='ltr'>re</span> <span class='ocrx_word' id='word_1_139' title='bbox 2503 2399 2913 2469; x_wconf 86' lang='lat' dir='ltr'>lectisternii</span> 
     </span>
     <span class='ocr_line' id='line_1_18' title="bbox 580 2504 2987 2594; baseline 0.002 -22"><span class='ocrx_word' id='word_1_140' title='bbox 580 2508 941 2589; x_wconf 83' lang='lat' dir='ltr'>Iuventati,</span> <span class='ocrx_word' id='word_1_141' title='bbox 1008 2509 1510 2594; x_wconf 89' lang='lat' dir='ltr'>supplicationis</span> <span class='ocrx_word' id='word_1_142' title='bbox 1574 2507 1850 2573; x_wconf 88' lang='lat' dir='ltr'>Herculi</span> <span class='ocrx_word' id='word_1_143' title='bbox 1916 2504 2111 2572; x_wconf 73' lang='lat' dir='ltr'>factae</span> <span class='ocrx_word' id='word_1_144' title='bbox 2179 2507 2534 2592; x_wconf 85' lang='lat' dir='ltr'>separatio.</span> <span class='ocrx_word' id='word_1_145' title='bbox 2646 2509 2914 2576; x_wconf 87' lang='lat' dir='ltr'>Verum</span> <span class='ocrx_word' id='word_1_146' title='bbox 2978 2585 2987 2594; x_wconf 43' lang='grc'><em>,</em></span> 
     </span>
     <span class='ocr_line' id='line_1_19' title="bbox 579 2615 2915 2700; baseline 0.001 -18"><span class='ocrx_word' id='word_1_147' title='bbox 579 2617 720 2683; x_wconf 85' lang='lat' dir='ltr'>haec</span> <span class='ocrx_word' id='word_1_148' title='bbox 775 2618 946 2684; x_wconf 91' lang='lat' dir='ltr'>inter</span> <span class='ocrx_word' id='word_1_149' title='bbox 998 2616 1208 2682; x_wconf 90' lang='lat' dir='ltr'>multa</span> <span class='ocrx_word' id='word_1_150' title='bbox 1264 2616 1397 2681; x_wconf 89' lang='lat' dir='ltr'>alia</span> <span class='ocrx_word' id='word_1_151' title='bbox 1452 2617 1520 2681; x_wconf 92' lang='lat' dir='ltr'>in</span> <span class='ocrx_word' id='word_1_152' title='bbox 1578 2616 1783 2681; x_wconf 89' lang='lat' dir='ltr'>sacris</span> <span class='ocrx_word' id='word_1_153' title='bbox 1826 2615 2143 2682; x_wconf 89' lang='lat' dir='ltr'>Romanis</span> <span class='ocrx_word' id='word_1_154' title='bbox 2201 2617 2433 2700; x_wconf 86' lang='lat' dir='ltr'>ignota</span> <span class='ocrx_word' id='word_1_155' title='bbox 2487 2621 2554 2683; x_wconf 92' lang='lat' dir='ltr'>et</span> <span class='ocrx_word' id='word_1_156' title='bbox 2609 2616 2915 2686; x_wconf 87' lang='lat' dir='ltr'>obscura</span> 
     </span>
     <span class='ocr_line' id='line_1_20' title="bbox 579 2724 2913 2809; baseline 0.001 -19"><span class='ocrx_word' id='word_1_157' title='bbox 579 2726 995 2809; x_wconf 66' lang='lat' dir='ltr'>praetermitti</span> <span class='ocrx_word' id='word_1_158' title='bbox 1029 2731 1342 2809; x_wconf 84' lang='lat' dir='ltr'>possunt3</span> <span class='ocrx_word' id='word_1_159' title='bbox 1388 2724 1549 2788; x_wconf 88' lang='lat' dir='ltr'>illud</span> <span class='ocrx_word' id='word_1_160' title='bbox 1587 2724 1928 2807; x_wconf 75' lang='lat' dir='ltr'>praeterire</span> <span class='ocrx_word' id='word_1_161' title='bbox 1964 2744 2095 2789; x_wconf 89' lang='lat' dir='ltr'>non</span> <span class='ocrx_word' id='word_1_162' title='bbox 2127 2745 2418 2809; x_wconf 89' lang='lat' dir='ltr'>possum,</span> <span class='ocrx_word' id='word_1_163' title='bbox 2466 2725 2643 2807; x_wconf 91' lang='lat' dir='ltr'>quod</span> <span class='ocrx_word' id='word_1_164' title='bbox 2681 2747 2765 2790; x_wconf 81' lang='lat' dir='ltr'>cx</span> <span class='ocrx_word' id='word_1_165' title='bbox 2807 2750 2913 2808; x_wconf 86' lang='lat' dir='ltr'>ec,</span> 
     </span>
     <span class='ocr_line' id='line_1_21' title="bbox 582 2817 2912 2918; baseline 0 -21"><span class='ocrx_word' id='word_1_166' title='bbox 582 2833 758 2918; x_wconf 87' lang='lat' dir='ltr'>quod</span> <span class='ocrx_word' id='word_1_167' title='bbox 815 2817 1140 2916; x_wconf 82' lang='lat' dir='ltr'>sequitur:</span> <span class='ocrx_word' id='word_1_168' title='bbox 1208 2832 1594 2897; x_wconf 84' lang='lat' dir='ltr'>universo</span> <span class='ocrx_word' id='word_1_169' title='bbox 1656 2832 1964 2915; x_wconf 90' lang='lat' dir='ltr'>populo</span> <span class='ocrx_word' id='word_1_170' title='bbox 2013 2830 2272 2913; x_wconf 90' lang='lat' dir='ltr'>(circa</span> <span class='ocrx_word' id='word_1_171' title='bbox 2316 2833 2581 2898; x_wconf 92' lang='lat' dir='ltr'>omnia</span> <span class='ocrx_word' id='word_1_172' title='bbox 2625 2833 2912 2916; x_wconf 82' lang='lat' dir='ltr'>pulvi-</span> 
     </span>
     <span class='ocr_line' id='line_1_22' title="bbox 580 2938 2912 3022; baseline 0.002 -18"><span class='ocrx_word' id='word_1_173' title='bbox 580 2941 843 3021; x_wconf 90' lang='lat' dir='ltr'>naria,</span> <span class='ocrx_word' id='word_1_174' title='bbox 921 2940 1097 3022; x_wconf 92' lang='lat' dir='ltr'>quod</span> <span class='ocrx_word' id='word_1_175' title='bbox 1167 2940 1574 3005; x_wconf 90' lang='lat' dir='ltr'>contrarium</span> <span class='ocrx_word' id='word_1_176' title='bbox 1643 2945 1747 3003; x_wconf 89' lang='lat' dir='ltr'>est</span> <span class='ocrx_word' id='word_1_177' title='bbox 1813 2939 1941 3003; x_wconf 88' lang='lat' dir='ltr'>illi:</span> <span class='ocrx_word' id='word_1_178' title='bbox 2022 2938 2119 3003; x_wconf 89' lang='lat' dir='ltr'>ad</span> <span class='ocrx_word' id='word_1_179' title='bbox 2198 2939 2437 3005; x_wconf 81' lang='lat' dir='ltr'>aedem</span> <span class='ocrx_word' id='word_1_180' title='bbox 2503 2939 2912 3009; x_wconf 90' lang='lat' dir='ltr'>Herculis</span> 
     </span>
     <span class='ocr_line' id='line_1_23' title="bbox 580 3047 2913 3130; baseline 0.002 -19"><span class='ocrx_word' id='word_1_181' title='bbox 580 3047 1123 3130; x_wconf 88' lang='lat' dir='ltr'>nominatim),</span> <span class='ocrx_word' id='word_1_182' title='bbox 1193 3054 1444 3113; x_wconf 90' lang='lat' dir='ltr'>certum</span> <span class='ocrx_word' id='word_1_183' title='bbox 1501 3052 1633 3125; x_wconf 90' lang='lat' dir='ltr'>est,</span> <span class='ocrx_word' id='word_1_184' title='bbox 1704 3066 2105 3130; x_wconf 90' lang='lat' dir='ltr'>quamquam</span> <span class='ocrx_word' id='word_1_185' title='bbox 2159 3047 2229 3112; x_wconf 92' lang='lat' dir='ltr'>id</span> <span class='ocrx_word' id='word_1_186' title='bbox 2284 3048 2608 3112; x_wconf 91' lang='lat' dir='ltr'>neminem</span> <span class='ocrx_word' id='word_1_187' title='bbox 2651 3057 2775 3114; x_wconf 88' lang='lat' dir='ltr'>aut</span> <span class='ocrx_word' id='word_1_188' title='bbox 2825 3072 2913 3116; x_wconf 86' lang='lat' dir='ltr'>ex</span> 
     </span>
     <span class='ocr_line' id='line_1_24' title="bbox 580 3154 2912 3239; baseline 0.002 -19"><span class='ocrx_word' id='word_1_189' title='bbox 580 3156 745 3220; x_wconf 85' lang='lat' dir='ltr'>Livii</span> <span class='ocrx_word' id='word_1_190' title='bbox 791 3155 1290 3221; x_wconf 89' lang='lat' dir='ltr'>enarratoribus</span> <span class='ocrx_word' id='word_1_191' title='bbox 1335 3156 1663 3237; x_wconf 88' lang='lat' dir='ltr'>attingere</span> <span class='ocrx_word' id='word_1_192' title='bbox 1710 3154 1899 3220; x_wconf 87' lang='lat' dir='ltr'>video</span> <span class='ocrx_word' id='word_1_193' title='bbox 1947 3161 2065 3219; x_wconf 92' lang='lat' dir='ltr'>aut</span> <span class='ocrx_word' id='word_1_194' title='bbox 2109 3176 2187 3219; x_wconf 81' lang='lat' dir='ltr'>ex</span> <span class='ocrx_word' id='word_1_195' title='bbox 2232 3156 2346 3235; x_wconf 89' lang='lat' dir='ltr'>iis,</span> <span class='ocrx_word' id='word_1_196' title='bbox 2417 3156 2532 3239; x_wconf 87' lang='lat' dir='ltr'>qui</span> <span class='ocrx_word' id='word_1_197' title='bbox 2575 3154 2705 3221; x_wconf 89' lang='lat' dir='ltr'>hoc</span> <span class='ocrx_word' id='word_1_198' title='bbox 2752 3156 2912 3225; x_wconf 89' lang='lat' dir='ltr'>loco</span> 
     </span>
     <span class='ocr_line' id='line_1_25' title="bbox 581 3261 2916 3346; baseline 0.001 -18"><span class='ocrx_word' id='word_1_199' title='bbox 581 3264 683 3328; x_wconf 89' lang='lat' dir='ltr'>usi</span> <span class='ocrx_word' id='word_1_200' title='bbox 749 3270 930 3343; x_wconf 91' lang='lat' dir='ltr'>sunt,</span> <span class='ocrx_word' id='word_1_201' title='bbox 999 3264 1478 3328; x_wconf 84' lang='lat' dir='ltr'>lectisternium</span> <span class='ocrx_word' id='word_1_202' title='bbox 1544 3261 1712 3327; x_wconf 91' lang='lat' dir='ltr'>illud</span> <span class='ocrx_word' id='word_1_203' title='bbox 1782 3267 1850 3326; x_wconf 89' lang='lat' dir='ltr'>et</span> <span class='ocrx_word' id='word_1_204' title='bbox 1915 3262 2468 3346; x_wconf 87' lang='lat' dir='ltr'>supplicationem</span> <span class='ocrx_word' id='word_1_205' title='bbox 2535 3263 2621 3327; x_wconf 89' lang='lat' dir='ltr'>ad</span> <span class='ocrx_word' id='word_1_206' title='bbox 2688 3264 2916 3331; x_wconf 86' lang='lat' dir='ltr'>aedem</span> 
     </span>
     <span class='ocr_line' id='line_1_26' title="bbox 580 3369 2911 3455; baseline 0.002 -21"><span class='ocrx_word' id='word_1_207' title='bbox 580 3370 882 3435; x_wconf 85' lang='lat' dir='ltr'>Herculis</span> <span class='ocrx_word' id='word_1_208' title='bbox 951 3376 1210 3436; x_wconf 88' lang='lat' dir='ltr'>tantum</span> <span class='ocrx_word' id='word_1_209' title='bbox 1276 3372 1453 3455; x_wconf 88' lang='lat' dir='ltr'>parti</span> <span class='ocrx_word' id='word_1_210' title='bbox 1523 3370 1753 3454; x_wconf 90' lang='lat' dir='ltr'>populi</span> <span class='ocrx_word' id='word_1_211' title='bbox 1818 3369 2071 3434; x_wconf 90' lang='lat' dir='ltr'>indicta</span> <span class='ocrx_word' id='word_1_212' title='bbox 2126 3369 2353 3435; x_wconf 83' lang='lat' dir='ltr'>fuisse.</span> <span class='ocrx_word' id='word_1_213' title='bbox 2466 3369 2658 3454; x_wconf 87' lang='lat' dir='ltr'>[Nam</span> <span class='ocrx_word' id='word_1_214' title='bbox 2716 3376 2911 3438; x_wconf 89' lang='lat' dir='ltr'>uni-</span> 
     </span>
     <span class='ocr_line' id='line_1_27' title="bbox 580 3477 2912 3564; baseline 0.003 -24"><span class='ocrx_word' id='word_1_215' title='bbox 580 3498 865 3542; x_wconf 80' lang='lat' dir='ltr'>versus</span> <span class='ocrx_word' id='word_1_216' title='bbox 922 3478 1274 3562; x_wconf 90' lang='lat' dir='ltr'>populus</span> <span class='ocrx_word' id='word_1_217' title='bbox 1330 3479 1639 3560; x_wconf 87' lang='lat' dir='ltr'>coniuges</span> <span class='ocrx_word' id='word_1_218' title='bbox 1682 3477 2060 3559; x_wconf 88' lang='lat' dir='ltr'>liberosque</span> <span class='ocrx_word' id='word_1_219' title='bbox 2118 3477 2409 3543; x_wconf 85' lang='lat' dir='ltr'>adfuisse</span> <span class='ocrx_word' id='word_1_220' title='bbox 2453 3498 2692 3561; x_wconf 90' lang='lat' dir='ltr'>parum</span> <span class='ocrx_word' id='word_1_221' title='bbox 2740 3489 2912 3564; x_wconf 88' lang='lat' dir='ltr'>apte</span> 
     </span>
     <span class='ocr_line' id='line_1_28' title="bbox 580 3582 2909 3669; baseline 0.002 -20"><span class='ocrx_word' id='word_1_222' title='bbox 580 3582 958 3668; x_wconf 62' lang='lat' dir='ltr'>significat]</span> <span class='ocrx_word' id='word_1_223' title='bbox 1057 3585 1158 3650; x_wconf 88' lang='lat' dir='ltr'>Ea</span> <span class='ocrx_word' id='word_1_224' title='bbox 1201 3606 1356 3669; x_wconf 88' lang='lat' dir='ltr'>pars</span> <span class='ocrx_word' id='word_1_225' title='bbox 1403 3606 1546 3667; x_wconf 82' lang='lat' dir='ltr'>quae</span> <span class='ocrx_word' id='word_1_226' title='bbox 1591 3584 1843 3665; x_wconf 85' lang='lat' dir='ltr'>fuisset,</span> <span class='ocrx_word' id='word_1_227' title='bbox 1892 3605 2021 3649; x_wconf 90' lang='lat' dir='ltr'>non</span> <span class='ocrx_word' id='word_1_228' title='bbox 2068 3591 2338 3667; x_wconf 89' lang='lat' dir='ltr'>poterat</span> <span class='ocrx_word' id='word_1_229' title='bbox 2383 3585 2607 3650; x_wconf 83' lang='lat' dir='ltr'>Livius</span> <span class='ocrx_word' id='word_1_230' title='bbox 2654 3586 2724 3649; x_wconf 91' lang='lat' dir='ltr'>in</span> <span class='ocrx_word' id='word_1_231' title='bbox 2769 3585 2909 3653; x_wconf 89' lang='lat' dir='ltr'>hac</span> 
     </span>
     <span class='ocr_line' id='line_1_29' title="bbox 580 3691 2907 3778; baseline 0.003 -23"><span class='ocrx_word' id='word_1_232' title='bbox 580 3692 791 3775; x_wconf 87' lang='lat' dir='ltr'>partis</span> <span class='ocrx_word' id='word_1_233' title='bbox 859 3698 927 3757; x_wconf 92' lang='lat' dir='ltr'>et</span> <span class='ocrx_word' id='word_1_234' title='bbox 981 3691 1266 3757; x_wconf 89' lang='lat' dir='ltr'>universi</span> <span class='ocrx_word' id='word_1_235' title='bbox 1326 3693 1554 3775; x_wconf 91' lang='lat' dir='ltr'>populi</span> <span class='ocrx_word' id='word_1_236' title='bbox 1614 3693 2039 3759; x_wconf 86' lang='lat' dir='ltr'>distinctione</span> <span class='ocrx_word' id='word_1_237' title='bbox 2095 3699 2351 3773; x_wconf 88' lang='lat' dir='ltr'>tacere;</span> <span class='ocrx_word' id='word_1_238' title='bbox 2417 3714 2573 3757; x_wconf 89' lang='lat' dir='ltr'>nam</span> <span class='ocrx_word' id='word_1_239' title='bbox 2628 3693 2682 3757; x_wconf 91' lang='lat' dir='ltr'>si</span> <span class='ocrx_word' id='word_1_240' title='bbox 2744 3697 2907 3778; x_wconf 89' lang='lat' dir='ltr'>quis</span> 
     </span>
     <span class='ocr_line' id='line_1_30' title="bbox 580 3799 2911 3884; baseline 0.002 -21"><span class='ocrx_word' id='word_1_241' title='bbox 580 3799 850 3880; x_wconf 83' lang='lat' dir='ltr'>dixerit,</span> <span class='ocrx_word' id='word_1_242' title='bbox 916 3800 1061 3883; x_wconf 90' lang='lat' dir='ltr'>ipso</span> <span class='ocrx_word' id='word_1_243' title='bbox 1120 3799 1255 3864; x_wconf 86' lang='lat' dir='ltr'>deae</span> <span class='ocrx_word' id='word_1_244' title='bbox 1314 3801 1573 3864; x_wconf 91' lang='lat' dir='ltr'>nomine</span> <span class='ocrx_word' id='word_1_245' title='bbox 1621 3801 1785 3865; x_wconf 91' lang='lat' dir='ltr'>satis</span> <span class='ocrx_word' id='word_1_246' title='bbox 1832 3799 2218 3881; x_wconf 88' lang='lat' dir='ltr'>significari,</span> <span class='ocrx_word' id='word_1_247' title='bbox 2286 3801 2399 3884; x_wconf 91' lang='lat' dir='ltr'>qui</span> <span class='ocrx_word' id='word_1_248' title='bbox 2447 3800 2911 3884; x_wconf 88' lang='lat' dir='ltr'>supplicatum</span> 
     </span>
     <span class='ocr_line' id='line_1_31' title="bbox 579 3906 2908 3992; baseline 0.003 -23"><span class='ocrx_word' id='word_1_249' title='bbox 579 3906 808 3987; x_wconf 91' lang='lat' dir='ltr'>ierint,</span> <span class='ocrx_word' id='word_1_250' title='bbox 874 3927 1108 3990; x_wconf 91' lang='lat' dir='ltr'>parum</span> <span class='ocrx_word' id='word_1_251' title='bbox 1173 3913 1397 3973; x_wconf 86' lang='lat' dir='ltr'>tamen</span> <span class='ocrx_word' id='word_1_252' title='bbox 1462 3907 1587 3972; x_wconf 90' lang='lat' dir='ltr'>hoc</span> <span class='ocrx_word' id='word_1_253' title='bbox 1653 3907 2010 3992; x_wconf 88' lang='lat' dir='ltr'>respondet</span> <span class='ocrx_word' id='word_1_254' title='bbox 2081 3907 2335 3988; x_wconf 81' lang='lat' dir='ltr'>dativo,</span> <span class='ocrx_word' id='word_1_255' title='bbox 2406 3908 2520 3992; x_wconf 86' lang='lat' dir='ltr'>qui</span> <span class='ocrx_word' id='word_1_256' title='bbox 2576 3910 2908 3991; x_wconf 88' lang='lat' dir='ltr'>sequitur,</span> 
     </span>
     <span class='ocr_line' id='line_1_32' title="bbox 580 4014 2907 4103; baseline 0.001 -24"><span class='ocrx_word' id='word_1_257' title='bbox 580 4014 962 4080; x_wconf 85' lang='lat' dir='ltr'>universo</span> <span class='ocrx_word' id='word_1_258' title='bbox 1008 4014 1343 4099; x_wconf 88' lang='lat' dir='ltr'>populo;</span> <span class='ocrx_word' id='word_1_259' title='bbox 1400 4014 1792 4080; x_wconf 89' lang='lat' dir='ltr'>habebimus</span> <span class='ocrx_word' id='word_1_260' title='bbox 1840 4021 2064 4079; x_wconf 91' lang='lat' dir='ltr'>autem</span> <span class='ocrx_word' id='word_1_261' title='bbox 2109 4036 2381 4096; x_wconf 88' lang='lat' dir='ltr'>nomen,</span> <span class='ocrx_word' id='word_1_262' title='bbox 2441 4016 2496 4080; x_wconf 91' lang='lat' dir='ltr'>si</span> <span class='ocrx_word' id='word_1_263' title='bbox 2542 4017 2639 4081; x_wconf 91' lang='lat' dir='ltr'>sic</span> <span class='ocrx_word' id='word_1_264' title='bbox 2685 4018 2907 4103; x_wconf 90' lang='lat' dir='ltr'>scrip-</span> 
     </span>
     <span class='ocr_line' id='line_1_33' title="bbox 581 4122 2909 4206; baseline 0.002 -20"><span class='ocrx_word' id='word_1_265' title='bbox 581 4122 887 4186; x_wconf 88' lang='lat' dir='ltr'>serimus:</span> <span class='ocrx_word' id='word_1_266' title='bbox 937 4123 1193 4187; x_wconf 88' lang='lat' dir='ltr'>Romae</span> <span class='ocrx_word' id='word_1_267' title='bbox 1240 4143 1563 4206; x_wconf 89' lang='lat' dir='ltr'>quoque</span> <span class='ocrx_word' id='word_1_268' title='bbox 1609 4128 1691 4187; x_wconf 90' lang='lat' dir='ltr'>et</span> <span class='ocrx_word' id='word_1_269' title='bbox 1735 4122 2347 4187; x_wconf 88' lang='lat' dir='ltr'>lectisternium</span> <span class='ocrx_word' id='word_1_270' title='bbox 2393 4122 2909 4190; x_wconf 66' lang='lat' dir='ltr'>inventust</span> 
     </span>
     <span class='ocr_line' id='line_1_34' title="bbox 580 4228 2905 4313; baseline 0.001 -19"><span class='ocrx_word' id='word_1_271' title='bbox 580 4229 1091 4313; x_wconf 89' lang='lat' dir='ltr'>supplicatio</span> <span class='ocrx_word' id='word_1_272' title='bbox 1149 4230 1248 4294; x_wconf 90' lang='lat' dir='ltr'>ad</span> <span class='ocrx_word' id='word_1_273' title='bbox 1294 4229 1425 4295; x_wconf 82' lang='lat' dir='ltr'>aed.</span> <span class='ocrx_word' id='word_1_274' title='bbox 1473 4229 1553 4294; x_wconf 90' lang='lat' dir='ltr'>H.</span> <span class='ocrx_word' id='word_1_275' title='bbox 1599 4230 2106 4307; x_wconf 90' lang='lat' dir='ltr'>nominatim,</span> <span class='ocrx_word' id='word_1_276' title='bbox 2170 4228 2462 4295; x_wconf 88' lang='lat' dir='ltr'>deinde</span> <span class='ocrx_word' id='word_1_277' title='bbox 2508 4231 2905 4298; x_wconf 85' lang='lat' dir='ltr'>universo</span> 
     </span>
     <span class='ocr_line' id='line_1_35' title="bbox 557 4336 2906 4422; baseline 0.001 -21"><span class='ocrx_word' id='word_1_278' title='bbox 557 4337 873 4422; x_wconf 84' lang='lat' dir='ltr'>’populo</span> <span class='ocrx_word' id='word_1_279' title='bbox 922 4344 1042 4402; x_wconf 89' lang='lat' dir='ltr'>cet.</span> <span class='ocrx_word' id='word_1_280' title='bbox 1144 4337 1230 4402; x_wconf 90' lang='lat' dir='ltr'>Et</span> <span class='ocrx_word' id='word_1_281' title='bbox 1274 4344 1495 4402; x_wconf 90' lang='lat' dir='ltr'>tamen</span> <span class='ocrx_word' id='word_1_282' title='bbox 1541 4340 1647 4401; x_wconf 81' lang='lat' dir='ltr'>vix</span> <span class='ocrx_word' id='word_1_283' title='bbox 1694 4337 1937 4417; x_wconf 91' lang='lat' dir='ltr'>audeo,</span> <span class='ocrx_word' id='word_1_284' title='bbox 1996 4336 2120 4402; x_wconf 89' lang='lat' dir='ltr'>dea</span> <span class='ocrx_word' id='word_1_285' title='bbox 2167 4337 2465 4421; x_wconf 86' lang='lat' dir='ltr'>expulsa,</span> <span class='ocrx_word' id='word_1_286' title='bbox 2524 4339 2906 4404; x_wconf 84' lang='lat' dir='ltr'>iuventu-</span> 
     </span>
     <span class='ocr_line' id='line_1_36' title="bbox 580 4443 2906 4527; baseline 0.001 -18"><span class='ocrx_word' id='word_1_287' title='bbox 580 4453 736 4509; x_wconf 90' lang='lat' dir='ltr'>tem</span> <span class='ocrx_word' id='word_1_288' title='bbox 791 4446 1157 4511; x_wconf 84' lang='lat' dir='ltr'>Romanam</span> <span class='ocrx_word' id='word_1_289' title='bbox 1214 4443 1391 4526; x_wconf 92' lang='lat' dir='ltr'>(cum</span> <span class='ocrx_word' id='word_1_290' title='bbox 1460 4445 1940 4511; x_wconf 89' lang='lat' dir='ltr'>recentioribus</span> <span class='ocrx_word' id='word_1_291' title='bbox 1998 4443 2215 4527; x_wconf 89' lang='lat' dir='ltr'>codd.)</span> <span class='ocrx_word' id='word_1_292' title='bbox 2273 4444 2703 4525; x_wconf 89' lang='lat' dir='ltr'>substituere,</span> <span class='ocrx_word' id='word_1_293' title='bbox 2772 4467 2906 4512; x_wconf 89' lang='lat' dir='ltr'>nec</span> 
     </span>
    </p>
   </div>
  </div>
 </body>
</html>
