3230 5282
1462 583 1581 646 ’731
2341 596 2464 652 Lib.
2502 595 2669 652 XLV.

365 768 482 834 ubi
524 769 593 834 in
642 770 866 837 codice
927 769 1262 836 scribitur:
1328 766 1804 855 referrique
1848 770 2197 851 'togulas
2267 777 2348 835 et
2415 770 2671 836 refer-

291 883 301 890 ’
367 878 759 944 riettecta
804 878 1020 944 siout
1061 877 1395 943 fuerant
1437 878 1724 956 iussit,
1782 878 2202 962 Kreyssigius
2249 900 2327 944 ex
2372 877 2673 945 referri

368 985 581 1051 altero
627 987 770 1052 loco
816 993 995 1052 recte
1041 988 1213 1051 eruit
1256 986 1518 1066 refici,
1587 985 1704 1051 sed
1750 987 1957 1070 quod,
2021 993 2097 1051 ut
2141 986 2458 1072 Grynaeus
2502 988 2673 1054 fece·

371 1100 499 1173 rat,
548 1100 624 1159 et
670 1095 933 1175 omisso,
981 1101 1204 1160 tecta
1249 1095 1491 1172 tenuit,
1545 1115 1677 1159 non
1720 1102 1904 1159 recte
1961 1094 2209 1161 sactum
2264 1101 2392 1174 est3
2461 1116 2673 1180 neque

367 1204 544 1268 enim
587 1204 784 1269 tectis
833 1204 1144 1269 detraetae
1189 1202 1424 1286 tegulae
1458 1200 1738 1281 fuerant,
1787 1203 1901 1268 sed
1935 1205 2138 1268 muris
2184 1203 2521 1285 (nudare
2566 1211 2672 1270 te-

367 1311 585 1395 gulis
652 1311 963 1393 muros).
1052 1312 1288 1395 Itaque
1358 1331 1435 1374 ex
1503 1311 1803 1377 ettiota
1867 1312 2346 1377 restituendum
2413 1311 2674 1379 videtur

369 1419 732 1500 detecta,
778 1420 903 1485 hoo
952 1426 1072 1500 est,
1119 1426 1343 1504 partes
1390 1439 1726 1485 murorum
1786 1418 2084 1488 detectas
2143 1425 2209 1485 et
2264 1420 2499 1505 tegulis
2553 1443 2671 1486 nu·

371 1528 583 1594 datas.
681 1527 893 1618 1864]

544 1635 700 1722 Cap.
772 1641 872 1718 29,
941 1642 1012 1701 2:
1082 1636 1468 1702 Adsuetis
1535 1637 1757 1719 regio
1826 1635 2164 1720 imperio
2224 1642 2489 1702 tamen
2545 1656 2671 1701 no-

366 1766 543 1809 vum
590 1744 758 1827 (cod.
794 1745 981 1811 novi
1013 1744 1118 1826 in)
1158 1744 1490 1811 formam
1526 1744 1990 1810 terribilem
2028 1744 2379 1828 praebuit
2412 1745 2672 1810 tribu-

365 1851 520 1932 nal,
569 1861 955 1920 summoto
1003 1852 1275 1919 aditus
1321 1851 1493 1933 (cod.
1545 1859 1937 1919 summoto
1997 1852 2330 1935 additu),
2389 1875 2669 1938 praeoo,

366 1981 797 2040 accensae,
864 1963 1196 2027 insueta
1266 1963 1530 2027 omnia
1575 1961 1837 2027 oculis
1895 1962 2430 2046 auribusque,
2499 1983 2668 2048 quae

367 2068 493 2134 vel
540 2071 835 2150 socios,
900 2070 1186 2136 nedum
1229 2071 1513 2168 hostes
1571 2070 1867 2149 victos,
1925 2076 2251 2136 terrere
2306 2077 2663 2155 possent.

365 2177 864 2245 Perversissime
930 2181 1026 2245 ita
1082 2177 1478 2244 divelluntur
1542 2199 1830 2244 novum
1897 2184 1961 2244 et
2026 2179 2430 2260 tribunal,
2497 2185 2665 2246 tam-

366 2305 564 2369 quam
608 2287 802 2372 plane
846 2285 1179 2371 singulare
1225 2286 1478 2372 pondus
1535 2286 1927 2352 adiectivum
1984 2286 2230 2353 habeat
2273 2308 2507 2371 resque
2551 2311 2667 2374 po-

365 2394 497 2460 sita
539 2394 741 2461 fuerit
783 2396 852 2461 in
896 2396 1246 2462 tribunalis
1293 2396 1658 2461 mutatione
1715 2395 1867 2477 (etsi
1909 2395 2011 2461 vel
2057 2397 2150 2461 sic
2195 2396 2417 2462 Livius
2466 2399 2669 2483 scrip·

369 2504 589 2569 sisset:
659 2525 941 2570 novum
982 2503 1357 2570 tribunal
1415 2504 1457 2569 f.
1503 2510 1551 2569 t.
1608 2503 2019 2588 praebuit);
2086 2510 2364 2588 angetur
2417 2506 2669 2586 vitium,

253 2664 261 2672 .
371 2612 574 2695 quod,
632 2634 833 2697 quum
878 2612 1072 2698 plura
1116 2612 1519 2680 coniunctim
1565 2619 2057 2693 enumerentur,
2116 2633 2263 2698 quae
2309 2613 2674 2681 terribilem

369 2721 552 2786 illam
597 2718 879 2787 formam
942 2720 1375 2806 praebuerint,
1440 2727 1664 2787 tamen
1730 2721 1798 2785 in
1857 2743 1986 2786 nno
2042 2721 2357 2788 tribunali
2415 2724 2673 2789 novitas

371 2837 949 2923 commemoratur..
1033 2830 1330 2914 Apparet
1348 2880 1361 2908 ,
1429 2827 1561 2894 alio
1632 2828 2024 2895 adiectivum
2079 2829 2241 2895 illud
2309 2831 2639 2914 pertinere
2658 2855 2671 2895 ε

372 2938 762 3004 Adsuetis
808 2940 1037 3022 regio
1082 2938 1422 3023 imperio
1457 2942 1729 3002 tamen
1764 2958 2042 3002 novum
2077 2936 2477 3022 (imperium)
2513 2939 2675 3004 for-

369 3067 567 3112 mam
611 3053 640 3112 t
656 3047 993 3113 erribile
1012 3070 1075 3112 m
1120 3069 1161 3130 p
1180 3068 1213 3109 r
1228 3044 1337 3110 aeb
1352 3045 1493 3110 uit.
1583 3044 1726 3110 Hoc
1771 3046 2070 3111 universe
2114 3047 2329 3129 posito
2377 3045 2675 3131 adiungi-

370 3161 499 3235 tur,
532 3174 676 3237 quae
707 3154 895 3219 illum
928 3161 1245 3220 terrorem
1271 3152 1634 3219 effecerint:
1674 3153 1836 3219 trib
1850 3175 1893 3218 u
1907 3175 1949 3217 n
1963 3153 2056 3233 al,
2091 3174 2121 3218 s
2135 3175 2178 3218 u
2195 3175 2259 3218 m
2272 3149 2335 3218 ni
2350 3175 2387 3219 o
2400 3160 2477 3220 to
2504 3155 2598 3219 ad
2612 3156 2664 3220 i-
2701 3160 2843 3231 (609)

369 3269 522 3344 tue,
561 3285 718 3348 prae
739 3285 772 3328 o
793 3285 848 3342 o,
888 3283 1292 3342 aecensuS,
1331 3262 1660 3327 insueta
1697 3262 1958 3327 omnia
1993 3284 2029 3327 o
2048 3261 2257 3327 culis
2304 3262 2674 3328 auribus-

372 3392 541 3456 que,
580 3393 679 3454 qu
694 3394 746 3437 ae
773 3370 1009 3454 [fuitne
1046 3392 1079 3436 e
1094 3377 1124 3435 t
1159 3390 1325 3454 quae
1349 3367 1408 3452 Ρ]
1430 3405 1515 3414 -
1536 3392 1579 3453 p
1596 3391 1633 3435 o
1651 3391 1680 3434 s
1698 3391 1728 3434 s
1743 3377 1894 3434 ent.
1944 3352 2209 3436 Retinui
2233 3377 2470 3451 autem,
2498 3370 2677 3455 quod

371 3480 788 3564 Kreyssigius
815 3482 1096 3564 primum
1120 3484 1457 3564 posuerat,
1492 3475 1907 3543 adsentiente
1931 3476 2248 3557 Bekkero,
2287 3500 2316 3543 s
2332 3501 2376 3543 u
2390 3500 2453 3543 m
2467 3501 2531 3544 m
2545 3500 2582 3544 o
2594 3485 2623 3543 t
2636 3499 2674 3545 o

257 3682 262 3687 .
370 3589 652 3655 aditus
700 3589 1042 3674 (Grynaeus
1089 3593 1528 3653 summotor
1573 3585 1867 3666 aditus,
1916 3586 2214 3652 inaudito
2262 3587 2672 3654 substantivo

371 3704 439 3762 et
482 3718 685 3782 prava
731 3697 1076 3775 sententia,
1124 3696 1436 3779 quoniam
1481 3694 1706 3760 aditus
1753 3715 1884 3760 non
1922 3695 2511 3778 summovebatur);
2559 3696 2674 3762 ab·

369 3806 556 3870 lativi
600 3794 849 3890 sp'eoies
912 3802 1193 3885 (aditu)
1242 3824 1276 3868 e
1339 3807 1732 3869 summoto
1790 3811 1935 3868 orta
1995 3811 2111 3869 est.
2204 3803 2393 3881 Quod
2439 3812 2676 3890 postea

371 3914 784 3998 Kreyssigius
829 3912 1160 3997 probavit:
1228 3911 1603 3977 tribunal
1652 3918 2045 3978 summoto
2092 3913 2437 4007 aditum,
2486 3914 2673 3979 vitio-

370 4044 514 4087 sum
560 4028 661 4088 est
705 4023 769 4087 in
817 4021 1150 4106 participii
1194 4027 1523 4104 tempore;
1589 4041 1802 4103 neque
1849 4022 2055 4100 enim,
2115 4020 2289 4105 quod
2343 4028 2482 4085 tum
2539 4020 2673 4104 pri·

505 4294 629 4349 mis
667 4293 915 4348 soluta.
985 4291 1163 4347 Nimis
1201 4294 1386 4347 laxam
1425 4298 1522 4346 aut
1557 4292 1720 4346 nimis
1759 4292 2153 4361 neglegentem
2201 4291 2518 4347 custodiam
2558 4310 2673 4347 non

505 4379 983 4449 reprehenderem.
1054 4376 1240 4432 Nihilo
1276 4378 1486 4433 rectius
1522 4377 1718 4444 hom0,
1768 4378 1865 4447 qui
1902 4377 2247 4445 custoditur,
2304 4378 2405 4432 uti
2444 4384 2674 4433 custo·

509 4466 618 4519 dia
652 4466 884 4520 soluta
920 4461 1168 4531 dicitur]
