3230 5282
588 559 712 612 Lib.
750 558 951 612 xxm.
1684 546 1807 607 322

588 737 847 796 tantum
903 730 1159 796 consuli
1213 730 1330 796 5110
1390 752 1564 796 anno
1612 731 1974 796 exercitum
2020 752 2164 797 esse
2210 731 2563 796 decretum.
2666 731 2907 815 Itaque

588 838 670 903 de
737 859 1009 903 numero
1077 840 1482 903 exercituum
1549 838 1789 920 agitur.
1901 838 1975 903 In
2044 837 2093 902 P
2150 860 2192 904 a
2247 841 2467 922 priore
2532 859 2730 903 manu
2798 846 2906 904 est

584 947 979 1026 necunde,
1024 968 1102 1012 ex
1148 967 1278 1029 quo
1325 946 1540 1011 altera
1583 945 1743 1010 fecit
1786 966 1931 1010 nec
1976 947 2351 1026 secundo,
2399 946 2579 1031 quod
2620 947 2688 1010 in
2736 946 2784 1011 C
2832 952 2905 1010 et

587 1055 752 1119 alios
820 1055 1108 1119 transiit.
1221 1054 1446 1119 Livius
1515 1054 1899 1137 scripserat:
1969 1074 2143 1132 nec,
2209 1054 2419 1119 unde
2487 1054 2640 1120 duo
2711 1075 2904 1120 con·

587 1162 911 1228 sulares
978 1164 1398 1228 exercitus
1467 1168 1589 1226 cet.
1701 1162 1801 1226 Ex
1864 1161 2076 1227 unde
2144 1162 2294 1227 duo
2363 1161 2610 1227 factum
2663 1162 2895 1227 undo.

585 1269 1192 1351 (Drakenborchius
1272 1270 1340 1333 in
1421 1271 1558 1335 suis
1625 1270 1883 1352 aliquot
1950 1269 2135 1336 codd.
2195 1270 2397 1335 fuisse
2463 1270 2692 1334 scribit
2753 1291 2902 1335 nec

584 1377 740 1443 duo
796 1378 897 1442 vel
954 1400 1047 1443 ne
1093 1377 1246 1443 duo
1294 1376 1780 1443 consulares
1827 1378 2272 1457 exercitus;
2336 1378 2599 1444 videtur
2641 1378 2898 1461 aliquid

584 1485 1070 1551 correctoribus
1127 1484 1495 1550 suboluisse
1552 1484 1814 1567 veri.)¹)
1925 1484 2270 1552 Postremo
2328 1485 2361 1568 ἓ
2407 1491 2477 1565 8,
2543 1492 2898 1569 postquam

583 1593 808 1658 Livius
854 1593 1039 1672 dixit,
1089 1599 1389 1659 senatum
1440 1593 1759 1672 decresse,
1804 1600 1878 1658 ut
1922 1614 2001 1658 ex
2046 1592 2338 1659 Marcelli
2385 1595 2677 1658 exercitu
2724 1591 2898 1657 Can-

579 1721 818 1766 nenses
885 1701 1127 1767 milites
1192 1703 1262 1766 in
1321 1699 1612 1766 Siciliam
1667 1700 2177 1766 traducerentur
2232 1701 2454 1782 ibique
2510 1701 2898 1779 militarent,

581 1808 788 1874 donec
854 1809 920 1874 in
977 1810 1175 1875 Italia
1240 1809 1487 1875 bellum
1558 1815 1760 1884 esset,
1827 1808 1969 1874 haec
2034 1809 2251 1887 addit,
2319 1817 2396 1874 ut
2459 1809 2597 1873 fere
2656 1808 2808 1872 inde
2854 1830 2899 1873 a

579 1916 908 1983 Gronovio
977 1918 1318 1983 scribitur:
1387 1917 1682 1983 Eodem
1751 1938 1842 1981 ex
1909 1917 2352 1982 dictatoris
2419 1904 2896 1998 legionibus

581 2022 886 2107 (placuit)
965 2026 1204 2091 reiici
1286 2026 1626 2091 militem
1691 2025 1997 2090 minimi
2066 2045 2460 2107 quemque
2528 2023 2895 2102 roboris,

577 2132 804 2199 nullo
861 2134 1332 2217 praestituto
1380 2133 1699 2198 militiae
1745 2139 2143 2216 tempore,
2204 2132 2361 2197 nisi
2408 2132 2541 2214 qui
2587 2131 2893 2214 stipen-

580 2241 888 2307 diorum
953 2241 1514 2323 legitimorum
1573 2250 1871 2306 essent.
1988 2239 2262 2306 Codices
2319 2239 2569 2304 habent
2626 2238 2759 2321 qui
2808 2274 2895 2282 —

579 2354 822 2414 esset.
947 2348 1265 2432 Except-io
1337 2350 1521 2415 certi.
1567 2348 1852 2414 militum
1921 2349 2179 2432 generis
2248 2349 2410 2427 siv'e,
2479 2346 2655 2428 quod
2726 2346 2892 2412 ordo

576 2456 922 2522 verborum
979 2456 1164 2522 iubet
1223 2457 1613 2540 (praesertim
1673 2458 1769 2522 sic
1822 2442 2048 2541 posito
2103 2455 2328 2520 nullo
2373 2490 2459 2499 —
2505 2455 2729 2536 nisi),
2800 2456 2890 2519 ad

576 2571 835 2648 tempus
901 2563 1154 2629 militiae
1225 2565 1359 2629 sive
1428 2565 1517 2630 ad
1583 2566 2044 2630 traiectionem
2111 2565 2177 2628 in
2235 2563 2530 2629 Siciliam
2585 2563 2892 2644 refertur,

575 2694 847 2757 pravam
902 2667 1106 2739 habet
1161 2675 1584 2751 sententiam3
1654 2693 1806 2738 nam
1871 2693 2082 2754 neque
2149 2679 2407 2754 tempus
2475 2673 2890 2754 praestituen-

578 2781 733 2845 dum
779 2788 922 2847 erat
964 2781 1063 2860 iis,
1110 2781 1224 2864 qui
1270 2782 1546 2846 emerita
1579 2781 1913 2864 stipendia
1945 2780 2301 2856 habebant,
2351 2780 2468 2844 sed
2502 2781 2629 2863 ipsi
2666 2779 2887 2844 dimit-

575 2889 758 2954 tendi
804 2888 1077 2971 (itaque,
1137 2888 1317 2973 quod
1360 2895 1623 2972 tempus
1673 2889 2115 2971 praestitutum
2165 2889 2269 2966 sit,
2328 2908 2459 2952 non
2508 2885 2888 2967 indicatur),

573 3018 786 3079 neque
832 3018 1000 3081 opus
1046 3004 1191 3063 erat
1235 2997 1395 3075 dici,
1463 2998 1529 3061 in
1576 2995 1869 3062 Siciliam
1925 3016 2058 3060 non
2101 2997 2365 3073 miSSOS,
2436 2995 2551 3077 qui
2598 2993 2887 3057 dimitte·

572 3114 819 3182 rentur.
935 3104 1217 3173 Conficit
1259 3127 1428 3184 rem,
1499 3102 1679 3187 quod
1734 3103 2291 3186 legitimorum
2338 3123 2517 3167 esse
2565 3104 2885 3184 stipen-

575 3216 922 3293 diorum,
994 3216 1049 3279 si
1096 3213 1176 3279 de
1222 3213 1433 3278 milite
1480 3213 1750 3289 dicitur,
1817 3231 1948 3275 non
1995 3210 2269 3275 emerita
2313 3209 2642 3292 stipendia
2686 3209 2883 3291 signi-

573 3323 755 3404 ficat,
833 3323 949 3387 sed
1015 3321 1302 3405 aliquem
1368 3321 1810 3402 legitimorum
1879 3317 2356 3402 stipendiorum
2423 3316 2881 3401 perfunctione

400 3444 543 3512 (265)
579 3432 810 3496 teneri.
903 3429 1116 3505 Quum
1162 3427 1538 3493 Cannenses
1582 3426 1825 3491 milites
1870 3427 1963 3490 sic
2005 3427 2076 3490 in
2110 3424 2396 3490 Siciliam
2444 3426 2884 3504 mitterentur,

569 3545 673 3617 ut,
744 3536 1056 3620 quamdiu
1121 3537 1187 3600 in
1253 3535 1449 3601 Italia
1513 3534 1759 3599 bellum
1828 3540 2037 3613 esset,
2104 3532 2496 3612 militarent,
2565 3533 2881 3615 adempta

566 3646 897 3710 missionis
948 3644 1240 3727 legitimo
1296 3650 1592 3726 tempore
1651 3662 1795 3725 spe,
1866 3641 2103 3706 ceteris
2165 3641 2379 3705 Livius
2434 3641 2690 3705 nullum
2745 3640 2875 3703 nisi

564 3754 928 3837 legitimum
984 3759 1050 3816 et
1095 3771 1433 3816 commune
1478 3751 1922 3833 praestitutum
1967 3748 2218 3813 militiae
2262 3755 2524 3831 tempus
2572 3747 2876 3830 scripsit:

563 3861 789 3925 nullo
836 3860 1309 3942 praestituto
1356 3857 1675 3923 militiae
1720 3864 2109 3939 tempore,
2155 3858 2315 3921 nisi
2363 3856 2560 3933 quod
2607 3854 2875 3937 legiti—

618 4133 662 4196 ¹)
700 4129 976 4199 [Ridicule
1021 4127 1236 4197 (quidni
1273 4128 1424 4182 enim
1462 4127 1709 4195 dicam?)
1758 4128 2273 4196 Weissenbornius,
2321 4132 2386 4181 ut
2420 4127 2874 4183 emendationem

693 4215 851 4279 vitet,
904 4213 1126 4282 pondus
1179 4230 1298 4267 esse
1353 4212 1494 4269 dicit
1548 4215 1608 4268 in
1661 4213 1867 4267 firmi.
1960 4212 2111 4267 Nihil
2168 4219 2311 4279 erat,
2370 4230 2470 4267 cur
2514 4229 2630 4266 non
2677 4211 2871 4264 firmus

694 4299 1004 4353 consularis
1041 4299 1321 4352 exercitus
1363 4300 1730 4365 scribet-etun
1779 4299 2030 4366 alioquin
2067 4298 2214 4351 enim
2252 4298 2468 4351 nullum
2509 4298 2678 4352 scribi
2718 4296 2872 4349 Sem·

689 4385 923 4456 pronius
960 4384 1240 4451 iussisset3
1278 4383 1377 4437 sed
1413 4384 1629 4438 duobus
1668 4382 1975 4436 efficiendis
2009 4382 2262 4437 sufficere
2289 4383 2551 4436 homines
2579 4378 2867 4450 negabat]
