3230 5282
463 1923 601 1992 (503)

628 654 751 709 Lib.
788 655 930 709 XLI.
1713 648 1835 708 612

802 827 953 912 Cap.
1019 833 1114 905 19,
1179 834 1230 893 1.
1333 830 1602 896 Initium
1671 833 1907 916 capitis
1975 833 2068 897 sic
2135 832 2727 918 interpungendum
2790 843 2911 902 est:

631 935 759 1000 Cis
826 937 1327 1020 Apenninum
1411 926 1849 1004 Garuli'et
1912 940 2281 1024 Lapicini
2359 949 2437 1006 et
2500 943 2914 1025 HercateS,

629 1051 859 1109 trans
904 1045 1408 1128 Apenninum
1453 1047 1870 1113 Briniates
1914 1048 2241 1113 fuerant
2284 1051 2504 1116 intra
2564 1052 2689 1134 (sic
2746 1061 2917 1119 recte

633 1150 812 1217 CreV.
861 1175 978 1237 pro
1038 1153 1284 1236 inter)
1342 1155 1746 1221 Audenam
1807 1178 2123 1222 amnem.
2214 1156 2420 1237 (Haec
2464 1162 2795 1242 pertinent
2838 1161 2919 1226 ad

632 1260 913 1345 populos
960 1284 1000 1326 a
1043 1262 1292 1346 Lepido
1339 1263 1649 1329 subactos
1697 1271 1765 1328 et
1817 1266 1884 1328 in
1942 1265 2106 1330 alias
2163 1265 2350 1330 sedes
2399 1266 2768 1351 deductos.)
2851 1269 2917 1334 P.

628 1369 943 1435 Mucius
1012 1391 1177 1434 cum
1243 1371 1378 1450 iis,
1446 1372 1580 1454 qui
1649 1372 1946 1437 Lunam
2002 1372 2393 1457 Pisasque
2441 1357 2919 1460 depopulati

631 1484 894 1557 erant,
962 1479 1232 1560 gessit
1296 1478 1613 1544 bellum.
1703 1480 2016 1546 Perverse
2083 1483 2268 1548 initio
2326 1491 2683 1567 poneretur
2747 1486 2920 1550 locus

627 1585 785 1650 belli
832 1587 999 1669 gesti
1043 1587 1335 1668 mireque
1380 1586 1624 1652 bellum
1670 1590 1841 1653 intra
1884 1587 2125 1655 fiumen
2170 1599 2305 1669 aut,
2355 1592 2409 1656 si
2454 1592 2600 1675 quis
2648 1592 2924 1657 alterum

630 1715 865 1759 nomen
912 1695 1229 1760 excidisse
1273 1694 1579 1778 fingeret,
1638 1698 1811 1762 inter
1866 1695 2104 1763 fiumen
2162 1698 2490 1783 aliumqne
2547 1700 2764 1765 locum
2821 1722 2924 1785 ge-

632 1810 805 1868 stum
854 1803 1200 1868 diceretur.

811 1908 967 1995 Cap.
1017 1916 1116 1991 20,
1164 1915 1201 1974 8
1272 1911 1411 1992 (ubi
1477 1911 1557 1976 de
1613 1912 1936 1978 Antiocho
1991 1913 2331 1998 Epiphane
2398 1914 2645 1998 agitur)
2713 1917 2927 1982 editur

628 2041 758 2084 non
825 2019 1088 2084 Latine:
1154 2018 1745 2086 Munificentiae
1823 2043 2012 2086 vero
2091 2022 2169 2086 in
2250 2022 2443 2087 deos
2521 2024 2644 2088 vel
2708 2024 2926 2090 Iovis

633 2127 982 2213 Olympii
1051 2129 1429 2212 templum
1493 2129 1845 2194 Athenis
1910 2165 1997 2175 —
2062 2136 2337 2213 potest
2401 2133 2654 2196 testis
2722 2153 2925 2213 esse3

630 2254 841 2318 neque
888 2237 1061 2301 enim
1106 2237 1420 2319 templum
1477 2236 1739 2316 (neutro
1797 2238 2060 2319 genere)
2117 2239 2365 2302 testis
2411 2244 2515 2303 est
2560 2239 2774 2318 (cuius
2820 2260 2925 2304 vo-

632 2343 852 2408 cabuli
894 2344 1147 2407 nullum
1189 2345 1257 2408 in
1304 2345 1527 2410 codice
1574 2346 1918 2429 vestigium
1963 2351 2062 2409 est
2105 2352 2447 2428 totumque
2495 2345 2774 2430 Grynaeo
2823 2349 2928 2413 de·

631 2451 875 2532 betur),
922 2452 1039 2516 sed
1086 2451 1551 2519 documentum
1597 2460 1714 2518 aut
1746 2460 2254 2519 monumentum.
2321 2452 2528 2520 Paulo
2553 2463 2708 2539 post
2733 2455 2797 2540 (ἓ
2827 2457 2927 2539 10)

632 2560 730 2625 sic
776 2561 984 2625 oratio
1032 2561 1403 2645 interpungi
1438 2561 1663 2626 debet:
1714 2561 2378 2646 Spectaculorum
2424 2583 2737 2645 quoque
2787 2587 2929 2630 om·

629 2671 754 2734 nis
801 2672 1124 2751 generis
1192 2671 1822 2754 magnificentia
1878 2672 2355 2754 superiores
2411 2693 2647 2754 reges
2695 2675 2924 2749 vicit,

628 2777 1133 2858 reliquorum
1170 2780 1290 2841 sui
1326 2781 1570 2845 moris
1608 2787 1686 2845 et
1720 2780 1961 2863 copia
1986 2780 2438 2845 Graecorum
2476 2781 2929 2862 artificum3

631 2886 1188 2968 gladiatorum
1233 2909 1512 2952 munus
1571 2888 1934 2953 Romanae
1995 2888 2618 2953 consuetudinis
2673 2892 2928 2972 primo

635 3015 912 3077 magno
975 3016 1143 3060 cum
1213 3003 1529 3061 terrore
1574 2995 1983 3061 hominum
2034 3031 2108 3039 —
2159 2995 2405 3061 dedit.
2495 2997 2926 3081 Appositione

633 3103 1014 3185 adiungitur
1065 3104 1595 3187 reliquorum,
1653 3104 1776 3167 hac
1831 3104 2183 3168 sententia:
2238 3104 2494 3186 reliqua
2549 3108 2931 3189 spectacula

631 3213 734 3275 sui
787 3213 986 3277 moris
1045 3219 1111 3276 et
1179 3213 1371 3295 copia
1417 3211 1794 3276 Graecorum
1861 3210 2187 3275 artificum
2245 3211 2444 3276 dedit.
2535 3213 2699 3278 Tum
2770 3218 2929 3281 scri·

631 3319 949 3384 bendum:
1000 3319 1295 3384 deinde
1345 3321 1644 3403 saepius
1693 3319 1953 3384 dando
2022 3326 2100 3383 et
2163 3320 2389 3385 modo
2460 3322 2929 3389 vulneribus

633 3432 905 3507 tenus,
974 3426 1200 3491 modo
1267 3427 1435 3509 sine
1503 3429 1906 3505 missione,
1979 3428 2220 3491 etiam
2287 3428 2697 3496 familiare
2757 3453 2928 3498 ocu-

633 3533 740 3598 lis
809 3540 1284 3617 gratumque
1350 3535 1430 3599 id
1499 3535 2064 3620 spectaculum
2129 3536 2347 3602 fecit.
2439 3537 2646 3619 Vulgo
2696 3539 2929 3617 editur,

769 3823 881 3892 iici,
920 3823 1178 3893 demitti.)
1218 3824 1248 3895 ξ
1285 3829 1320 3880 4
1355 3827 1730 3882 revocandum
1767 3825 1873 3879 fuit
1910 3825 2257 3894 adfigunt,
2293 3843 2396 3894 pro
2435 3844 2545 3895 quo
2582 3846 2759 3897 nuper
2797 3847 2929 3899 quo·

771 3929 877 3981 que
915 3910 1206 3978 Sigonium
1244 3914 1422 3966 secuti
1468 3912 1822 3980 adfligunt
1870 3912 2230 3979 scripserunt.
2303 3911 2430 3966 Non
2480 3913 2706 3967 adflicta
2750 3916 2928 3984 parie-

771 3998 923 4051 tibus
959 4014 1089 4050 vasa
1122 3998 1315 4051 Livius
1354 3998 1492 4053 dicit
1529 3999 1604 4063 (et
1642 3998 1760 4050 solo
1784 4004 1903 4049 tum
1938 3997 2130 4064 potius
2167 3997 2402 4066 Ligures
2440 4016 2503 4052 ea
2540 3999 2923 4068 adflixissent),

772 4083 869 4137 sed
905 4083 1110 4137 stolide
1149 4102 1181 4136 a
1215 4084 1471 4138 barbaris
1516 4083 1837 4139 hominibus
1887 4079 2067 4135 adfixa
2102 4089 2387 4150 tamquam
2435 4092 2787 4149 ornamenta:
2828 4087 2926 4139 ita-

769 4186 877 4237 que
915 4169 1094 4237 addit,
1142 4169 1212 4224 ad
1258 4188 1379 4223 eam
1416 4188 1532 4223 rem
1567 4170 1763 4238 inepta
1811 4167 1979 4220 fuisse
2024 4184 2156 4220 vasa
2190 4169 2312 4220 usui
2348 4171 2525 4238 magis
2565 4189 2731 4239 quam
2767 4189 2927 4225 orna·

767 4260 958 4308 mento
994 4254 1158 4309 facta.
1216 4253 1246 4324 ξ
1289 4260 1368 4322 11,
1404 4258 1500 4310 ubi
1532 4255 1740 4308 editur:
1779 4269 1936 4306 suos
1976 4254 2241 4320 quidem
2270 4271 2303 4307 a
2339 4253 2500 4323 fuga
2535 4257 2924 4324 revocavit,

769 4341 830 4393 in
867 4340 1057 4394 codice
1096 4345 1180 4394 est
1217 4340 1492 4408 quidem
1530 4341 1741 4395 etiam
1777 4338 1953 4406 fuga.
2024 4337 2232 4392 Fuitne
2279 4356 2433 4392 suos
2488 4342 2751 4410 quidem
2797 4359 2924 4395 me·

771 4426 880 4479 dia
915 4427 981 4479 in
1016 4425 1174 4494 fuga
1210 4426 1607 4480 revocavit?
1645 4423 1835 4493 Neque
1868 4424 2012 4477 enim
2049 4422 2209 4478 facile
2248 4439 2277 4476 ι
2315 4426 2372 4479 in
2408 4427 2614 4479 etiam
2650 4428 2921 4481 transitu·

768 4530 895 4566 rum
932 4519 1063 4566 erat.
1122 4510 1290 4580 1864]
