3230 5282
555 592 677 645 Lib.
716 592 834 645 VII.
1657 580 1775 641 182

554 764 709 828 bum
755 764 1045 828 videtur:
1103 763 1251 827 hac
1307 783 1573 846 pugna
1629 763 2074 827 certamine
2120 763 2407 828 ultimo
2457 761 2872 831 fortunam

557 872 962 954 experior;
1029 872 1283 954 itaque,
1353 871 1477 934 nisi
1536 878 1760 934 cetera
1818 870 2187 949 obstarent,
2258 871 2579 953 suspicari
2626 870 2870 953 aliquis

555 986 811 1062 posset,
872 979 1171 1061 fugatum
1217 979 1300 1042 ad
1348 978 1727 1043 Suessulam
1771 979 1970 1042 tertia
2014 997 2236 1060 pugna
2283 976 2469 1061 (qua
2512 976 2870 1058 fugatus)

554 1088 914 1151 exercitum
960 1086 1353 1152 Samnitium
1399 1092 1709 1167 quartum
1754 1085 2078 1168 proelium
2122 1084 2514 1166 tentasse.¹)
2596 1084 2872 1164 Deinde,

556 1216 698 1277 quae
754 1195 1063 1278 deinceps
1124 1199 1454 1267 narratur,
1513 1214 1736 1276 pugna
1780 1193 2044 1257 minime
2091 1214 2131 1257 a
2178 1191 2581 1257 Samnitibus
2637 1192 2871 1257 ultimo

555 1303 910 1367 certamine
944 1302 1277 1367 fortunam
1313 1302 1597 1384 experiri
1634 1301 2007 1366 volentibus
2047 1302 2496 1378 committitur,
2533 1299 2650 1365 sed
2673 1321 2714 1363 a
2738 1300 2874 1364 Ro-

554 1412 762 1474 manis
807 1410 958 1475 illos
982 1409 1362 1475 Suessulam
1398 1408 1775 1473 obsidentes
1813 1415 1880 1474 et
1914 1410 2175 1473 incaute
2215 1409 2477 1491 palatos
2513 1409 2871 1493 improviso

555 1518 1114 1601 aggredientibus.
1220 1516 1436 1599 Ipsam
1499 1516 1763 1597 quidem
1811 1514 2169 1595 Suessulae,
2228 1516 2670 1582 Romanarum
2714 1536 2871 1599 par-

559 1627 723 1690 tium
800 1625 1002 1704 urbiS,
1089 1617 1642 1708 oppugnationem
1721 1629 1789 1688 et
1866 1623 2276 1688 obsidionem
2357 1646 2398 1688 a
2464 1623 2874 1689 Samnitibus

557 1740 858 1817 coeptam
902 1732 1120 1797 Livius
1166 1732 1330 1796 satis
1377 1732 1801 1814 neglegenter
1844 1732 2030 1797 initio
2077 1753 2584 1796 commemorare
2629 1731 2871 1810 omisit,

552 1841 880 1922 significat
925 1841 1215 1924 proxime
1260 1840 1488 1904 verbis·
1524 1839 1618 1903 ab
1667 1839 2052 1904 Suessula
2105 1839 2414 1923 trepidi
2471 1839 2739 1902 nuntii
2804 1845 2875 1902 et

556 1947 588 2030 ἓ
651 1953 726 2011 10
785 1947 1134 2013 sedendo
1205 1949 1302 2013 ad
1361 1947 1849 2012 Suessulam.
1970 1946 2098 2012 Sed
2155 1948 2238 2011 ab
2296 1948 2412 2012 illo
2474 1946 2867 2011 Samnitium

556 2057 826 2121 consilio
896 2061 963 2120 et
1029 2063 1273 2120 conatu
1343 2056 1606 2121 occasio
1675 2059 1836 2119 nata
1904 2062 2005 2118 est
2068 2076 2303 2138 pugnae
2372 2054 2873 2119 committendae.

556 2164 865 2246 Suspicor
963 2166 1164 2246 igitur
1239 2164 1492 2227 Livium
1584 2163 1956 2245 scripsisse:
2059 2162 2340 2226 Tertia
2429 2183 2688 2247 pugna
2775 2159 2873 2224 ad

558 2270 1019 2336 Suessulam
1106 2272 1523 2336 commissa
1590 2277 1743 2350 est,
1824 2270 2001 2347 quia
2080 2269 2407 2353 fugatus
2476 2291 2517 2334 a
2580 2269 2665 2333 Μ.
2730 2269 2874 2333 Va-

553 2378 755 2442 lerio
783 2378 1260 2442 Samnitium
1318 2378 1732 2442 exercitus
1756 2376 2269 2442 —fortunam
2317 2377 2676 2462 experiri
2713 2382 2873 2440 sta·

554 2485 711 2549 tuit
778 2484 1003 2567 (idque
1082 2486 1598 2567 experimentum
1668 2506 1708 2549 a
1777 2485 2100 2551 Suessulae
2182 2485 2527 2550 obsidione
2596 2505 2876 2549 exorsus

556 2591 700 2674 est).
792 2591 1109 2675 (1861.)2)
1209 2594 1373 2657 Tum
1419 2591 1451 2676 ξ
1501 2598 1568 2673 6,
1627 2595 1939 2676 quoniam
2006 2614 2221 2676 neque
2279 2594 2870 2678 impedimenta

556 2708 1008 2765 castrorum
1053 2700 1190 2765 ulla
1234 2708 1388 2765 sunt
1431 2722 1643 2784 neque
1688 2709 1870 2767 recte
1917 2702 2160 2767 dicitur
2206 2702 2679 2783 relinquere
2737 2699 2870 2763 im-

554 2810 1024 2893 pedimenta
1069 2808 1335 2873 valido
1383 2809 1793 2892 praesidio,
1854 2809 2271 2874 scribendum
2318 2815 2451 2873 est:
2510 2806 2881 2873 relictis—

555 2940 702 3001 que
770 2917 1367 3001 impedimentis
1436 2936 1592 2977 cum
1650 2923 2102 2982 castrorum
2159 2917 2426 2982 valido
2484 2914 2878 3000 praesidio

553 3026 701 3109 (pro
757 3025 1353 3109 impedimentis
1411 3023 1898 3105 castrorum)
1959 3024 2183 3107 (1861)
2231 3033 2365 3103 aut,
2424 3031 2498 3088 ut
2543 3023 2874 3088 Weissen-

551 3133 825 3200 bornius
872 3134 1093 3213 voluit,
1137 3152 1218 3194 ac
1264 3139 1735 3196 castrorum.

384 3259 526 3325 (154)
735 3240 892 3325 Cap.
944 3246 1052 3320 39,
1115 3246 1193 3303 14
1251 3240 1345 3320 (in
1400 3239 1678 3304 confusa
1735 3239 1854 3303 illa
1899 3246 1966 3303 et
2010 3239 2309 3322 fingendo
2356 3246 2677 3304 exornata
2720 3258 2876 3302 nar-

553 3350 812 3414 ratione
869 3349 1209 3412 seditionis
1256 3348 1534 3411 militum
1581 3369 1752 3412 anno
1801 3351 1923 3411 342
1970 3346 2187 3429 sactae)
2235 3349 2319 3412 ab
2363 3348 2671 3412 instituto
2716 3366 2867 3411 meo

553 3457 890 3538 paulisper
957 3453 1299 3518 discedens
1359 3455 1658 3518 codicum
1713 3457 2109 3538 scripturam
2165 3454 2546 3535 defendam,
2607 3455 2673 3518 in
2732 3473 2870 3535 qua

614 3673 659 3736 ¹)
697 3670 996 3740 [Exempla
1041 3691 1074 3726 a
1120 3672 1582 3727 Weissenbomio
1640 3674 1710 3726 ad
1765 3674 2147 3728 excusandum
2200 3672 2441 3728 collecta
2491 3673 2874 3727 ablativorum

694 3756 900 3810 diversi
936 3757 1157 3826 generis
1196 3775 1533 3812 concursum
1569 3757 1822 3827 habent]

610 3841 659 3908 ¹)
698 3839 902 3909 [Antea
921 3847 1296 3896 tentaveram:
1336 3860 1466 3909 quo
1499 3843 1794 3912 fugatus
1823 3844 2247 3898 aM.Valerio
2270 3844 2487 3899 Samn.
2511 3842 2882 3897 exercitus

694 3930 880 3982 omni
933 3928 1186 3981 robore
1229 3957 1297 3965 —
1344 3929 1595 3982 accito.
1689 3929 1799 3982 Sed
1848 3947 1963 3983 non
2006 3934 2231 3999 poterat
2273 3934 2460 3983 totum
2507 3928 2617 3982 hoc
2665 3927 2801 3994 fug.
2846 3944 2882 3980 a

691 4012 768 4067 M.
806 4013 869 4067 V.
909 4014 1125 4067 Samn.
1165 4031 1260 4067 ex.
1299 4013 1584 4081 interponi
1623 4014 1772 4068 inter
1809 4015 2137 4069 adverbium
2174 4014 2314 4068 illud
2360 4019 2417 4067 et
2462 4013 2716 4078 accit0‚
2769 4011 2877 4065 ali-

692 4103 889 4167 terque
956 4099 1164 4152 dicitur
1217 4116 1351 4166 quo
1408 4097 1638 4152 Oaesar
1703 4100 1950 4153 audito
2019 4100 2349 4168 similiaque.
2419 4096 2451 4168 ξ
2510 4102 2570 4151 11
2626 4097 2876 4151 fortasse

693 4184 897 4236 iniuria
961 4185 1372 4251 coniecturam,
1440 4201 1551 4252 qua
1617 4185 1675 4238 in
1729 4185 1851 4239 cod.
1900 4186 2039 4239 Lov.
2094 4189 2129 4238 4
2182 4202 2211 4238 e
2265 4186 2542 4254 scriptura
2592 4183 2881 4236 bonorum

695 4269 979 4322 codicum:
1052 4271 1338 4323 interim
1411 4270 1579 4336 quia
1652 4275 1719 4322 et
1782 4270 2087 4323 Romano
2150 4268 2366 4324 factum
2434 4275 2522 4324 est
2584 4266 2883 4322 interim

696 4353 946 4421 quieto
984 4353 1324 4420 RomanO,
1380 4353 1657 4407 damnavi.
1741 4353 1975 4409 Poterat
2022 4355 2131 4410 hoc
2183 4355 2484 4425 superaddi
2522 4372 2649 4409 cum
2686 4352 2883 4421 aliqua

697 4437 954 4492 irrisione
990 4439 1129 4492 illis:
1168 4438 1317 4492 dum
1353 4439 1673 4492 inclusus
1716 4445 2017 4509 paveret
2050 4438 2319 4508 hostis]
