3230 5282
1799 593 1837 654 2

669 775 967 856 alterum,
1013 775 1286 840 tertium
1331 775 1729 841 adnotatum·
1763 777 2095 859 haberem,
2142 802 2272 864 quo
2320 783 2530 847 oratio
2566 785 2965 850 emendatior

563 888 636 954 (2)
674 882 817 949 fieri
884 891 1137 966 posset,
1203 895 1426 948 secum
1496 887 2077 967 communicarem,
2150 910 2351 973 quum
2421 892 2561 956 eius
2620 913 2822 958 causa
2876 915 2967 974 ea,

667 1014 813 1074 quae
858 1013 899 1056 a
945 1013 1047 1057 me
1104 994 1247 1076 ipso
1308 991 1462 1056 olim
1517 1000 1784 1077 reperta
1828 996 1893 1059 in
1942 996 2320 1061 adversaria
2366 1000 2800 1080 contuleram,
2858 1001 2960 1067 de-

665 1100 1016 1165 scriberem
1074 1108 1142 1166 et
1195 1100 1482 1166 breviter
1539 1101 1966 1186 explicarem,
2036 1106 2303 1186 sensim,
2373 1109 2614 1190 partim
2669 1108 2961 1174 trahente

665 1209 1158 1293 opportunitate
1203 1209 1589 1274 renovandae
1635 1212 1854 1275 animo
1899 1233 2118 1276 rerum
2164 1214 2606 1280 Romanarum
2651 1217 2966 1301 imaginis,

664 1318 908 1401 partim
953 1339 1266 1382 novorum
1314 1324 1380 1382 et
1424 1320 1897 1401 praestantium,
1945 1342 2091 1404 quae
2137 1322 2391 1387 interea
2435 1324 2519 1388 ad
2558 1324 2722 1389 Livii
2767 1325 2966 1391 libros

665 1426 1107 1491 emendandos
1163 1433 1397 1510 parata
1454 1433 1644 1492 erant
1689 1434 1755 1492 et
1799 1434 1941 1493 tum
1988 1432 2266 1495 maxime
2315 1432 2756 1516 parabantur,
2817 1434 2964 1499 sub-

663 1534 981 1599 sidiorum
1049 1556 1171 1599 usu
1239 1534 1649 1614 blandiente,
1734 1558 1935 1619 quum
2016 1541 2378 1621 praesertim
2455 1541 2598 1624 ipse
2680 1543 2961 1624 quinque

663 1649 1147 1726 postremorum
1191 1642 1510 1707 librorum
1559 1643 1835 1723 codicis,
1894 1646 2009 1729 qui
2054 1669 2223 1710 unus
2270 1655 2588 1730 superest,
2636 1649 2968 1715 Vindobo-

663 1751 881 1816 nensis
955 1751 1321 1834 scripturas
1379 1751 1570 1834 plene
1627 1758 1890 1817 notatas
1948 1754 2384 1837 accepissem,
2446 1762 2659 1821 totum
2716 1757 2965 1823 Livium

662 1864 1027 1924 retractare
1087 1860 1274 1943 coepi
1332 1866 1400 1924 et
1456 1860 1539 1923 ab
1587 1860 1850 1925 illorum
1897 1864 2185 1945 quinque
2231 1862 2548 1928 librorum
2593 1867 2972 1931 recensione

663 1975 730 2032 et
799 1968 1255 2032 emendatione
1323 1989 1511 2032 orsus
1581 1990 1785 2052 prope
1854 1969 2128 2034 eandem
2197 1992 2461 2053 operam
2530 1973 2616 2036 ad
2681 1974 2969 2058 reliquos

661 2075 867 2140 libros
936 2074 1322 2153 transferre,
1405 2067 1681 2158 eamque
1758 2096 1895 2139 rem
1972 2076 2149 2140 horis
2229 2077 2601 2143 subsecivis
2659 2088 2967 2161 quattuor

664 2184 850 2248 annis
885 2182 1154 2261 absolvi,
1187 2202 1393 2265 saepe,
1432 2204 1636 2266 quum
1672 2182 1805 2247 alia
1836 2183 2277 2266 praevertenda
2321 2192 2544 2250 essent
2579 2195 2645 2251 et
2681 2189 2968 2252 animum

661 2298 982 2370 tenerent,
1028 2291 1473 2355 intermissam
1519 2298 1585 2355 et
1630 2298 1784 2374 post
1826 2312 1955 2355 non
2001 2311 2361 2375 paucorum
2406 2294 2724 2358 mensium
2767 2295 2971 2360 inter-

662 2400 903 2465 vallum
970 2404 1392 2482 resumptam.
1505 2399 1718 2463 Huius
1781 2420 1995 2482 operae
2054 2399 2309 2465 fructus
2370 2423 2568 2484 quum
2628 2402 2786 2467 mihi
2843 2404 2968 2487 ipsi

664 2530 793 2573 non
856 2507 1233 2591 displiceret
1287 2507 1753 2590 videreturque
1810 2508 2119 2573 utilitatis
2177 2509 2427 2591 aliquid
2483 2509 2727 2576 habere
2774 2533 2972 2596 posse

663 2618 750 2682 ad
796 2616 1076 2683 aliorum
1124 2614 1343 2681 studia
1386 2614 1771 2697 adiuvanda,
1817 2616 1899 2682 ab
1947 2617 2175 2683 amicis
2222 2624 2442 2684 autem
2479 2619 2972 2704 discipulisque,

664 2724 1054 2810 quibuscum
1110 2748 1244 2789 non
1302 2746 1511 2808 pauca
1567 2747 1687 2809 per
1747 2746 2080 2792 sermones
2138 2735 2204 2791 et
2264 2728 2559 2792 docendo
2609 2727 2971 2792 communi-

665 2855 984 2914 caveram,
1042 2839 1224 2898 totus
1270 2831 1697 2916 flagitaretur,
1757 2835 2033 2912 decrevi,
2094 2835 2408 2918 quicquid
2456 2856 2495 2898 a
2541 2856 2641 2898 me
2687 2835 2838 2900 novi
2884 2836 2970 2899 ad

662 2942 829 3006 Livii
872 2941 1081 3007 libros
1126 2942 1381 3006 mendis
1426 2941 1806 3007 liberandos
1854 2941 2136 3007 conferri
2182 2949 2425 3025 posset,
2471 2941 2758 3006 breviter
2792 2964 2972 3008 com-

658 3049 1095 3135 prehendere,
1161 3049 1469 3114 indicatis
1538 3050 1604 3113 in
1676 3056 2088 3128 transcursu,
2158 3070 2301 3133 quae
2369 3050 2498 3114 iam
2555 3055 2753 3115 antea
2808 3049 2967 3115 alibi

661 3159 1067 3242 sparsissem.
1173 3157 1339 3222 Nam
1402 3157 1579 3239 quod
1638 3159 1831 3223 amici
1890 3157 2325 3241 discipulique
2370 3158 2700 3223 interdum
2743 3158 2971 3225 horta-

658 3267 901 3332 bantur
945 3266 1433 3350 rogabantque,
1502 3271 1607 3344 ut,
1679 3266 1985 3348 quoniam
2030 3273 2273 3349 praeter
2320 3288 2425 3346 ea,
2494 3288 2636 3348 quae
2682 3268 2824 3351 ipse
2869 3269 2972 3331 in-

656 3376 998 3454 venissem,
1044 3395 1435 3457 non-pauca
1478 3373 1561 3438 ab
1607 3373 1757 3437 aliis
1802 3381 1980 3437 recte
2028 3379 2095 3438 et
2137 3395 2286 3438 vere
2335 3375 2708 3457 excogitata
2751 3375 2969 3440 iacere

657 3483 959 3566 neglecta
1013 3489 1314 3567 putarem
1373 3487 1488 3546 aut
1546 3482 1777 3559 etiam,
1848 3495 2049 3564 quum
2109 3490 2332 3547 essent
2387 3504 2427 3547 a
2469 3483 2849 3566 Kreyssigio
2899 3490 2975 3546 et

658 3590 988 3670 Bekkero,
1047 3589 1347 3673 quaedam
1392 3590 1521 3653 iam
1565 3611 1605 3653 a
1649 3587 2210 3670 Drakenborchio,
2268 3592 2502 3658 merito
2550 3591 2618 3655 in
2664 3590 2965 3655 ordinem

656 3706 943 3783 recepta,
988 3722 1029 3765 a
1069 3698 1538 3763 recentissimis
1584 3697 1952 3762 editoribus
1998 3698 2227 3762 iudicii
2273 3720 2493 3763 errore
2538 3699 2786 3763 reiecta
2819 3718 2970 3762 esse

659 3814 1098 3892 susceptaque
1171 3812 1400 3871 contra
1467 3827 1501 3870 e
1576 3805 1913 3869 codicibus
1982 3807 2348 3891 complura,
2427 3827 2573 3890 quae
2641 3805 2969 3888 praeteriri

659 3916 1070 3995 debuissent,
1148 3911 1313 3979 Livii
1378 3912 1585 3978 libros
1654 3915 1796 3997 ipse
1864 3913 1948 3978 ad
2018 3914 2278 3979 codices
2346 3920 2611 3979 exactos
2679 3914 2971 3996 ederem,

656 4024 1007 4090 revocabat
1051 4045 1153 4088 me
1200 4028 1267 4087 et
1309 4020 1556 4086 laboris
1603 4021 1910 4086 molestia
1953 4023 2162 4087 oculis
2210 4024 2407 4087 etiam
2452 4021 2694 4088 infesta
2736 4022 2971 4088 futura

658 4138 725 4197 et
758 4132 1034 4197 aliorum
1070 4130 1434 4196 studiorum
1469 4128 1793 4193 maiorum
1826 4131 2327 4213 graviorumque
2357 4131 2968 4216 persequendorum

655 4240 958 4306 voluntas
1015 4259 1325 4323 spesque,
1381 4258 1626 4320 neque,
1685 4259 1887 4320 quum
1944 4238 2045 4303 his
2092 4240 2441 4321 postremis
2487 4240 2672 4305 annis
2718 4243 2974 4320 praeter

658 4368 820 4426 eam,
879 4369 1075 4430 quam
1118 4345 1567 4411 Alschefskius
1611 4345 1991 4411 inchoasset
2033 4349 2237 4412 totius
2287 4349 2451 4413 Livii
2500 4346 2873 4424 editionem,
2924 4366 2972 4409 a

655 4454 1195 4521 Weissenbornio
1240 4476 1435 4519 unam
1480 4453 1769 4519 viderem
1815 4454 2216 4536 absolutam,
2276 4456 2568 4533 alteram,
2627 4473 2970 4520 commen·
