3230 5282
1402 638 1518 697 711
2252 643 2374 698 Lib.
2411 641 2604 696 XLIV.
2642 645 2647 648 ’

308 828 420 903 37,
467 827 523 903 8,
570 824 681 888 ubi
728 823 1012 888 indicavi
1057 822 1147 907 (p.
1195 822 1364 904 531),
1412 821 1649 906 quibus
1694 820 1854 886 locis
1901 818 2035 884 alia
2080 816 2374 900 exempla
2419 823 2605 880 nota-

311 931 612 1013 verim.¹)

486 1036 642 1123 Cap.
690 1045 791 1120 45,
853 1044 891 1104 8
951 1046 1017 1105 et
1073 1044 1143 1105 9:
1209 1040 1552 1104 Perseus
1621 1073 1705 1083 —
1770 1038 1848 1101 in
1915 1034 2372 1100 contionem
2438 1050 2608 1114 pro-

303 1149 576 1212 cessit
639 1184 745 1227 —,
791 1155 877 1213 ut
934 1154 1011 1214 et
1066 1149 1287 1232 ipsos
1332 1145 2057 1231 Amphipolitanos
2112 1147 2189 1207 et
2246 1140 2608 1222 equitum

307 1255 862 1339 peditumque,
909 1258 1040 1340 qui
1088 1263 1232 1322 aut
1277 1276 1588 1339 semper
1634 1254 1893 1319 secuti
1927 1257 2071 1318 aut
2104 1250 2297 1333 fuga
2332 1248 2607 1313 eodem

307 1363 568 1429 delati
617 1370 874 1444 erant,
920 1363 1426 1429 adhortando
1484 1363 1787 1428 animos
1845 1360 2390 1426 confirmaret.
2479 1354 2623 1437 Ne-x

301 1493 443 1554 que
488 1493 798 1555 semper
852 1478 1030 1537 recte
1090 1473 1336 1537 dicitur
1394 1469 1474 1536 de
1519 1472 1715 1535 unius
1765 1490 1843 1533 ex
1889 1467 2137 1553 proelio
2184 1466 2269 1532 ad
2313 1464 2607 1549 Pydnam

299 1579 481 1663 fugae
526 1581 870 1645 comitibus
914 1602 1125 1664 neque
1172 1580 1396 1645 deesse
1444 1578 1833 1662 significatio
1880 1582 2117 1660 potest,
2163 1596 2357 1658 quem
2403 1572 2608 1637 secuti

303 1687 577 1752 fuerint.
690 1687 1148 1753 Scribendum:
1218 1689 1353 1770 qui
1422 1694 1560 1752 aut
1627 1705 1700 1750 se
1765 1684 2152 1767 persecuti
2218 1688 2355 1748 aut
2418 1680 2608 1762 fuga
2663 1720 2667 1724 -

301 1795 593 1860 eodem
639 1795 901 1861 delati
949 1803 1194 1861 erant.
1262 1795 1654 1877 Persequi
1701 1794 1985 1878 aliquem
2029 1792 2111 1857 de
2145 1791 2453 1857 continuo
2499 1809 2606 1853 co-

305 1904 553 1969 mitatu
583 1903 821 1984 Livius,
857 1925 939 1969 ne
974 1905 1137 1971 alios
1173 1923 1690 1981 commemorem,
1739 1902 1903 1966 dixit
1935 1900 2018 1980 II,
2046 1904 2145 1979 59,
2194 1903 2252 1979 9,
2298 1899 2371 1978 V,
2408 1903 2509 1976 40,
2546 1902 2605 1974 4,

301 2011 544 2091 XXIX,
594 2016 693 2089 31,
743 2016 781 2076 8
829 2011 1272 2097 (persecuti
1318 2016 1503 2076 sunt
1544 2010 1855 2094 regem),
1900 2008 2092 2087 XLV,
2131 2012 2187 2087 6,
2238 2012 2274 2070 7
2321 2005 2440 2089 (ea
2485 2026 2606 2070 co-

303 2119 499 2185 hors
567 2127 1009 2204 persecuta
1071 2141 1333 2203 regem
1397 2117 1897 2202 fugientem).
1988 2117 2083 2181 De
2151 2116 2354 2181 mixto
2409 2119 2607 2178 rectae

304 2234 375 2292 et
419 2228 701 2312 obliquae
748 2229 1066 2294 orationis
1111 2227 1342 2293 forma¹
1367 2228 1434 2291 in
1479 2213 1862 2310 pronomine
1908 2232 1975 2290 et
2020 2224 2210 2289 modo
2266 2223 2446 2289 verbi
2494 2220 2605 2302 (se

299 2372 392 2382 —
457 2337 716 2418 erant)
783 2349 890 2401 res
960 2343 1119 2402 nota
1165 2336 1478 2418 (Gramm.
1525 2335 1668 2400 Lat.
1717 2332 1750 2417 ἓ
1799 2338 1921 2399 369
1979 2339 2113 2399 not.
2162 2337 2201 2397 2
2261 2339 2326 2398 et
2384 2335 2509 2423 490
2572 2350 2605 2394 c

303 2450 441 2510 not.
502 2450 557 2510 3.
669 2445 889 2510 Livius
957 2444 1039 2524 11,
1110 2449 1208 2524 55,
1281 2448 1347 2509 6:
1419 2443 1554 2508 ubi
1631 2442 2233 2525 indignantium
2298 2461 2441 2525 pro
2512 2440 2773 2512 se(59l)

301 2554 754 2618 acerrimus
802 2560 985 2618 erat
1030 2553 1347 2634 clamor,
1393 2551 1532 2631 VII,
1583 2555 1683 2631 37,
1731 2551 1888 2635 3).²)
1949 2551 2306 2616 Subiicitur
2352 2546 2413 2632 (ἓ
2464 2548 2595 2628 10):

299 2661 458 2727 Sed
504 2662 955 2744 aliquoties
1012 2662 1283 2729 dicere
1348 2662 1885 2745 incipientem
1952 2680 2186 2743 quum
2253 2658 2606 2724 lacrimae

302 2771 886 2855 praepedisent,
955 2773 1146 2854 quia
1212 2772 1392 2855 ipse
1466 2771 1738 2835 dicere
1804 2768 2159 2852 nequiit,
2227 2765 2605 2832 Euandro

297 2876 671 2944 Cretensi
730 2878 1006 2957 editis,
1076 2900 1241 2962 quae
1307 2880 1433 2962 agi
1501 2899 1674 2943 cum
1727 2875 2259 2941 multitudine
2314 2873 2601 2953 vellet,

259 2986 399 3071 sde
465 2987 759 3070 templo
829 2986 1278 3052 descendit.
1368 2986 1435 3051 Si
1502 2983 1745 3050 offendi
1812 2991 1878 3050 te
1939 2983 2118 3049 dicas
2184 2984 2309 3048 hac
2362 2983 2603 3066 repeti·

299 3093 513 3159 tione:
584 3094 858 3159 dicere
924 3096 1460 3180 incipientem
1526 3127 1612 3137 —
1679 3094 1868 3177 quia
1924 3091 2198 3157 dicere
2264 3091 2603 3173 nequ-iit,

297 3202 426 3266 erit
468 3201 782 3282 fortasse,
851 3204 964 3286 qui
1010 3204 1377 3287 elegantem
1436 3222 1578 3267 eam
1638 3221 1779 3266 esse
1845 3200 2099 3265 doceat.
2190 3199 2316 3265 Sed
2380 3206 2602 3264 tamen

299 3328 489 3374 usum
535 3331 613 3374 ea
659 3310 911 3376 Livium
957 3334 1087 3377 non
1131 3332 1307 3388 esse,
1357 3310 1564 3376 codex
1610 3309 1918 3388 ostendit,
1962 3310 2029 3373 in
2076 3328 2205 3391 quo
2253 3307 2593 3373 scribitur:

352 3581 401 3646 ¹)
437 3580 606 3636 Venit
641 3582 786 3635 mihi
829 3558 888 3635 in
928 3589 1173 3637 mentem
1225 3583 1459 3637 Asconii
1513 3580 1749 3635 eandem
1800 3581 2193 3650 cognationem
2246 3599 2591 3657 commemo-

435 3667 609 3720 rantis
648 3667 719 3721 ad
757 3667 864 3721 Cic.
899 3668 958 3721 in
993 3668 1101 3722 Pis.
1139 3686 1195 3738 p.
1242 3670 1338 3723 126
1373 3668 1524 3734 not„
1560 3667 1657 3721 ubi
1706 3684 1878 3735 quum
1912 3668 1971 3720 in
2009 3667 2257 3724 editione
2295 3670 2480 3738 prima
2517 3687 2597 3725 sic

438 3752 744 3807 scribatur:
797 3754 911 3822 qui
964 3753 1096 3807 fuit
1141 3758 1336 3823 pater
1389 3752 1740 3808 naturalis
1792 3752 2111 3808 Africani
2146 3757 2591 3824 posterioris3

442 3835 522 3890 de
559 3837 962 3893 Macedonia
998 3843 1202 3907 atque
1238 3839 1553 3893 ultimum
1592 3838 1738 3892 eius
1777 3837 1854 3892 de
1903 3857 2064 3909 rege
2100 3841 2593 3911 triumphavit,
2644 3908 2653 3915 ·

438 3923 606 3977 scribi
660 3924 852 3978 debet:
916 3953 987 3962 —
1037 3925 1473 3993 posterioris,
1532 3924 1609 3978 de
1671 3923 2222 3994 Macedoniaque
2276 3926 2593 3981 ultimum

436 4007 555 4075 (das
595 4009 757 4063 letzte
795 4009 927 4076 Mal)
967 4010 1304 4079 Perseque
1356 4027 1516 4079 rege
1568 4010 2043 4079 triumphavit.
2115 4010 2370 4081 [Mirifice
2411 4012 2590 4066 Weis-

432 4094 768 4149 senbornius
814 4095 949 4150 hoc:
1001 4096 1372 4150 Africanus
1409 4101 1478 4149 et
1513 4096 1662 4164 ipse
1714 4101 1962 4165 postea
1997 4095 2387 4166 appellatus
2440 4103 2591 4151 recte

429 4178 622 4233 referri
675 4179 923 4251 disputat
957 4181 1028 4235 ad
1063 4182 1403 4250 subsequens
1438 4180 1786 4249 Africani,
1845 4180 2196 4235 alienissimis
2243 4200 2370 4236 usus
2409 4199 2589 4236 exem-

433 4264 585 4334 plis.]

341 4349 396 4416 ¹)
439 4347 630 4416 [Verbi
683 4351 1011 4420 persequi
1064 4370 1227 4406 nsum
1281 4353 1447 4420 satis,
1501 4353 1735 4422 opinor,
1790 4357 2055 4422 quattuor
2098 4351 2210 4406 loci
2258 4351 2588 4418 defendunt3

434 4435 502 4489 de
538 4453 608 4490 se
643 4465 711 4475 —
760 4442 955 4491 erant
992 4437 1424 4493 Weissenbornii
1474 4438 1841 4492 timiditatem
1887 4437 2068 4492 dicam
2118 4454 2190 4491 an
2228 4438 2590 4492 obtrectatio·

433 4521 602 4577 nem‘?
642 4523 1018 4592 exemplorum
1056 4523 1219 4592 copia
1252 4522 1543 4579 confutare
1577 4521 1773 4593 piget]
