3230 5282
1528 615 1650 676 309
2215 665 2221 670 -
2404 627 2527 681 Lib.
2567 627 2740 681 XXII.

430 797 761 861 tandam
831 804 1194 881 stragem
1266 801 1699 864 insistunt.
1824 798 1972 862 Non
2043 820 2186 864 esse
2257 800 2565 864 Latinum
2632 801 2749 864 in-

430 906 733 975 sistere
780 906 876 969 ad
924 906 1246 988 aliquid
1296 905 1799 983 faciendum,
1864 913 2164 971 constare
2213 906 2440 987 debet3
2509 908 2623 972 sed
2669 929 2749 973 ne

432 1021 806 1094 spectare
873 1014 1277 1079 insistunt
1345 1014 1610 1097 quidem
1680 1014 1743 1077 h.
1804 1014 1843 1078 l.
1904 1021 2055 1097 apte
2126 1015 2486 1093 diceretur,
2558 1016 2737 1098 quod
2777 1028 2916 1096 (253)

428 1122 789 1204 incipiendi
855 1130 923 1185 et
992 1122 1272 1187 conandi
1342 1122 1736 1205 significatio
1806 1122 2024 1187 aliena
2091 1131 2206 1190 est.
2321 1123 2396 1186 In
2454 1123 2558 1186 PC
2617 1130 2746 1188 est:

431 1228 1729 1319 spectandainstrageinsistunt,
1809 1229 1934 1295 hoc
2015 1236 2145 1294 est:
2227 1226 2751 1313 spectandam

433 1344 789 1420 stragem
850 1338 1165 1402 sistunt
1210 1336 1312 1417 (ut
1358 1338 1599 1417 XXIII,
1649 1343 1708 1417 6,
1757 1343 1794 1401 2
1841 1338 1906 1401 in
1954 1337 2005 1400 P
2059 1338 2395 1403 scribitur:
2454 1337 2748 1403 inafri·

432 1444 1020 1526 caindecedat).
1106 1445 1302 1511 Latet
1363 1446 1543 1510 aliud
1599 1445 1871 1511 verbum
1927 1443 2314 1526 videturque
2371 1445 2573 1511 fuisse
2632 1468 2749 1510 ex-

434 1558 625 1617 eunt
670 1551 733 1632 (e
781 1552 1066 1633 castris).
1150 1552 1211 1635 [§
1261 1558 1297 1616 6
1345 1554 1395 1617 Ρ
1442 1551 2368 1635 quostracta—frigore
2416 1553 2750 1618 vulnera

432 1681 553 1744 pro
600 1662 920 1725 stricta.
1011 1660 1244 1725 Potest
1286 1660 1493 1725 fuisse
1540 1662 1736 1726 etiam
1783 1667 2027 1726 tacta.
2124 1660 2408 1743 1862.]¹)

607 1767 765 1852 Cap.
815 1775 918 1846 54,
970 1775 1083 1833 11:
1154 1766 1593 1852 Compares
1653 1768 1961 1833 cladem
2019 1768 2113 1833 ad
2159 1768 2481 1851 AEgates
2537 1770 2748 1833 insu-

434 1875 560 1940 las
608 1875 1431 1958 Carthaginiensium
1488 1876 1807 1959 proelio
1865 1876 2140 1942 navali
2199 1884 2618 1959 acceptam
2663 1911 2751 1922 —

437 1990 578 2048 aut
644 2005 992 2067 pugnam
1060 1984 1483 2048 adversam
1550 1986 1628 2047 in
1693 1984 1997 2063 Africa,
2065 1985 2192 2047 cui
2258 1990 2555 2067 postea
2620 1984 2748 2048 hic

436 2092 612 2174 ipse
668 2088 1080 2156 Hannibal
1150 2091 1608 2170 succubuit3
1677 2091 1906 2156 nulla
1976 2113 2068 2156 ex
2136 2097 2370 2174 parte
2441 2113 2748 2174 compa-

436 2199 706 2264 randae
770 2206 959 2263 sunt
1014 2207 1134 2264 cet.
1238 2198 1326 2263 Et
1379 2199 1579 2282 paulo
1630 2199 1860 2264 durior
1907 2200 2225 2265 orationis
2269 2197 2511 2277 forma,
2571 2199 2749 2281 quod

437 2328 671 2389 parum
738 2313 974 2389 aperta
1039 2315 1143 2372 est
1200 2306 1598 2389 significatio
1655 2307 1784 2385 rei,
1853 2328 1998 2389 quae
2063 2307 2350 2372 fortasse
2417 2306 2615 2370 alicui
2681 2307 2749 2370 in

439 2421 722 2479 mentem
781 2417 1001 2479 venire
1048 2415 1293 2498 possit,
1363 2422 1429 2479 et
1487 2415 1734 2479 codicis
1779 2414 2097 2479 Puteanei
2153 2415 2480 2498 scriptura
2525 2415 2747 2495 (com-

440 2521 1180 2605 paressetcladem)
1227 2521 1416 2602 facit,
1474 2530 1547 2587 ut
1593 2523 1916 2601 dubitem,
1980 2544 2064 2587 an
2110 2523 2330 2587 Livius
2379 2523 2744 2604 scripserit:

441 2652 867 2714 compares
935 2629 1273 2695 scilicet
1340 2630 1648 2696 cladem
1716 2638 1839 2696 cet.
1954 2631 2081 2696 Sed
2150 2631 2400 2695 incerta
2457 2630 2746 2714 suspicio

440 2746 573 2817 est3
640 2760 793 2803 nam
849 2739 1067 2821 potuit
1123 2745 1687 2821 comparesset
1747 2761 1827 2805 ex
1881 2726 2278 2822 praecedenti
2324 2746 2546 2804 esset
2592 2737 2749 2802 oriri

436 2846 670 2927 (Paulo
717 2851 888 2929 post,
947 2846 1060 2910 ubi
1108 2847 1174 2909 in
1218 2845 1268 2909 P
1315 2853 1444 2910 est:
1492 2880 1575 2890 --
1623 2845 2007 2911 Sardinia
2066 2867 2389 2911 cessere
2435 2846 2746 2910 invecti

440 2954 704 3020 Gallis
761 2974 850 3018 ac
910 2954 1517 3035 stipendiarios
1573 2954 1762 3018 fieri
1820 2975 1898 3018 se
1960 2955 2188 3036 passi
2251 2960 2464 3031 sunt,
2536 2974 2748 3036 neque

438 3061 625 3126 hinc
671 3061 887 3142 (hinc
933 3061 1413 3144 vestigales)
1461 3081 1673 3144 neque
1719 3060 1902 3125 inde
1948 3060 2104 3125 ferri
2149 3066 2406 3144 potest3
2454 3061 2747 3125 eiusdem

440 3171 612 3234 enim
687 3170 1010 3252 temporis
1079 3175 1429 3252 utrumque
1497 3167 1641 3232 fuit.
1766 3168 2192 3233 Scribendum
2272 3188 2596 3232 cessere
2674 3175 2747 3229 et

438 3276 931 3360 vectigales3
1000 3298 1202 3359 quum
1256 3277 1465 3341 vecti
1512 3275 1776 3340 Gallis
1834 3277 2152 3358 scriptum
2211 3283 2415 3354 esset,
2487 3275 2571 3340 ob
2632 3276 2747 3339 da·

437 3387 642 3449 tivum
686 3385 935 3450 factum
980 3366 1304 3448 invecti.
1403 3382 1615 3465 1862.)

610 3491 808 3575 *Cap
858 3496 969 3572 59,
1028 3496 1064 3555 9
1124 3490 1218 3571 (in
1280 3493 1575 3556 oratione
1633 3491 1720 3555 M.
1767 3492 1966 3571 Iunii,
2022 3491 2223 3575 legati
2281 3489 2745 3575 captivorum):

441 3599 641 3665 Sunt
688 3601 934 3664 etiam
983 3599 1075 3664 de
1119 3601 1433 3664 nostris
1480 3599 1831 3684 quidam,
1888 3601 2020 3683 qui
2078 3623 2172 3665 ne
2230 3601 2307 3664 in
2367 3601 2536 3664 acie
2575 3591 2748 3682 ¹qui-

440 3708 608 3772 dem
652 3707 1156 3790 refugerunt,
1204 3708 1357 3786 sed,
1406 3707 1791 3790 praesidio
1832 3709 2140 3773 castris
2179 3708 2478 3786 relicti,
2516 3729 2748 3789 quum

441 3822 716 3882 castra
767 3814 1334 3893 traderentur,
1400 3817 1478 3879 in
1545 3821 2056 3899 potestatem
2113 3814 2468 3881 hostium
2523 3837 2748 3879 vene·

438 3931 648 3989 runt.
759 3923 931 4002 Quid
988 3925 1053 3986 in
1110 3922 1215 3987 his
1272 3923 1409 3987 vitii
1471 3930 1680 4002 esset,
1747 3923 1950 3987 sensit
2004 3924 2153 3987 Ant.
2201 3922 2612 4003 Perizonius;
2680 3925 2746 3986 in

438 4031 730 4097 tollendo
799 4031 1038 4095 mendo
1107 4051 1342 4113 parum
1409 4030 1565 4095 felix
1634 4030 1777 4095 fuit.
1891 4030 2058 4095 Nam
2115 4032 2227 4111 qui
2285 4052 2377 4094 ne
2435 4031 2513 4094 in
2572 4031 2746 4095 acie

440 4139 762 4221 quidem
844 4138 1259 4221 refugisse
1329 4137 1601 4218 dicitur,
1681 4160 1828 4204 eum
1897 4137 2130 4203 credas
2213 4138 2481 4221 (praeter
2549 4139 2750 4203 aliam

496 4390 547 4457 ¹)
586 4390 639 4444 C.
691 4395 785 4459 53,
839 4395 873 4446 8
917 4392 1068 4463 apud
1113 4392 1521 4463 Ingerslevium
1578 4395 1747 4447 scribi
1802 4394 2096 4448 iusseram:
2161 4393 2355 4447 nulla
2408 4392 2634 4446 verius
2679 4419 2749 4431 —

575 4476 884 4531 hostium
923 4487 1147 4532 castra
1185 4496 1355 4545 esse;
1394 4483 1728 4547 occupatum
1768 4485 1890 4534 erat
1926 4480 1995 4533 ab
2031 4479 2073 4531 1.
2112 4477 2178 4531 H.
2218 4477 2436 4532 Vossio.
