3230 5282
1716 590 1842 652 242

628 775 781 840 dam
823 780 1048 860 partes
1094 776 1469 860 excipimus,
1514 781 1839 860 perpetua
1881 775 2145 855 utimur,
2212 774 2280 838 in
2326 774 2659 859 prioribus
2705 781 2925 841 autem

626 883 816 949 libris
863 884 1083 951 omnia
1126 883 1483 968 dirigimus.
1551 884 1717 950 Nam
1766 883 1974 949 codex
2018 882 2129 949 ille
2176 882 2399 948 decem
2443 882 2680 949 horum
2724 883 2924 950 libro-

626 1014 803 1072 rum,
859 993 976 1076 qui
1030 992 1185 1058 olim
1232 989 1487 1057 Claudii
1530 991 1811 1058 Puteani
1864 991 1994 1057 fuit
2048 997 2116 1056 et
2171 991 2253 1057 ab
2311 993 2449 1057 eius
2492 992 2749 1058 nomine
2793 992 2934 1058 sive

626 1099 997 1166 Puteaneus
1071 1101 1205 1167 sive
1273 1100 1606 1167 Puteanus
1664 1101 2040 1186 appellatur
2061 1100 2150 1183 ¹),
2220 1106 2517 1166 servatur
2583 1107 2802 1166 autem
2859 1102 2927 1165 in

625 1207 1026 1274 bibliotheca
1077 1209 1462 1290 Parisiensi,
1519 1230 1651 1274 non
1709 1209 1921 1274 solum
1978 1209 2371 1292 antiquitate
2427 1215 2679 1274 ceteros
2735 1209 2937 1275 huius

628 1316 893 1383 decadis
938 1317 1197 1384 codices
1241 1322 1527 1402 superat,
1571 1323 1649 1382 ut
1691 1316 1964 1398 videtur,
2009 1318 2207 1383 etiam
2239 1317 2422 1383 illum
2461 1318 2528 1382 in
2562 1318 2930 1402 posteriore

627 1432 817 1511 parte
863 1427 1169 1491 aemulum
1214 1425 1361 1508 (nec
1395 1424 1591 1490 huius
1625 1423 1822 1491 modo
1861 1424 2146 1506 decadis,
2192 1426 2326 1506 sed,
2373 1432 2645 1511 excepto
2681 1427 2937 1511 quintae

625 1534 1119 1600 Vindobonensi
1186 1540 1252 1599 et
1318 1532 1602 1599 fortasse
1669 1532 2051 1616 Moguntino
2136 1540 2422 1618 quartae,
2511 1535 2709 1600 etiam
2772 1535 2933 1600 reli-

625 1663 935 1727 quarum;
990 1647 1262 1727 putatur
1304 1642 1474 1707 enim
1520 1641 1757 1706 saeculo
1805 1648 2035 1707 octavo
2078 1643 2347 1708 ineunte
2394 1644 2680 1727 scriptus
2732 1643 2926 1725 esse),

629 1751 745 1816 sed
812 1751 910 1816 ita
974 1751 1043 1815 in
1103 1736 1579 1836 prioreparte
1652 1770 1879 1815 omnes
1944 1750 2250 1835 reliquos,
2317 1752 2385 1816 in
2452 1751 2665 1816 altera
2728 1751 2924 1835 longe

625 1859 940 1944 plurimos
1008 1858 1133 1924 sibi
1200 1858 1548 1924 adiunctos
1612 1857 1845 1938 habet,
1924 1864 2000 1924 ut
2065 1866 2207 1939 aut,
2288 1858 2469 1943 quod
2531 1858 2724 1943 longe
2791 1861 2932 1926 veri

628 1968 906 2033 similius
966 1973 1097 2047 est,
1157 1989 1237 2032 ex
1292 1967 1405 2032 illo
1464 1967 1608 2050 ipso
1669 1972 1787 2031 aut
1841 1988 1923 2032 ex
1977 1967 2175 2051 plane
2231 1966 2507 2050 gemello
2556 1966 2737 2033 ducti
2781 1989 2928 2034 esse

453 2091 594 2161 (200)
631 2074 981 2141 videantur
1035 2096 1158 2140 nec
1211 2074 1296 2140 ab
1355 2096 1431 2141 eo
1489 2074 1617 2141 nisi
1674 2075 2004 2141 erroribus
2059 2076 2243 2141 novis
2301 2081 2417 2140 aut
2471 2075 2927 2159 interpolatio-

628 2182 821 2248 nibus
880 2190 949 2248 et
1003 2183 1400 2249 coniecturis
1457 2182 1811 2265 (interdum
1866 2182 2057 2249 bonis
2116 2188 2184 2249 et
2238 2184 2436 2248 rectis
2482 2183 2547 2247 in
2593 2183 2791 2249 rebus
2840 2183 2929 2250 fa-

627 2291 860 2357 cilibus
930 2298 997 2356 et
1062 2289 1305 2376 parvis)
1369 2289 1653 2358 differre.
1769 2289 1963 2357 Certe
2019 2313 2150 2357 non
2206 2292 2468 2357 memini
2525 2291 2729 2357 ullum
2783 2313 2939 2358 esse

625 2401 694 2465 in
749 2399 1035 2483 quinque
1092 2398 1425 2483 prioribus
1479 2399 1668 2466 libris
1722 2400 1968 2480 locum,
2025 2400 2138 2466 ubi
2198 2401 2476 2483 vestigia
2531 2401 2802 2466 verioris
2863 2407 2931 2466 et

627 2508 1023 2591 antiquioris
1079 2507 1420 2592 scripturae
1474 2508 1540 2572 in
1598 2529 1676 2574 eo
1737 2507 2093 2574 obscurata
2149 2509 2244 2574 sic
2287 2509 2355 2573 in
2400 2508 2547 2573 aliis
2593 2516 2937 2591 emergant

625 2616 898 2701 propria
942 2612 1182 2695 forma,
1250 2621 1326 2682 ut
1380 2637 1459 2681 ex
1504 2616 1732 2683 codice
1779 2615 1977 2684 simili
2021 2617 2137 2684 illo
2185 2617 2478 2701 quidem,
2544 2616 2658 2683 sed
2702 2623 2931 2684 tamen

624 2747 755 2791 non
798 2723 1033 2790 iisdem
1081 2745 1339 2808 semper
1381 2725 1546 2791 locis
1589 2747 1711 2791 nec
1756 2725 1983 2791 eodem
2028 2726 2224 2791 modo
2272 2725 2622 2791 aberrante
2669 2734 2933 2792 servata

627 2855 767 2899 esse
823 2830 1167 2917 probabile
1222 2828 1337 2914 sit3
1405 2839 1767 2917 contraque
1826 2835 2242 2917 apertissime
2300 2856 2522 2900 omnes
2581 2854 2621 2897 a
2674 2834 2939 2899 mendis

624 2942 946 3008 Puteanei
979 2939 1354 3026 pendent.²)
1410 2941 1510 3007 Ea
1554 2942 1928 3007 coniunctio
1964 2941 2137 3027 (quae
2183 2943 2441 3021 eminet,
2488 2948 2563 3007 ut
2594 2941 2719 3007 hoc
2753 2949 2931 3020 utar,

624 3051 692 3115 in
734 3050 848 3116 lib.
893 3049 1081 3114 XXII
1125 3070 1178 3114 c.
1227 3053 1338 3131 32,
1396 3049 1570 3133 quod
1628 3051 1848 3116 omnia
1892 3070 2198 3136 easquae
2252 3072 2426 3116 nunc
2479 3050 2631 3115 inde
2690 3049 2775 3115 ab
2825 3050 2928 3116 ed.

681 3278 727 3345 ¹)
763 3278 1178 3332 Puteaneum
1230 3276 1533 3348 superioris
1578 3276 1765 3330 aetatis
1810 3276 2088 3346 philologi
2123 3275 2510 3345 appellarunt,
2574 3274 2839 3330 adjectivi
2898 3293 2932 3329 a

761 3364 991 3418 nomine
1032 3362 1262 3432 proprio
1312 3362 1470 3417 ducti
1512 3361 1693 3417 forma
1733 3378 1848 3417 non
1894 3379 2028 3418 sane
2072 3362 2185 3416 nisi
2231 3362 2417 3433 poetis
2461 3361 2696 3427 usitata;
2749 3377 2937 3432 nuper

759 3449 1129 3502 Puteanum
1178 3449 1462 3518 appellare
1507 3453 1839 3518 coeperunt3
1902 3448 2000 3502 sed
2044 3448 2167 3501 hssc
2215 3463 2435 3517 quoque
2482 3446 2782 3502 translatio
2829 3463 2935 3502 no·

758 3533 926 3588 minis
979 3531 1239 3587 adiectivi
1290 3532 1472 3588 forma
1521 3531 1641 3588 ficti
1685 3534 1755 3589 ab
1799 3534 1923 3603 ipso
1966 3533 2194 3589 homine
2240 3532 2312 3588 ad
2356 3550 2476 3588 rem
2524 3549 2652 3588 eum
2694 3533 2929 3588 homine

760 3619 1115 3673 coniunctam
1159 3618 1649 3687 (quemadmodum
1705 3619 1989 3674 colonia
2032 3618 2332 3674 Traiana
2385 3617 2612 3688 dicitur)
2660 3635 2795 3673 rara
2839 3623 2935 3672 est

759 3708 819 3758 et
851 3703 1131 3758 inferioris
1167 3705 1380 3771 aetatis;
1418 3705 1609 3774 itaque
1644 3723 1760 3760 non
1787 3705 1983 3774 putavi
2008 3704 2155 3758 tanti
2185 3721 2306 3758 esse
2335 3704 2406 3757 ab
2432 3702 2516 3757 Io.
2535 3703 2627 3757 Fr.
2649 3701 2925 3759 Gronovii

760 3788 1135 3859 appellatione
1172 3788 1474 3856 discedere,
1511 3790 1617 3846 etsi
1646 3789 2030 3846 Alschefskius
2067 3789 2195 3858 (vol.
2227 3788 2323 3842 111
2357 3788 2514 3858 praef.
2545 3808 2599 3860 p.
2626 3788 2696 3857 X)
2733 3793 2937 3844 narrat

757 3874 1043 3930 Parisinos
1067 3874 1217 3929 hunc
1245 3875 1497 3931 codicem
1514 3876 1825 3931 Puteanum
1851 3877 2042 3933 vocari
2066 3874 2328 3943 voluisse,
2359 3880 2579 3930 ceteros
2596 3875 2937 3941 Puteaneos,

757 3960 945 4015 nescio
983 3977 1094 4029 quo
1129 3961 1268 4016 lusu.

678 4046 726 4113 ²)
765 4043 1086 4114 [Probabile
1120 4064 1254 4102 sane
1289 4051 1393 4114 est,
1428 4061 1524 4100 eos
1560 4047 1801 4116 codices,
1839 4047 1935 4116 qui
1971 4048 2031 4103 in
2065 4045 2471 4117 posterioribus
2506 4045 2665 4100 libris
2703 4045 2929 4116 origine

758 4149 884 4186 cum
919 4131 1061 4202 Spir.
1100 4131 1387 4188 coniuncti
1432 4137 1590 4201 sunt,
1648 4134 1814 4188 etiam
1860 4133 1919 4187 in
1962 4134 2152 4203 priore
2199 4137 2361 4204 parte
2412 4135 2687 4202 separatae
2722 4147 2759 4185 a
2794 4130 2923 4183 Put.

760 4217 991 4287 originis
1028 4234 1163 4273 esse.
1243 4217 1355 4273 Sed
1390 4233 1459 4271 ex
1491 4218 1606 4273 illis
1646 4218 1828 4287 codd,
1866 4220 1962 4288 qui
1999 4219 2226 4274 omnino
2261 4218 2429 4290 pauci
2465 4221 2611 4284 sunt,
2647 4216 2742 4270 vix
2777 4232 2929 4270 unus

759 4307 857 4358 aut
908 4303 1052 4358 alter
1088 4302 1460 4371 (Harleianus)
1507 4303 1747 4358 collatus
1793 4305 2156 4374 neglegenter
2190 4309 2301 4372 est,
2355 4308 2686 4372 tantumque
2721 4318 2928 4356 omnes

760 4408 830 4446 ex
874 4390 1062 4458 stirpis
1101 4405 1135 4442 a
1166 4390 1293 4443 Put.
1333 4394 1473 4443 ortoe
1518 4389 1736 4444 mendis
1773 4394 1830 4443 et
1863 4389 2393 4459 interpolationibus
2430 4391 2815 4459 sumpserunt,
2861 4392 2937 4440 ut

757 4475 898 4531 nihil
934 4473 1160 4529 omnino
1197 4474 1339 4528 certi
1375 4491 1440 4529 ac
1475 4476 1696 4545 proprii
1732 4475 2043 4530 testimonii
2078 4475 2172 4531 hic
2209 4475 2407 4530 saltem
2441 4471 2660 4544 restet-J
