3230 5282
1427 599 1545 661 651
2305 612 2428 668 Lib.
2466 612 2642 669 XLII.

334 784 794 870 pleverant3
859 804 1074 868 neque
1132 785 1304 850 enim
1361 784 1475 851 illo
1533 785 1677 870 ipso
1734 790 2032 868 tempore
2093 807 2243 852 eum
2286 807 2636 852 numerum

334 890 785 973 confecerunt,
856 892 972 958 sed
1028 900 1181 959 ante
1239 891 1604 959 confectum
1664 899 1808 958 tum
1852 892 2242 960 habuerunt.
2331 893 2641 978 Alioquin

336 1001 714 1086 ponendum
779 1010 922 1067 erat
979 1001 1446 1087 explebant,
1504 1008 1579 1066 ut
1634 999 1666 1085 ἓ
1736 1006 1792 1082 9,
1863 1023 1914 1067 c.
1985 1006 2086 1083 58,
2161 1007 2255 1083 13,
2322 1003 2644 1083 XXXVII,

336 1116 435 1192 39,
485 1115 585 1191 10,
630 1108 987 1189 XXXVIII,
1036 1113 1134 1189 26,
1170 1117 1226 1190 4,
1276 1109 1357 1175 al.
1425 1109 1678 1175 Eadem
1717 1111 2034 1176 correctio
2068 1111 2249 1177 facta
2281 1111 2641 1190 XXXVIII,

337 1225 392 1301 6,
441 1224 477 1285 3
526 1218 931 1303 (locarant
988 1237 1104 1300 pro
1161 1218 1575 1299 locarunt)
1636 1223 1703 1283 et
1759 1218 1906 1283 aliis
1950 1218 2110 1285 locis
2156 1241 2356 1305 supra
2398 1219 2644 1286 facien-

336 1328 556 1413 daque
626 1326 752 1391 erit
819 1346 872 1390 c.
936 1330 1034 1405 57,
1081 1330 1137 1390 2.
1230 1323 1292 1409 [ἓ
1353 1330 1389 1390 6
1448 1325 1697 1392 editur:
1765 1326 1864 1392 Et
1932 1335 2420 1394 armatorum
2489 1329 2643 1395 duo

334 1436 605 1502 millia
695 1434 1110 1501 Gallorum
1199 1441 1457 1514 erant,
1546 1435 1941 1520 praefecto
2027 1435 2640 1521 Asclepiodoto.

332 1545 443 1611 Ab
490 1542 898 1610 Heraclea
944 1564 1034 1608 ex
1080 1542 1346 1609 Sintis
1392 1544 1560 1609 tria
1603 1543 1868 1609 millia
1902 1544 2295 1611 Thracum
2331 1551 2454 1610 cet.
2512 1546 2641 1612 De-

335 1663 438 1720 est
481 1654 555 1718 in
598 1650 1067 1735 Asclepiodoto
1112 1653 1346 1736 patriae
1395 1651 1822 1735 significatio,
1885 1674 2027 1736 quae
2085 1655 2152 1719 in
2197 1655 2434 1720 ceteris
2481 1675 2643 1738 prae-

336 1763 527 1829 fectis
598 1761 899 1827 omnibus
966 1760 1260 1840 additur,
1329 1760 1618 1825 Thraces
1698 1769 1919 1827 autem
1997 1762 2350 1828 auxiliares
2418 1784 2641 1828 omnes

338 1872 521 1955 (nam
565 1869 734 1936 nulli
778 1869 1062 1934 Thraces
1107 1869 1298 1935 liberi
1343 1876 1583 1953 praeter
1637 1868 1759 1935 hos
1805 1871 2252 1950 nominantur,
2322 1871 2438 1937 sed
2496 1878 2639 1938 tan-

333 1987 474 2046 tum
519 1978 811 2044 Thraces
857 1977 1084 2044 incolae
1130 1977 1474 2043 Paeonibus
1532 1984 1597 2043 et
1642 1978 2039 2061 Agrianibus
2082 1979 2492 2064 interspersi)
2544 1979 2641 2045 di-

336 2096 577 2155 cuntur
621 2108 751 2150 non
798 2085 1007 2151 solum
1055 2107 1133 2150 ex
1169 2084 1368 2151 Sintis
1412 2085 1635 2166 fuisse,
1684 2107 1961 2170 quorum
1994 2088 2176 2170 regio
2216 2087 2302 2153 ad
2339 2087 2640 2155 occiden-

334 2204 469 2264 tem
515 2195 885 2280 Strymonis
935 2200 1001 2259 et
1043 2194 1454 2279 Amphipolis
1500 2195 1723 2278 posita
1768 2195 1905 2260 sine
1955 2195 2153 2261 dubio
2199 2201 2340 2261 tum
2385 2203 2529 2263 tota
2572 2198 2639 2262 in

333 2304 770 2376 Macedonum
816 2302 1073 2368 dicione
1121 2309 1297 2382 erat,
1364 2301 1480 2368 sed
1538 2324 1618 2367 ex
1675 2324 1809 2368 una
1860 2303 2023 2370 urbe
2072 2303 2304 2370 Graeca
2345 2305 2441 2371 ibi
2488 2327 2638 2372 con-

333 2414 490 2481 dita.
586 2414 880 2498 Apparet
922 2411 1009 2476 ad
1053 2411 1586 2495 Asclepiodotum
1631 2411 1770 2478 haec
1813 2413 2174 2496 pertinere:
2233 2413 2329 2479 ab
2376 2414 2643 2481 Hera-

336 2523 512 2588 clea
560 2542 649 2586 ex
695 2518 971 2585 Sintis.
1061 2520 1150 2585 Et
1193 2519 1838 2604 Asclepiodotus
1896 2520 1990 2586 ab
2048 2521 2456 2589 Heraclea
2501 2526 2641 2607 qui-

331 2635 478 2701 dem
514 2632 758 2699 dicitur
791 2628 1020 2695 eodem
1055 2628 1268 2711 modo,
1318 2651 1445 2712 quo
1480 2628 1530 2710 I,
1580 2633 1679 2710 50,
1729 2633 1765 2694 3
1811 2627 2130 2696 Turnus
2177 2629 2642 2700 Herdonius

332 2744 430 2810 ab
499 2741 782 2809 Aricia
839 2745 906 2803 et
950 2737 1181 2818 XLIH,
1232 2743 1328 2817 19,
1381 2742 1457 2803 13
1517 2738 1807 2803 Adaeus
1853 2738 2181 2804 Macedo
2228 2761 2269 2804 a
2311 2740 2641 2822 Beroea,

334 2852 448 2919 ubi
496 2850 726 2917 Cicero
793 2856 860 2913 et
925 2845 1147 2913 Caesar
1203 2845 1446 2931 aliique
1502 2845 1862 2912 ablativum
1932 2845 2144 2912 solum
2199 2854 2483 2929 ponunt,
2543 2849 2639 2915 ab

329 2957 748 3027 Heraclea
793 2977 884 3020 ex
928 2954 1195 3021 Sintis
1241 2975 1361 3039 pro
1410 2954 1505 3019 ab
1562 2954 1972 3020 Heraclea
2028 2953 2348 3020 Sintica
2406 2956 2509 3022 vel
2555 2957 2638 3023 ab

326 3068 405 3133 H.
450 3070 537 3134 in
572 3065 835 3133 Sintis
874 3063 1005 3145 (ἀφ’
1039 3069 1355 3143 Ἡρακλείας
1376 3072 1465 3138 τῆς
1501 3074 1556 3125 ἐν
1587 3062 1824 3144 zenone)
1872 3084 1948 3129 eo
1994 3062 2211 3143 modo,
2260 3085 2390 3148 quo
2435 3064 2638 3149 Mag·

327 3185 567 3244 netes
613 3196 653 3240 a
691 3170 975 3256 Sipylo
1012 3170 1192 3252 (Tac.
1219 3171 1382 3236 Ann.
1406 3171 1490 3250 H,
1515 3170 1648 3253 47),
1697 3172 1809 3254 qui
1853 3171 2137 3254 patriam
2171 3171 2420 3239 habent
2452 3172 2636 3258 Mag·

326 3288 585 3352 neeiam
631 3281 715 3347 ad
763 3279 1058 3365 Sipylum
1106 3286 1172 3344 et
1215 3278 1369 3344 inde
1416 3279 1546 3344 alio
1594 3285 1943 3359 venerunt3
1984 3278 2113 3344 vid.
2164 3302 2367 3365 supra
2411 3305 2470 3367 p.
2510 3287 2633 3348 431

327 3415 387 3458 n.
437 3389 656 3474 1864]
748 3389 1056 3454 Extremo
1105 3388 1320 3473 capite
1369 3386 1429 3471 (ξ
1481 3388 1585 3469 10)
1645 3388 1713 3453 in
1768 3388 1991 3453 codice
2048 3388 2393 3455 scribitur:
2457 3392 2639 3475 pari

329 3499 576 3566 ferme
621 3498 983 3582 peditum
1028 3517 1355 3562 numero
1389 3498 1509 3561 ita
1543 3518 1861 3576 summa,
1909 3504 1977 3562 et
2013 3503 2235 3581 potest
2271 3496 2456 3564 ferri:
2506 3498 2633 3566 Ita

330 3628 645 3686 summa,
691 3613 765 3672 ut
812 3604 1029 3669 Livius
1074 3604 1426 3687 significet,
1472 3604 1643 3670 hanc
1691 3624 2009 3670 summam
2057 3626 2135 3670 ex
2179 3607 2630 3690 superioribus

329 3716 615 3782 numeris
661 3712 861 3793 effici3
908 3714 1063 3793 etsi,
1108 3721 1181 3779 ut
1225 3733 1398 3778 nunc
1444 3719 1615 3792 sunt,
1659 3733 1894 3797 reapse
1938 3733 2068 3778 non
2114 3713 2412 3797 efficitur,
2460 3738 2623 3801 quo·
2660 3716 2811 3786 (539)

330 3825 510 3889 niam
554 3821 1093 3908 phalangitarum
1135 3843 1440 3886 numerus
1488 3819 1549 3903 (ἓ
1599 3821 1664 3902 3)
1710 3842 1840 3887 non
1885 3822 2047 3887 satis
2095 3821 2432 3905 definitum
2481 3846 2638 3908 pen-

333 3931 446 3999 det
492 3933 667 3998 enim
712 3951 793 3996 ex
837 3930 954 3995 XL
989 3929 1264 3995 millium
1298 3951 1588 4010 numer0,
1637 3930 1748 4012 qui
1791 3951 1922 3995 non
1958 3932 2259 3996 convenit
2292 3953 2438 3998 cum
2473 3933 2636 4017 ipsa,

333 4060 475 4123 quae
520 4040 628 4105 hic
675 4038 1038 4121 colligitur,
1084 4059 1354 4103 summa.
1406 4036 1533 4104 Sed
1578 4045 1657 4103 ut
1701 4038 1824 4103 XX
1858 4039 2066 4105 millia
2103 4038 2637 4123 phalangitarum

330 4146 593 4229 fuerint,
636 4170 770 4215 non
804 4144 1100 4227 XXXIX,
1139 4147 1254 4212 sed
1289 4146 1630 4211 XXXVIII
1664 4148 1873 4212 millia
1904 4147 2200 4232 peditum
2237 4145 2632 4213 efficiuntur.

502 4256 659 4341 Cap.
709 4259 807 4336 52,
855 4262 921 4320 5:
990 4255 1178 4339 Ipse
1226 4252 1565 4336 (Perseus)
1617 4256 2003 4321 constitit
2061 4256 2140 4320 in
2198 4256 2630 4336 tribunali,

334 4365 548 4431 circa
592 4386 673 4430 se
716 4362 1033 4430 habens
1079 4363 1307 4429 filios
1356 4363 1574 4442 duoS,
1624 4386 1972 4448 quorum
2015 4364 2287 4443 maior,
2332 4363 2631 4448 Philip-

333 4493 512 4554 pus,
571 4479 871 4538 natura
915 4473 1204 4553 frater,
1253 4472 1694 4557 adoptione
1740 4471 2011 4551 filius,
2059 4472 2350 4551 minor,
2401 4493 2631 4555 quem
