3230 5282
1502 626 1625 684 489
2305 635 2427 694 Lib.
2466 633 2720 689 XXXIII.

414 812 470 885 9,
508 812 565 884 9,
605 790 670 871 et
706 806 809 871 hic
844 806 875 888 ἓ
915 812 949 870 7
991 808 1411 871 dimidium
1450 806 1867 889 praesens);
1920 806 2093 889 quod
2135 808 2446 888 quoniam
2482 807 2545 869 in
2590 807 2719 869 sin-

413 916 659 997 gularis
701 916 954 978 numeri
986 914 1260 979 formam
1291 915 1609 979 transisse
1644 935 1913 998 prorsus
1942 913 2375 997 improbabile
2409 920 2526 990 est,
2563 914 2720 977 scri-

415 1022 701 1086 bendum
748 1029 939 1104 puto:
990 1023 1066 1085 in
1113 1042 1486 1102 praesens
1566 1022 1708 1085 Lib.
1757 1021 2050 1098 XXXIV,
2100 1026 2198 1094 35,
2253 1024 2322 1084 11
2376 1020 2718 1084 scribitur:

413 1129 730 1193 talenta
766 1136 1092 1193 centum
1128 1131 1454 1211 argenti
1489 1130 1566 1192 in
1603 1130 1987 1212 praesenti
2026 1137 2090 1210 et-
2126 1128 2722 1210 quinquaginta

412 1237 734 1301 talenta
782 1238 856 1300 iu
907 1236 1275 1316 singulos
1326 1257 1574 1299 annos
1628 1259 1766 1320 per
1814 1257 2064 1301 annos
2115 1242 2325 1313 octo,
2387 1233 2719 1318 quomodo

413 1366 533 1407 nec
557 1345 808 1407 Livium
834 1343 991 1407 alibi
1016 1365 1133 1407 nec
1158 1343 1325 1407 alios
1352 1343 1607 1407 locutos
1644 1346 1918 1427 reperio,
1991 1343 2185 1425 [Nam
2224 1343 2353 1406 alio
2393 1363 2586 1406 sensu
2623 1341 2719 1404 di-

415 1454 470 1515 ci
508 1474 589 1515 ur
625 1452 800 1535 apud
843 1451 1034 1515 Corn.
1074 1452 1233 1533 Nep.
1273 1452 1404 1514 Att.
1454 1455 1546 1526 12,
1587 1456 1622 1515 5
1663 1459 1728 1515 et
1763 1452 1972 1516 Alcib.
2013 1458 2068 1530 4,
2106 1448 2192 1531 2.]
2280 1450 2545 1513 Fuitne:
2605 1469 2719 1512 ar-

414 1561 633 1643 genti
682 1560 1162 1641 praesentia?
1225 1558 1479 1640 [Potest
1525 1561 1723 1623 etiam
1770 1559 1968 1623 fuisse
2017 1559 2090 1622 in
2138 1556 2601 1640 praesentia,
2648 1564 2722 1619 ut

416 1667 555 1742 vn,
606 1671 703 1736 37,
756 1664 842 1748 2.]

587 1773 742 1857 Cap.
795 1777 904 1851 32,
973 1778 1029 1837 2.
1149 1774 1361 1837 Locus
1419 1774 1498 1837 de
1557 1782 1850 1838 mercatu
1911 1773 2329 1837 Isthmiorum
2390 1793 2423 1835 e
2471 1771 2523 1834 B
2571 1792 2721 1853 sup-

415 1882 628 1965 pletus
674 1881 765 1945 sic
812 1883 1185 1964 interpungi
1234 1880 1459 1946 debet:
1528 1888 1691 1944 tum
1750 1882 1975 1963 quia,
2044 1888 2383 1964 propter
2428 1899 2719 1961 oppor-

412 1991 852 2053 tunitatem
931 1989 1091 2052 loci
1173 2010 1312 2071 per
1398 1989 1549 2052 duo
1630 1988 1956 2053 diversa
2034 1989 2292 2051 maria
2372 1987 2719 2051 omnium

414 2118 670 2160 rerum
716 2118 906 2159 usus
955 2097 1512 2159 ministrantis
1558 2095 1897 2160 humano
1945 2097 2238 2176 generi,
2286 2093 2718 2157 concilium

414 2203 617 2268 Asiae
674 2203 1169 2284 Graeciaeque
1238 2203 1304 2267 is
1376 2211 1784 2268 mercatus
1854 2214 2052 2266 erat.
2176 2202 2324 2266 Non
2395 2208 2720 2265 meicatus

414 2311 581 2374 Asiae
638 2311 1035 2394 Graeciaeque
1095 2310 1371 2375 Isthmia
1436 2310 1856 2393 appellantur
1912 2331 2029 2374 nec
2087 2309 2441 2374 concilium
2499 2308 2719 2391 generi

414 2417 698 2483 humano
758 2418 866 2495 (—
927 2418 1275 2481 dicendum
1336 2420 1505 2481 enim
1567 2427 1704 2482 tuni
1765 2425 1940 2481 erat:
2012 2416 2334 2481 humani
2396 2416 2720 2498 generis

414 2524 489 2586 {11
537 2525 1001 2602 concilium,
1065 2527 1178 2589 As.
1231 2529 1350 2587 (ir.
1401 2524 1464 2586 is
1521 2529 1928 2589 mereatus
1976 2532 2185 2603 erat3
2255 2524 2516 2588 dativus
2562 2523 2718 2587 ferri

409 2634 637 2715 nequit
681 2633 820 2713 —)‚
890 2632 1003 2697 sed
1062 2638 1468 2697 mercatus
1527 2631 2045 2697 Isthmiorum
2092 2633 2203 2712 (—
2250 2633 2345 2698 sic
2393 2633 2563 2697 enim
2611 2630 2715 2694 Li-

407 2742 578 2817 vius,
647 2747 721 2805 ut
781 2740 1005 2805 Cicero
1066 2741 1253 2805 Tusc.
1317 2740 1396 2819 V,
1469 2744 1534 2818 3,
1603 2744 1640 2800 9
1711 2746 1776 2803 et
1835 2740 2180 2805 Suetonius
2239 2741 2388 2804 Ner.
2448 2744 2557 2814 28,
2628 2746 2717 2812 1132·

408 2856 706 2929 πανήγυριν
756 2848 989 2913 Latine
1048 2849 1238 2912 vertit
1294 2848 1405 2927 —)
1466 2848 1673 2912 Asiae
1732 2848 2220 2930 Graeciaeque
2279 2846 2713 2910 concilium

404 2954 606 3019 fuisse
644 2955 903 3033 dicitur,
942 2976 1072 3037 quo
1098 2976 1174 3019 ex
1200 2963 1483 3036 utraque
1509 2962 1831 3018 terrarum
1857 2963 2046 3036 parte
2083 2955 2379 3018 homines
2417 2952 2715 3016 conveni-

403 3068 569 3125 rent.
653 3061 807 3138 Quae
848 3052 1211 3145 sequuntur
1246 3062 1278 3144 ξ
1317 3066 1372 3138 3,
1408 3063 1564 3125 item
1599 3083 1634 3125 e
1659 3061 1711 3124 B
1737 3061 2057 3145 suppleta,
2093 3064 2158 3124 in
2187 3060 2389 3142 Opuc.
2418 3059 2479 3122 11
2504 3083 2563 3142 p.
2594 3064 2714 3122 367

404 3169 653 3232 rectius
721 3169 1199 3250 'distinguendo
1269 3170 1352 3233 ab
1422 3169 1731 3232 inanibus
1815 3168 2298 3251 suspicionibus
2368 3168 2712 3243 vindicavi,

406 3275 807 3358 eandemque
877 3277 1359 3342 distinctionem
1428 3284 1691 3340 secutus
1751 3276 2334 3339 Weissenbornius
2394 3281 2524 3351 est,
2589 3274 2713 3337 nisi

402 3383 577 3465 quod
659 3383 848 3466 plene
927 3386 1301 3469 interpungi
1379 3383 1672 3448 debebat
1741 3390 1891 3465 post
1958 3382 2288 3447 fortuna
2355 3388 2584 3446 esset
2652 3390 2716 3444 et

400 3511 582 3554 novae
639 3492 897 3573 periodi
943 3493 1205 3557 initium
1256 3492 1399 3556 fieri
1447 3490 1530 3554 ab
1578 3489 1708 3554 his:
1778 3491 1939 3554 Alii
1997 3489 2159 3554 alia
2205 3526 2286 3535 —
2332 3489 2715 3553 ferebant

401 3598 811 3662 Romanos
859 3599 1260 3677 facturos3
1308 3600 1431 3662 vix
1481 3605 1602 3662 cet.

568 3703 725 3787 Cap.
776 3710 876 3781 33,
926 3711 961 3769 5
1000 3727 1139 3789 sqq.
1183 3705 1322 3786 (ubi
1360 3706 1755 3770 describitur
1793 3704 2169 3768 Graecorum
2206 3705 2438 3767 laetitia
2485 3703 2566 3767 de
2614 3724 2714 3766 re·

399 3813 634 3875 stituta
680 3834 720 3876 a
764 3813 1077 3877 Romanis
1136 3813 1478 3894 libertate)
1528 3815 1621 3876 sic
1667 3834 1701 3875 e
1749 3811 1801 3874 B
1852 3811 2268 3876 scribendum
2316 3818 2447 3874 est:
2517 3810 2711 3873 Esse

399 3919 751 4000 aliquam
820 3921 899 3983 in
960 3921 1209 3984 terris
1268 3918 1615 4002 gentem,
1687 3940 1850 4000 quse
1907 3940 2048 3983 sua
2104 3921 2499 4001 impensa,
2571 3939 2711 3981 suo

395 4025 677 4090 labore
740 4047 827 4089 ac
886 4027 1257 4109 periculo
1317 4027 1536 4091 bella-
1583 4034 1814 4109 gerat
1862 4049 2008 4109 pro
2054 4026 2461 4090 libertate
2509 4024 2712 4088 alio-

393 4153 592 4207 rum,
662 4154 806 4196 nec
869 4133 1017 4197 hoc
1078 4135 1460 4198 finitimis
1519 4140 1657 4198 aut
1714 4135 2186 4216 propinquae
2232 4131 2710 4196 vicinitatis

392 4238 849 4305 hominibus
886 4249 1033 4304 aut
1074 4243 1313 4305 terris
1349 4239 1975 4306 continentibus
2010 4241 2317 4304 iunctis
2354 4244 2710 4322 praestet,

392 4348 534 4410 sed
594 4349 849 4412 maria
908 4349 1294 4412 traiiciat
1352 4356 1475 4411 cet.
1589 4348 1879 4411 Primum
1948 4355 2049 4411 est
2105 4347 2515 4410 finitimos
2572 4353 2709 4409 aut

389 4456 864 4537 propinquae
925 4456 1392 4519 vicinitatis
1450 4455 1810 4517 homines
1856 4454 2170 4531 liberare,
2237 4454 2523 4518 alterum
2571 4474 2701 4515 non

2260 5122 2351 5180 ize&
2371 5124 2418 5171 by
2443 5140 2520 5160 2...
2537 5106 2724 5199 ωυὲς
2737 5117 2808 5160 [μ
