3230 5282
1474 583 1594 645 113
2432 595 2560 651 Lib.
2595 594 2689 651 IV.

365 746 814 837 discrimen
867 770 1016 836 sub
1076 768 1402 835 dicione
1459 768 1639 834 eius
1682 769 2218 851 magistratus
2260 803 2348 814 —
2393 766 2691 849 (esset).

373 878 580 943 Recte
624 899 780 946 vero
825 899 958 944 non
1003 878 1284 956 omnino,
1342 876 1460 941 sed
1503 877 1574 941 in
1619 882 1856 942 senatu
1903 878 2328 962 equitumque
2374 876 2691 944 centuriis

371 986 633 1051 decoris
694 986 1170 1069 dedecorisque
1232 984 1586 1050 discrimen
1647 1006 1849 1069 penes
1910 1006 2216 1052 censores
2262 984 2467 1051 fuisse
2515 985 2694 1067 dicit,

365 1116 576 1178 quum
641 1103 762 1161 aut
827 1101 1062 1161 senatu
1126 1099 1470 1160 moverent
1525 1099 1645 1158 aut
1699 1114 1906 1176 equos
1964 1094 2361 1175 adimerent3
2426 1115 2580 1160 nam
2624 1095 2694 1159 id

370 1223 724 1268 censorum
800 1204 976 1270 notis
1043 1201 1398 1286 agebatur,
1482 1208 1556 1267 ut
1631 1202 1701 1266 hi
1779 1201 2040 1267 ordines
2109 1201 2695 1285 (quemadmodum

371 1308 609 1377 Cicero
669 1311 934 1393 scribit)
995 1312 1155 1377 vitio
1213 1317 1560 1390 vacarent3
1628 1309 1966 1377 hominum
2023 1310 2104 1374 de
2150 1309 2341 1393 plebe
2385 1330 2518 1375 non
2563 1313 2694 1377 sin-

371 1418 653 1501 gulatim
709 1421 859 1485 vitae
915 1427 984 1486 et
1025 1440 1245 1484 mores
1292 1439 1335 1483 a
1378 1417 1764 1483 censoribus
1811 1417 2329 1501 exquirebantur
2370 1418 2695 1485 notaban-

376 1534 594 1605 turve,
663 1528 797 1593 nisi
863 1530 919 1594 si
987 1527 1149 1610 quid
1206 1534 1393 1592 extra
1440 1526 1740 1591 ordinem
1784 1547 1824 1591 a
1867 1525 2091 1591 multis
2136 1531 2480 1610 peccatum
2525 1534 2697 1608 erat3

371 1634 466 1698 ad
512 1656 625 1700 eos
669 1636 1058 1719 pertinebat
1101 1636 1477 1700 universum
1523 1634 1718 1714 illud,
1787 1635 1968 1718 quod
2016 1634 2237 1699 Livius
2294 1635 2504 1718 primo
2550 1634 2695 1701 loco

376 1744 630 1826 posuit,
699 1765 1003 1810 morum
1071 1742 1704 1826 disciplinoeque
1770 1743 2162 1825 regimen,
2232 1742 2409 1827 quod
2465 1742 2698 1809 edictis

371 1871 724 1917 censorum
788 1851 1272 1918 continebatur.
1399 1849 1634 1932 Itaque
1713 1851 1923 1916 multo
1989 1850 2124 1914 iam
2187 1851 2436 1931 verius,
2514 1858 2700 1916 recta

374 1960 714 2043 scriptura
777 1960 1121 2038 restituta,
1190 1979 1534 2024 censorum
1600 1978 1879 2024 munera
1934 1979 1976 2022 a
2029 1958 2215 2024 Livio
2274 1959 2698 2042 comprehen-

371 2066 644 2132 duntur.
736 2066 1239 2151 (Praepositione
1284 2067 1542 2151 omissa,
1590 2072 1938 2131 senatus
1982 2087 2103 2150 pro
2151 2072 2444 2131 senatu
2493 2068 2697 2151 scrip-

371 2183 524 2240 tum
567 2176 860 2255 videtur3
916 2196 1071 2240 nam
1114 2175 1369 2239 Livium
1430 2177 1508 2239 in
1556 2180 1899 2239 senatus
1946 2175 2470 2258 equitumque
2517 2195 2697 2240 cen—

377 2284 633 2349 turiis
713 2284 989 2362 dixisse,
1072 2282 1251 2365 quod
1328 2290 1699 2363 senatores,
1783 2304 1983 2365 quum
2060 2283 2428 2366 antiquitus
2497 2304 2700 2365 equos

379 2391 689 2475 publicos
747 2391 1097 2472 haberent,
1169 2391 1463 2475 equitum
1524 2390 1835 2456 centuriis
1894 2391 2419 2471 continerentur,
2487 2397 2561 2456 ut
2605 2412 2702 2457 eae

377 2501 585 2564 etiam
632 2507 1015 2566 senatorum
1064 2507 1316 2578 essent,
1381 2499 1462 2563 de
1520 2520 1656 2581 qua
1711 2520 1781 2564 re
1829 2498 1964 2562 dixi
2010 2498 2166 2563 olim
2212 2498 2451 2582 Opusc.
2497 2500 2699 2565 Acad.

381 2607 412 2671 I
459 2630 527 2691 p.
577 2611 658 2673 76
705 2629 868 2693 sqq.,
926 2629 1059 2674 non
1106 2607 1430 2687 adducor,
1485 2613 1560 2673 ut
1605 2605 1992 2689 credam.)¹)
2081 2606 2290 2674 Paulo
2337 2614 2487 2692 post
2536 2606 2596 2691 (ἓ
2633 2605 2699 2688 6)

363 2714 622 2781 flustra
687 2715 1139 2781 Alschefskius
1221 2721 1288 2780 et
1354 2715 1926 2782 Weissenbornius
1994 2715 2305 2781 mirificas
2374 2718 2698 2800 interpre—

370 2823 565 2888 tandi
638 2824 975 2889 machinas
1033 2823 1383 2889 admovent
1444 2823 1745 2889 codicum
1802 2824 2178 2907 scripturae,
2247 2845 2443 2906 quam
2500 2825 2701 2890 etiam

365 2931 688 2997 Hertzius
769 2933 973 2996 tacite
1037 2932 1284 2996 tenuit:
1367 2931 1715 3011 tribuni,
1792 2931 1873 2995 id
1952 2931 2163 3015 quod
2240 2940 2426 2996 tunc
2493 2939 2699 3009 erat,

368 3040 636 3122 magis
693 3039 1249 3105 necessarium
1320 3059 1552 3123 quam
1609 3039 1968 3124 speciosi
2023 3039 2480 3105 ministerii
2525 3062 2747 3125 pro-.

365 3148 907 3214 curationem
974 3148 1422 3228 intuenteS,
1491 3154 1565 3213 ut
1633 3169 1713 3213 ex
1779 3168 1858 3212 ea
1925 3149 2319 3213 sententiam
2386 3146 2693 3213 efficiant.
2732 3166 2838 3234 (94)

361 3253 539 3331 Quis
585 3255 760 3321 enim
803 3253 968 3321 talia
1011 3256 1280 3321 inventa
1322 3254 1705 3339 redarguat,
1765 3254 1959 3337 quale
2008 3254 2534 3321 Weissenbornii
2582 3261 2701 3335 est,

360 3363 732 3442 narrantis,
777 3363 864 3428 ad
908 3364 1472 3429 necessarium
1521 3362 1734 3427 audiri
1769 3363 2319 3428 ministerium
2357 3368 2473 3427 aut
2506 3382 2698 3445 gene·

361 3470 586 3536 talem
647 3469 939 3555 aliquam
999 3470 1381 3537 notionem?
1453 3469 1632 3555 (Ipse
1691 3470 1986 3555 quidem,
2055 3492 2255 3556 quum
2318 3471 2412 3535 sic
2469 3472 2696 3537 vertit:

366 3579 528 3659 „die
573 3579 910 3644 Tribunen
971 3578 1179 3645 sahen
1232 3579 1301 3643 in
1360 3578 1508 3644 dem
1550 3580 1745 3645 Amte
1801 3578 1986 3644 mehr
2044 3580 2187 3643 eine
2248 3577 2700 3663 notbwendige

431 3771 476 3833 ¹)
519 3764 680 3834 [Quae
741 3772 1019 3834 proeterea
1069 3765 1474 3819 Mommsenius
1540 3769 1752 3832 tentat,
1819 3782 2003 3832 neque
2064 3766 2387 3819 necessaria
2450 3773 2583 3820 sunt
2645 3772 2703 3820 et

519 3850 815 3920 redarguit
879 3852 940 3905 in
998 3852 1305 3920 postremis
1381 3851 1682 3904 verborum
1758 3850 1932 3917 ord0,
2004 3849 2064 3903 in
2126 3850 2513 3918 superioribus
2578 3851 2701 3906 haec

512 3936 844 3990 coniunctio
901 3941 1190 3990 senatus
1246 3936 1691 4004 equitumque
1745 3935 2110 3990 centuriis.
2151 3932 2183 4003 ξ
2218 3938 2278 4002 4,
2315 3936 2581 4004 quoniam
2634 3937 2702 3991 in

509 4026 763 4075 senatu
829 4021 1003 4090 longe
1062 4021 1330 4087 discedit,
1388 4020 1467 4074 ad
1531 4027 1840 4075 senatum
1898 4020 2178 4089 (mentio
2240 4021 2468 4089 illata)
2524 4023 2697 4076 inusi-

512 4112 639 4161 tate
675 4106 907 4173 dicitur,
951 4111 1132 4160 restat
1165 4105 1350 4175 apud
1387 4111 1732 4173 senatum,
1777 4123 1842 4159 eo
1879 4107 2085 4175 magis,
2133 4106 2284 4174 quod
2319 4107 2379 4162 in
2414 4107 2458 4160 P
2497 4112 2587 4162 est
2622 4109 2699 4163 ab

505 4199 843 4246 senatum.
907 4190 1067 4246 Nam
1106 4191 1327 4244 etiamsi
1353 4190 1664 4246 Niebuhrio
1706 4191 1869 4258 (Hist.
1905 4191 2065 4246 Rom.
2095 4192 2151 4244 11
2176 4210 2229 4261 p.
2261 4193 2362 4245 255
2391 4192 2476 4247 ed.
2509 4193 2560 4260 2)
2588 4210 2702 4247 cre·

513 4277 640 4344 das,
676 4295 778 4331 sua
805 4276 972 4330 Livio
1009 4282 1331 4332 commenta
1357 4276 1700 4345 subiicienti,
1736 4293 1853 4330 non
1880 4283 2071 4330 tamen
2099 4277 2313 4332 mentio
2343 4279 2412 4333 ab
2440 4280 2700 4333 universo

513 4367 721 4417 senatu
780 4359 980 4417 inferri
1044 4361 1158 4416 dici
1208 4362 1418 4430 possit,
1479 4379 1584 4417 nec
1637 4361 1863 4417 Livium
1916 4362 1997 4415 ita
2049 4361 2284 4431 dixisse,
2348 4364 2702 4433 apertissime

516 4447 787 4515 ostendit,
823 4446 978 4516 qnod
1011 4448 1293 4516 sequitur:
1333 4452 1398 4501 et
1432 4451 1671 4516 patres
1829 4446 1979 4501 laeti
2015 4464 2363 4517 accepere.
2440 4447 2610 4518 1861]

2207 4552 2242 4604 8
