3230 5282
1440 591 1476 652 6
1490 590 1565 651 15
1834 621 1839 628 ·
2333 603 2460 657 Lib.
2496 602 2642 657 XLI.

517 772 673 859 Cap.
712 778 813 855 24,
867 777 943 838 10
989 775 1082 854 (in
1116 774 1411 840 oratione
1445 775 1796 841 Archontis
1842 783 2072 842 contra
2110 774 2525 841 Callicratem
2563 776 2644 841 de

296 937 301 941 .
341 881 583 947 finibus
627 882 1012 948 Achaeorum
1056 882 1528 949 Macedonibus
1575 884 2008 966 interdictis):
2069 884 2223 950 Cur
2270 905 2644 949 exsecra-

346 990 543 1055 bilis
589 990 755 1055 ista
808 991 1041 1057 nobis
1110 992 1311 1057 solis
1356 991 1584 1057 velut
1630 993 2022 1058 dissertio
2068 987 2274 1058 iuris
2320 992 2644 1058 humani

344 1099 507 1164 est?
553 1098 828 1164 Frustra
861 1098 1294 1183 KreyssigiuS,
1332 1099 1657 1165 advocata
1691 1101 1874 1167 Festi
1923 1100 2168 1183 (Pauli)
2219 1101 2641 1179 auctoritate,

342 1206 523 1291 apud
568 1228 760 1289 quem
806 1206 1351 1272 dissertiones
1396 1216 1812 1292 exponuntur
1870 1209 2340 1274 divisiones*
2379 1209 2645 1291 patri-

342 1315 791 1381 moniorum
834 1316 1054 1379 inter
1100 1321 1540 1395 consortes,
1588 1315 1843 1382 efficere
1880 1325 2170 1395 conatur,
2217 1322 2291 1380 ut
2325 1317 2646 1381 usitatum

345 1429 410 1488 et
453 1423 793 1488 Livianum
838 1422 1164 1487 habeatur
1210 1423 1750 1489 dissertionis
1811 1423 2410 1506 (dissertionis)
2455 1444 2644 1489 voca-

344 1530 600 1610 bulum,
657 1553 859 1615 quum
903 1533 1265 1622 praesertim
1329 1531 1399 1596 id
1444 1532 1726 1597 alienam
1772 1533 1855 1597 ab
1901 1532 2095 1597 huius
2141 1531 2271 1597 loci
2316 1533 2645 1597 sententia

342 1637 723 1703 habiturum
769 1641 857 1704 sit
899 1640 1274 1722 imaginem3
1332 1662 1542 1725 neque
1591 1643 1764 1706 enim
1809 1639 1915 1705 hic
1962 1639 2041 1704 de
2088 1641 2443 1706 communis
2486 1640 2644 1705 boni

342 1746 688 1825 divisione,
757 1754 831 1813 ut
888 1769 1068 1812 suam
1114 1750 1392 1832 quisque
1439 1756 1696 1833 partem
1743 1749 2047 1832 accipiat,
2096 1749 2330 1828 agitur.
2421 1746 2643 1812 Nihilo

341 1862 562 1920 tamen
619 1857 828 1936 magis
886 1855 1041 1920 ferri
1098 1864 1344 1939 potest,
1413 1857 1589 1939 quod
1638 1856 1954 1940 Grynaeus
2003 1855 2463 1934 substituerat,
2512 1855 2645 1920 de-

347 1963 634 2045 serti03
688 1983 902 2046 neque
950 1966 1120 2028 enim
1171 1965 1386 2030 deseri
1440 1967 1540 2031 ius
1585 1964 1943 2031 humanum
1987 1963 2201 2028 Archo
2249 1964 2647 2045 querebatur

343 2071 499 2153 (hoc
546 2078 666 2151 est,
711 2072 958 2137 remitti
1003 2093 1124 2137 nec
1170 2072 1480 2156 defendi),
1527 2081 1758 2157 estque
1805 2073 2068 2137 omnino
2106 2072 2317 2137 lenius
2350 2072 2419 2136 id
2453 2092 2648 2137 voca-

339 2179 571 2245 bulum
639 2200 839 2263 quam
907 2203 1027 2264 pro
1096 2181 1419 2246 adiectivo
1492 2180 2065 2247 exsecrabilis,
2175 2180 2259 2244 Ni
2323 2178 2537 2257 fallor,
2607 2201 2647 2245 a

337 2288 521 2355 Livio
569 2295 712 2354 erat
758 2289 1240 2377 discerpti03
1310 2310 1462 2355 nam
1515 2291 1732 2375 rumpi
1790 2297 1855 2354 et
1898 2288 2283 2353 interscindi
2328 2287 2647 2352 violenter

337 2397 442 2462 ius
487 2397 835 2462 videbatur
877 2397 993 2461 illa
1037 2396 1264 2463 finium
1309 2398 1788 2464 interdictione.
1879 2396 2056 2461 Nihil
2111 2417 2401 2475 moveor,
2469 2395 2648 2478 quod

339 2505 465 2571 hoc
509 2507 790 2571 actionis
837 2506 1227 2572 vocabulum
1273 2507 1357 2571 ab
1403 2508 1835 2572 usitatissimo
1882 2506 2080 2571 verbo
2119 2503 2439 2570 deflexum
2485 2504 2648 2569 alibi

345 2634 477 2680 non
521 2613 779 2698 legitur.
849 2613 1052 2680 Paulo
1099 2622 1250 2698 post
1296 2613 1357 2699 (ἓ
1409 2619 1483 2679 12
1532 2624 1599 2681 et
1648 2613 1757 2696 13)
1810 2615 1901 2680 sic
1946 2616 2016 2679 in
2062 2613 2284 2679 codice
2332 2614 2650 2698 scriptum

347 2729 452 2787 est
497 2721 884 2803 (minutulos
930 2745 1183 2789 errores
1230 2723 1391 2789 nihil
1437 2745 1609 2789 nunc
1666 2721 1945 2803 moror):
2020 2723 2503 2804 Quamquam
2572 2727 2652 2788 et

348 2829 560 2895 illud
630 2830 907 2896 dicere
972 2839 1369 2915 poteram,
1438 2837 1678 2897 tanta
1740 2833 2104 2916 priorum
2161 2830 2651 2895 Macedoniae

345 2959 623 3021 regum
667 2940 953 3004 merita
998 2960 1184 3022 erga
1227 2962 1373 3006 nos
1417 2938 1693 3020 fuisse,
1744 2946 1831 3004 ut
1858 2937 2218 3021 Philippi
2263 2940 2499 3003 unius
2544 2940 2653 3003 in-

345 3047 611 3112 iurias
657 3046 824 3129 (cod.
872 3047 1314 3128 iniuriam),
1384 3051 1449 3114 si
1506 3071 1673 3131 quae
1729 3046 1945 3113 forte
1989 3047 2316 3111 fuerunt
2361 3048 2645 3128 utique
2682 3063 2825 3132 (506)

348 3161 539 3239 post
583 3162 948 3235 mortem;
1018 3176 1187 3219 cum
1244 3153 1537 3220 classis
1582 3153 1937 3220 Romana
1983 3153 2429 3219 Cenchreis
2477 3161 2654 3220 sta-

346 3271 493 3343 ret,
539 3263 822 3328 consul
868 3285 1035 3329 cum
1077 3264 1453 3328 exercitu
1486 3263 1775 3328 Elatiae
1822 3268 2062 3341 esset,
2110 3262 2477 3328 triduum
2510 3286 2653 3330 nos

348 3371 431 3436 in
478 3371 835 3436 concilio
903 3370 1184 3448 fuisse,
1257 3371 1854 3450 consultanteS,
1925 3378 2191 3436 utrum
2257 3371 2652 3437 Romanos

348 3500 445 3545 an
490 3479 959 3563 Philippum
1004 3500 1544 3562 sequeremur.
1635 3479 1929 3545 Priorem
1977 3479 2370 3545 sententiam
2436 3481 2501 3544 in
2547 3503 2656 3546 ex-

347 3594 562 3653 trema
626 3594 814 3672 parte
882 3608 1178 3653 mancam
1247 3609 1388 3653 esse
1448 3594 1513 3653 et
1570 3588 1891 3653 excidisse
1937 3587 2237 3667 verbum,
2309 3588 2505 3671 quale
2551 3595 2653 3654 est

349 3696 675 3762 elevent
735 3701 852 3760 aut
907 3695 1376 3775 obscurent,
1434 3697 1759 3761 neminem
1804 3695 1988 3779 fugit.
2083 3695 2211 3762 Sed
2265 3719 2395 3763 non
2440 3698 2654 3762 minus

349 3806 770 3888 perspicuum
816 3810 946 3884 est,
993 3803 1226 3869 deinde
1270 3826 1507 3870 novam
1551 3805 1844 3889 incipere
1891 3806 2314 3886 sententiam,
2383 3825 2525 3887 quae
2570 3804 2655 3870 ab

349 3912 463 3977 illo
523 3912 800 3977 dicere
869 3919 1231 3995 poteram
1299 3913 1585 3996 pendere
1644 3890 1963 3995 nequeat,
2031 3934 2246 3997 neque
2294 3914 2462 3977 enim
2510 3933 2657 3976 cum

349 4021 655 4086 universa
697 4019 815 4083 illa
857 4020 1306 4104 propositione
1355 4020 1454 4102 (ut
1509 4021 1806 4087 rhetores
1853 4020 2219 4105 appellant)
2278 4020 2358 4084 de
2403 4020 2653 4084 meritis

345 4135 639 4194 veterum
683 4127 1085 4193 Macedoniae
1129 4148 1361 4210 regum
1406 4150 1763 4213 eorumque
1810 4129 2099 4212 pondere
2163 4127 2467 4210 coniungi
2511 4126 2645 4192 ullo

344 4244 543 4321 pacto
590 4258 671 4302 ex
716 4257 901 4320 aequo
949 4243 1166 4320 potest
1213 4236 1621 4304 confirmatio
1670 4245 1737 4302 et
1782 4236 2172 4319 exemplum.
2264 4223 2467 4301 Recto
2528 4235 2648 4317 igi-

350 4351 461 4410 tur
503 4344 826 4411 hactenus
872 4343 1116 4410 iudicio
1164 4344 1477 4430 Grynaeus
1546 4348 1640 4410 sic
1698 4346 2090 4429 scripserat:
2164 4342 2410 4420 Quum
2457 4343 2659 4408 clas-

351 4454 467 4519 sis
513 4455 590 4519 R.
630 4452 1080 4519 Cenchreis
1129 4460 1409 4533 staret,
1454 4490 1540 4501 -
1584 4453 1945 4518 triduum
1991 4454 2068 4517 in
2116 4451 2474 4518 concilio
2510 4450 2659 4515 fui-
