3230 5282
1392 594 1512 657 655
2270 606 2390 662 Lib.
2425 604 2598 660 XLII.

308 781 765 860 revocavit3
832 780 1189 864 praedam
1247 777 1563 863 quidem
1609 785 1731 845 cet.
1825 778 2220 863 (Gronovius
2263 800 2392 845 uno
2439 781 2604 864 qui-

314 890 483 955 dem
523 887 807 954 offensus
854 889 1044 971 erat.)
1114 888 1451 972 [Fortasse
1499 887 2035 973 praedamque.
2070 925 2158 935 —
2202 887 2308 973 §7
2356 909 2435 954 ex
2480 887 2606 953 ha·

309 998 677 1082 lopetica
746 1003 992 1080 capta
1058 996 1432 1063 faciendum
1485 996 1747 1062 videtur
1812 997 2064 1082 Alope
2131 996 2609 1064 Phthiotica

311 1114 583 1193 capta3
638 1128 792 1172 nam
837 1113 904 1172 et
969 1105 1162 1171 facile
1222 1103 1701 1170 Phthiotica
1758 1106 1850 1170 sic
1896 1107 2225 1190 corru'mpi
2281 1107 2498 1191 potuit
2543 1113 2609 1172 et

307 1223 482 1282 recte
529 1215 656 1282 hoc
702 1213 989 1293 additur,
1035 1234 1236 1298 quum
1282 1213 1491 1279 altera
1537 1214 1710 1280 esset
1752 1215 1821 1278 in
1854 1214 2081 1280 eadem
2113 1215 2371 1295 vicinia,
2417 1213 2610 1280 Chal·

306 1324 431 1390 cidi
467 1323 756 1409 propior,
796 1322 1187 1402 Locrorum3
1235 1329 1301 1387 et
1334 1322 1796 1402 Thessalicam,
1831 1322 1957 1390 hoc
1993 1330 2111 1403 est,
2144 1322 2608 1404 Phthioticam,

307 1432 562 1517 Alopen
610 1429 983 1515 significari,
1029 1436 1216 1514 patet
1261 1451 1339 1496 ex
1386 1431 1631 1497 Larisae
1679 1429 2031 1498 Cremastae
2078 1431 2389 1498 adiuncta
2434 1453 2611 1498 men-

309 1541 508 1607 tione.
607 1537 818 1622 1864]

480 1647 641 1732 Cap.
696 1652 794 1726 57,
844 1651 913 1712 2:
985 1645 1141 1712 Sub
1201 1647 1407 1713 idem
1466 1646 1754 1714 deinde
1810 1655 2121 1733 tempus
2169 1649 2612 1716 consilium

308 1765 384 1824 et
430 1744 728 1824 consul
774 1762 855 1822 et
900 1777 1037 1822 rex
1093 1755 1582 1836 habuerunt,
1641 1756 1848 1822 unde
1894 1756 2192 1823 bellum
2238 1757 2611 1824 ordiren-

307 1875 434 1932 tur
481 1865 653 1948 (cod.
705 1863 1334 1945 dirimerentur).
1427 1866 1673 1949 Regis
1721 1872 2158 1931 creverunt
2203 1867 2450 1932 animi
2491 1888 2611 1932 va-

310 1977 680 2042 statione
728 1993 1113 2040 concessa
1161 1972 1318 2038 sibi
1365 1974 1460 2039 ab
1517 1972 1757 2039 hoste
1801 1973 2119 2040 Pheraei
2176 1977 2367 2059 agri.
2457 1974 2612 2040 Ita-

310 2105 455 2169 que
493 2083 838 2149 eundum
882 2081 1072 2147 inde
1119 2082 1217 2147 ad
1262 2089 1540 2147 castra
1583 2103 1730 2146 nec
1777 2082 2119 2148 dandum
2165 2082 2386 2150 ultra
2431 2105 2613 2168 spa-

308 2194 507 2258 tium
578 2190 1021 2257 cunctandi
1091 2190 1497 2256 censebat.
1603 2189 1828 2256 Codex
1886 2191 2350 2257 censebant.
2439 2192 2612 2259 Scri-

307 2301 628 2367 bendum:
676 2299 931 2382 Regiis
977 2306 1371 2363 creverant
1418 2299 1665 2364 animi
1708 2300 2186 2364 vastatione
2234 2320 2286 2364 c.
2336 2321 2384 2365 s.
2432 2322 2488 2365 a.
2537 2301 2598 2365 h.
2639 2315 2786 2384 (542)

309 2410 377 2474 P.
428 2431 487 2475 a.
580 2408 871 2492 Itaque
936 2442 1022 2453 —
1067 2406 1534 2474 censebant.
1629 2407 1802 2485 Quid
1866 2407 2004 2492 regi
2063 2409 2165 2473 sui
2222 2408 2290 2472 in
2347 2410 2617 2475 consilio

319 2518 673 2594 suaserint,
742 2523 1079 2596 narratur3
1148 2517 1349 2600 regi,
1418 2516 1638 2599 regis
1705 2537 1826 2601 pro
1894 2517 2138 2600 regii,
2207 2516 2456 2600 regiis
2504 2538 2618 2581 sae-

310 2627 583 2711 pissime
632 2626 698 2691 in
735 2625 956 2691 codice
993 2623 1323 2704 scribitur,
1370 2631 1445 2691 ut
1489 2625 1614 2691 hoc
1652 2626 1868 2710 capite
1904 2624 1936 2708 ξ
1968 2629 2038 2690 11
2077 2625 2245 2709 regi
2283 2646 2616 2711 quoque,

309 2757 361 2801 e.
413 2740 513 2813 58,
563 2739 600 2799 8
648 2737 826 2818 regi
876 2734 1221 2818 equites,
1275 2738 1344 2797 11
1398 2735 1518 2799 sic
1561 2736 1751 2816 regi.
1841 2734 1990 2801 Non
2045 2735 2113 2799 in
2160 2733 2431 2799 consilio
2479 2735 2617 2798 ani-

309 2846 399 2910 mi
447 2852 815 2921 creverunt,
869 2842 985 2907 sed
1035 2843 1244 2907 auctis
1292 2863 1371 2906 ex
1415 2863 1484 2906 re
1530 2841 1683 2907 laeta
1728 2843 1965 2907 animis
2011 2842 2076 2907 in
2125 2841 2471 2907 consilium
2513 2863 2619 2906 ve-

306 2960 575 3018 nerunt.
669 2950 1161 3034 [Creverant
1231 2950 1362 3015 iam
1421 2948 1632 3032 Crexa]
1724 2950 2062 3034 Sequitur:
2131 2950 2229 3014 Et
2286 2950 2618 3015 Romani

310 3060 786 3139 censebant,
858 3059 1470 3124 cunctationem
1527 3080 1745 3123 suam
1804 3057 2177 3124 infamem
2223 3057 2433 3143 apud
2493 3080 2615 3124 so-

313 3171 483 3234 cios
529 3190 728 3247 esse,
776 3169 1331 3250 maximopere
1376 3166 1704 3250 indigne
1751 3166 2127 3245 ferenteS,
2174 3189 2324 3233 non
2369 3166 2617 3233 latam

309 3277 664 3342 Pheraeis
714 3297 957 3359 opem.
1029 3272 1728 3393 Conspltantibus
1778 3283 1898 3341 cet.
1956 3275 2403 3359 Praeterquam
2438 3275 2617 3360 quod

311 3385 769 3450 insuavissime
838 3382 1013 3448 idem
1078 3381 1349 3448 verbum
1417 3384 1520 3448 bis
1598 3384 1867 3467 ponitur
1946 3383 2431 3465 (censebant.
2520 3384 2617 3450 Et

310 3493 646 3559 Romani
717 3492 1216 3573 censebant),
1274 3514 1403 3558 non
1462 3492 1681 3575 agitur
1735 3492 1797 3556 h.
1845 3492 1907 3572 1.,
1965 3492 2121 3574 quid
2188 3491 2613 3573 (faciendum)

309 3601 686 3666 censuerint
733 3600 1043 3678 Romani,
1114 3598 1230 3665 sed
1288 3600 1474 3665 cuius
1534 3600 1631 3665 rei
1676 3602 1995 3665 rationem
2040 3599 2410 3665 habendam
2471 3620 2616 3665 esse

183 3738 194 3757 ·
309 3709 774 3775 intellexerint.
864 3708 1096 3790 Itaque
1156 3708 1452 3790 sequitur
1497 3708 1895 3774 consultatio
1953 3729 2159 3791 eaque
2220 3709 2364 3792 ipsa
2418 3709 2617 3774 inter-

310 3827 538 3903 rupta,
600 3826 707 3896 ut,
779 3816 938 3898 quid
1006 3817 1412 3894 censuerint,
1472 3817 1733 3881 omnino
1800 3837 1931 3882 non
1998 3824 2317 3883 narretur.
2406 3817 2615 3881 Mani-

307 3925 552 3992 festum
598 3933 698 3991 est
744 3925 969 4009 igitur,
1017 3923 1270 3988 Livium
1318 3926 1689 4010 scripsisse:
1759 3925 2099 3991 Romani
2145 3925 2612 4000 sentiebant,

309 4034 511 4120 idque
558 4055 705 4099 cum
753 4032 1144 4117 praecedenti
1201 4032 1397 4097 verbo
1457 4033 1653 4097 simili
1709 4042 2181 4099 commutatum
2238 4054 2400 4098 esse.
2490 4032 2618 4099 Sed

311 4142 640 4226 particula
708 4143 907 4207 etiam
963 4141 1338 4205 necessario
1396 4140 1760 4206 omittenda
1828 4149 1928 4207 est
1972 4143 2037 4207 in
2094 4142 2217 4206 hac
2263 4142 2615 4225 partitione

316 4248 800 4332 (Consilium
847 4257 924 4315 et
983 4248 1262 4313 consul
1321 4255 1395 4313 et
1439 4271 1574 4314 rex
1619 4248 2091 4316 habuerunt.
2183 4250 2455 4333 Regiis
2501 4273 2614 4329 —3

313 4359 654 4425 Romani
723 4357 850 4439 —).
962 4357 1303 4423 Postremo
1384 4379 1499 4440 pro
1579 4359 2122 4441 maximopere
2201 4357 2616 4423 scribendum

312 4468 646 4534 maxime
708 4474 774 4532 et
820 4467 1090 4552 propius
1146 4466 1230 4531 ad
1293 4464 1580 4529 codicem
1627 4464 2136 4546 (maxumere)
2196 4473 2262 4531 et
2321 4465 2406 4530 ad
2466 4486 2613 4530 sen-

1894 4868 2097 4957 Ἣ
