3230 5282
539 617 663 674 Lib.
698 620 899 676 xxlv.
1254 608 1257 611 ’
1637 618 1760 680 332

543 795 1036 862 sentientem
1084 797 1473 866 Graeciam
1519 803 1615 867 ad
1664 803 1968 868 bellum
2010 840 2097 850 —
2140 805 2702 889 inferendum),
2770 808 2850 876 de

542 907 616 970 R.
664 907 732 969 P.
779 905 840 984 Ι,
900 909 936 969 3
998 907 1226 986 (bene
1295 912 1774 976 constitutae
1832 914 2158 978 civitati
2222 913 2558 997 publico
2615 916 2851 999 iure),·

537 1037 695 1082 usus
763 1024 863 1080 est
929 1016 1129 1080 etiam
1196 1014 1536 1083 Cornelius
1614 1019 1838 1104 Nepos
1907 1021 2195 1102 (Datam.
2268 1026 2334 1086 3:
2415 1023 2850 1106 magnifice

538 1123 929 1188 Datamen
1012 1124 1396 1192 donatum
1476 1134 1544 1192 et
1628 1133 1694 1192 6:
1776 1129 1869 1193 de
1946 1130 2153 1195 male
2233 1152 2314 1196 re
2399 1138 2661 1214 gesta3
2732 1132 2846 1198 cfr.

536 1232 750 1297 Hann.
814 1237 920 1312 13,
993 1237 1064 1312 2,
1132 1233 1321 1325 Eum.
1371 1242 1439 1300 5:
1510 1257 1737 1320 aeque
1802 1239 2166 1304 iumenta
2230 1239 2563 1320 nitida),
2630 1238 2850 1307 Caesar

537 1363 831 1425 quoque,
903 1342 1165 1426 opinor,
1237 1343 1339 1409 bis
1397 1344 1496 1424 (B.
1546 1343 1615 1409 O.
1663 1345 1757 1424 II,
1818 1350 1929 1425 32,
1989 1351 2058 1411 5:
2127 1348 2206 1410 in
2263 1345 2664 1431 Hispania
2719 1370 2849 1414 res

537 1458 812 1533 gestas
859 1449 1281 1535 Caesaris1)
1341 1460 1407 1518 et
1462 1453 1589 1531 111,
1652 1459 1762 1518 96:
1831 1455 2306 1520 recentibus
2364 1456 2849 1539 caespitibus

534 1559 1078 1625 tabernacula
1144 1561 1625 1643 constrata).
1736 1560 1897 1626 Post
1964 1561 2221 1628 Livium
2281 1563 2351 1627 L.
2409 1561 2664 1629 Seneca
2729 1564 2849 1629 ali-

534 1667 795 1748 quoties
851 1668 943 1733 sic
1000 1668 1197 1749 dixit,
1264 1669 1446 1734 velut
1512 1668 1600 1735 ad
1658 1669 1860 1735 Marc.
1916 1675 2024 1749 18,
2091 1676 2133 1734 4
2190 1670 2548 1752 (summis
2608 1692 2847 1737 cacu-

532 1777 889 1841 minibus
967 1798 1299 1844 nemora
1376 1778 1842 1859 nutantia),x
1914 1778 2000 1842 ad
2069 1777 2253 1843 Helxr.
2320 1784 2427 1858 11,
2497 1782 2533 1842 3
2602 1779 2849 1859 (anti-

534 1886 722 1970 quis
757 1886 1227 1953 nominibus
1263 1886 1686 1953 artificum
1721 1892 2142 1968 argentum
2171 1884 2494 1966 nobile),
2519 1886 2846 1970 adPolyb.

533 1998 590 2073 3,
638 1999 696 2073 5,
745 1994 825 2059 de
870 1994 976 2059 Tr.
1023 1994 1144 2059 An.
1200 1999 1254 2073 1,
1304 2000 1359 2074 5,
1407 1995 1488 2059 de
1534 1993 1739 2059 Clem.
1787 1994 1839 2073 I,
1893 1999 1988 2073 13,
2037 1999 2096 2074 5,
2144 1994 2225 2059 de
2271 1995 2430 2060 Ben.
2472 1994 2581 2073 IV,
2635 1999 2730 2072 17,
2777 1999 2850 2075 3;

530 2103 709 2186 apud
756 2103 922 2168 alios
966 2122 1241 2187 perrara
1287 2111 1444 2168 sunt
1489 2102 1810 2186 exempla,
1858 2103 2035 2167 velut
2079 2103 2260 2186 apud
2307 2101 2608 2168 Curtium
2643 2101 2849 2181 (VIII,

537 2217 602 2290 1,
664 2217 734 2275 11
800 2218 868 2276 et
926 2215 999 2290 3,
1056 2216 1169 2275 2οε
1241 2211 1451 2276 nudo
1510 2211 1794 2293 capite
1854 2231 2118 2293 regem
2180 2210 2732 2292 dimicantem)
2781 2219 2849 2277 et

531 2319 1008 2397 Quintilianum
1072 2318 1244 2400 (XII,
1307 2324 1359 2398 1,
1414 2324 1523 2383 16:
1609 2319 2135 2402 integerrime
2204 2320 2635 2402 provincia
2707 2319 2848 2384 ad·

530 2427 1040 2509 ministrata)
1100 2433 1167 2491 et
1210 2426 1480 2492 Florum
1527 2427 1638 2508 (ΙΙ,
1686 2431 1742 2506 7,
1794 2431 1902 2490 11:
1948 2426 2490 2493 interclusum
2534 2427 2846 2494 hostem

531 2534 1153 2616 commeatibus)
1214 2542 1282 2601 et
1325 2535 1656 2600 Iustinum
1702 2533 1980 2614 (XXXI,
2039 2538 2106 2613 3,
2165 2538 2236 2598 9:
2296 2536 2377 2599 in
2422 2535 2620 2601 Asia
2674 2536 2846 2620 regi

533 2644 901 2726 sedenti).
1025 2643 1218 2736 Paene
1287 2644 1535 2709 oblitus
1606 2665 1786 2722 sum,
1855 2644 1922 2706 in
1990 2644 2249 2708 actione
2287 2645 2390 2708 -vi
2457 2645 2846 2710 bonorum

530 2759 947 2837 raptorum
1003 2752 1180 2836 apud
1236 2750 1430 2817 ICtos
1499 2752 1777 2817 eandem
1835 2772 1977 2816 esse
2033 2752 2506 2818 traiectionem.
2618 2752 2842 2820 Simile

530 2872 663 2943 est,
720 2861 897 2946 quod
944 2861 1185 2926 dicitur
1229 2861 1406 2925 eius
1454 2860 1805 2938 Quintus
1849 2859 2116 2940 filius,
2176 2861 2348 2926 eius
2392 2861 2846 2927 Anchialus

531 2991 812 3039 servus
859 2969 1017 3052 (Cic.
1066 2969 1153 3034 ad
1196 2968 1377 3035 Fam.
1426 2968 1615 3048 XIII,
1677 2968 1808 3050 45).
1916 2966 2101 3051 [Haec
2161 2970 2229 3033 in
2288 2970 2508 3052 priore
2553 2970 2846 3036 editione

532 3082 815 3147 breviter
881 3078 1249 3163 significata
1316 3078 1588 3142 uberius
1655 3097 1829 3142 nunc
1896 3084 2287 3161 persecutus
2343 3100 2505 3142 sum.
2624 3075 2835 3160 1875.]

700 3189 854 3272 Cap.
905 3191 972 3267 3,
1030 3193 1068 3252 2
1118 3195 1183 3254 et
1230 3191 1267 3251 3
1314 3185 1424 3268 (de
1473 3184 1762 3252 Crotone
1807 3183 2030 3266 urbe):
2073 3185 2296 3251 .Post
2351 3187 2841 3252 vastitatem

530 3320 616 3364 eo
676 3296 963 3379 (Pyrrhi)
1031 3295 1251 3361 bello
1320 3295 1615 3360 factam
1689 3294 1816 3358 vix
1871 3314 2059 3376 pars
2115 3293 2458 3360 dimidia
2512 3293 2839 3359 habita-

527 3408 789 3472 batur.
868 3405 1218 3483 Flumen,
1264 3402 1476 3488 quod
1523 3402 1784 3468 medio
1833 3401 2133 3485 oppido
2178 3401 2566 3480 fluxerat,
2611 3409 2843 3467 extra

526 3513 999 3595 frequentia
1041 3512 1293 3577 tectis
1336 3511 1521 3576 loca
1565 3509 2211 3594 praeterfluebat,
2258 3517 2335 3574 et
2374 3530 2514 3575 arx
2553 3509 2844 3593 procul

527 3623 673 3700 eis,
729 3642 894 3704 quse
959 3619 1593 3697 habitabantur3
1662 3639 1795 3683 sex
1852 3617 2116 3682 millia
2160 3617 2452 3683 aberat
2495 3618 2591 3683 ab
2637 3618 2837 3682 urbe

396 3789 407 3792 ,
526 3730 801 3797 nobile
858 3728 1246 3811 templum
1302 3725 1512 3810 (ipsa
1566 3725 1766 3792 urbe
1822 3731 2002 3790 erat
2044 3725 2438 3808 nobilius)
2487 3726 2842 3792 Laciniae

526 3839 895 3917 IunoniS,
955 3842 1322 3903 sanctum
1381 3834 1751 3899 omnibus
1797 3834 2022 3898 circa
2066 3833 2420 3917 populis.
2535 3832 2644 3898 Sic
2688 3835 2841 3899 inde

526 3970 567 4014 a
611 3948 942 4012 Gronovio
989 3944 1229 4023 editur,
1287 3944 1619 4027 scriptura
1663 3962 1743 4006 ex
1789 3942 1931 4007 eius
1978 3940 2418 4024 Salmasiique
2464 3943 2843 4007 coniectura

524 4093 577 4101 .—

581 4157 628 4224 ¹)
666 4157 854 4212 Etiam
910 4153 1060 4224 apud
1112 4152 1337 4208 Livium
1390 4152 1600 4221 saepius
1654 4152 1778 4206 haec
1831 4150 2093 4206 traiectio
2149 4149 2359 4205 accidit
2412 4150 2471 4204 in
2523 4151 2605 4204 rei
2659 4155 2834 4219 gestae

663 4244 1069 4312 appellatione,
1133 4239 1285 4308 quod
1351 4256 1460 4292 res
1523 4243 1724 4307 gesta
1778 4237 1936 4305 quasi
1993 4253 2099 4305 pro
2154 4253 2268 4290 uno
2324 4236 2551 4289 nomine
2607 4241 2729 4289 erat
2783 4240 2845 4290 et

660 4328 831 4382 male
875 4332 1075 4396 gesta
1121 4343 1192 4379 re
1237 4342 1343 4394 pro
1390 4324 1566 4377 mala
1610 4341 1681 4377 re
1726 4323 2033 4376 dicebatur.
2117 4319 2264 4388 (Vn,
2311 4323 2395 4387 38,
2434 4322 2482 4388 2,
2528 4319 2708 4389 XXII,
2746 4322 2829 4387 28,

666 4417 755 4478 13,
802 4412 1022 4479 XXIII,
1069 4415 1163 4478 31,
1210 4414 1269 4476 7,
1315 4408 1496 4474 XXV,
1547 4411 1639 4475 17,
1685 4410 1748 4474 6,
1791 4406 1966 4473 XXX,
2012 4408 2094 4474 32,
2139 4408 2198 4472 6,
2244 4404 2442 4472 XLIV,
2495 4408 2573 4473 18,
2619 4409 2678 4472 43
2732 4404 2835 4460 cfr.

660 4498 865 4567 XXXI,
902 4500 988 4565 21,
1024 4499 1081 4551 3:
1120 4496 1400 4566 egregie
1434 4494 1532 4547 rei
1572 4491 1944 4564 gerendae.)
