3230 5282
1433 623 1555 683 391-
2260 637 2382 691 Lib.
2419 637 2645 693 XXVII.

1190 896 1373 977 Lib.
1441 895 1784 977 XXVII.

510 1033 667 1117 Cap.
728 1037 800 1109 2,
874 1035 910 1094 6
970 1037 1035 1095 et
1092 1035 1128 1093 7
1187 1029 1298 1110 (de
1353 1027 1649 1093 Marcelli
1717 1036 1782 1093 et
1825 1028 2218 1096 Hannibalis
2279 1032 2363 1097 ad
2422 1032 2645 1097 Numi-

330 1150 630 1208 stronem
696 1138 1008 1224 proelio):
1089 1137 1200 1202 Ab
1266 1136 1472 1202 hora
1538 1137 1796 1201 tertia
1865 1159 2098 1221 quum
2165 1138 2260 1204 ad
2330 1147 2643 1205 noctem

334 1270 675 1333 pugnam
756 1246 1330 1313 extendissent
1394 1243 1800 1326 fessaeque
1868 1247 2298 1329 pugnando
2369 1250 2643 1331 primae

330 1359 557 1422 acies
624 1362 903 1421 essent
970 1353 1093 1434 (ab
1150 1353 1531 1418 Romanis
1599 1353 1858 1435 prima
1925 1352 2138 1437 legio
2207 1362 2282 1420 et
2349 1354 2641 1421 dextra

327 1465 481 1544 ala,
538 1464 631 1529 ab
677 1461 1147 1527 Hannibale
1192 1460 1343 1541 —)‚
1405 1459 1536 1524 diu
1584 1480 1851 1543 pugna
1894 1468 2182 1528 neutro
2227 1463 2642 1528 inclinata

327 1574 612 1653 stetit3
681 1572 953 1656 primae
1009 1568 1317 1652 legioni
1374 1569 1659 1648 tertia,
1727 1568 2027 1634 dextrae
2085 1569 2230 1635 alae
2288 1572 2642 1638 sinistra

328 1681 597 1746 subiit
652 1686 731 1745 et
788 1677 997 1762 apud
1052 1677 1335 1741 hostes
1389 1677 1698 1759 integri
1744 1697 1785 1741 a
1828 1675 2074 1743 fessis
2121 1699 2466 1763 pugnam
2513 1700 2640 1745 ac·

324 1809 655 1873 cepere3
713 1807 993 1852 novum
1050 1792 1300 1866 atque
1346 1791 1580 1848 atrox
1627 1783 2030 1867 proelium
2076 1806 2165 1850 ex
2210 1794 2368 1852 tam
2412 1790 2638 1872 segni

326 1904 665 1981 repente
727 1894 1040 1960 exarsit
1093 1891 1567 1956 recentibus
1622 1891 1918 1956 animis
1977 1894 2635 1978 corporibusque.

329 2005 534 2068 Recte
580 2001 1149 2067 Weissenbornius
1196 2000 1432 2078 sensit,
1490 1997 1743 2083 aliquid
1791 1998 2018 2066 deesse
2064 2002 2150 2066 ad
2195 2005 2639 2069 narrationem

324 2111 771 2189 vinciendam3
830 2107 1117 2173 debebat
1162 2107 1397 2172 saltem
1444 2105 1603 2171 dici:
1665 2114 1828 2172 tum
1886 2110 2154 2192 primae
2199 2110 2508 2194 legioni
2553 2148 2640 2158 —

321 2227 577 2303 atque
633 2238 921 2283 novum
978 2225 1055 2280 et
1112 2222 1343 2279 atrox
1400 2214 1803 2297 proelium
1858 2224 1980 2281 cet.
2088 2217 2214 2283 Sed
2261 2220 2435 2301 quod
2483 2228 2636 2285 ante

329 2327 462 2391 diu
519 2327 755 2391 inserit
810 2324 941 2389 ubi
991 2323 1154 2404 (ubi
1213 2322 1344 2387 diu
1403 2322 1698 2406 pugna)
1755 2330 1823 2388 et
1880 2325 2220 2408 periodum
2279 2326 2450 2392 finiri
2498 2327 2637 2393 vult

323 2436 394 2499 in
454 2453 871 2517 accepere,
938 2434 1221 2516 primum
1277 2430 1415 2495 ubi
1481 2465 1568 2475 —
1626 2432 1869 2498 stetit
1933 2454 2063 2498 non
2132 2439 2313 2499 recte
2368 2436 2638 2518 ponitur

327 2564 448 2626 pro
518 2549 942 2625 postquam
999 2538 1163 2620 (diu
1220 2545 1607 2618 steterat,
1677 2559 1756 2603 ex
1799 2540 1964 2604 Livii
2020 2542 2087 2605 in
2143 2542 2263 2607 tali
2319 2564 2390 2608 re
2451 2543 2634 2624 usu);

322 2672 479 2716 nam
523 2651 659 2716 ubi
707 2649 1035 2733 significat
1077 2667 1270 2713 unam
1316 2647 1608 2730 aliquam
1650 2668 1788 2712 rem
1837 2648 2035 2714 semel
2081 2648 2355 2731 factam3
2401 2652 2636 2719 deinde

323 2760 718 2842 relinquitur
773 2779 905 2822 non
950 2758 1164 2821 minus
1210 2755 1560 2821 molestum
1606 2756 1972 2839 asyndeton
2017 2757 2084 2821 in
2129 2757 2292 2823 illis:
2350 2781 2634 2825 novum

320 2874 572 2948 atque
631 2872 867 2930 atrox
926 2868 1053 2929 cet.
1102 2862 1277 2946 (proz
1349 2863 1531 2928 Tum
1586 2884 1873 2927 novum
1918 2864 2093 2945 cet.).
2206 2864 2635 2931 Scribendum

322 2982 459 3039 est:
529 2973 639 3038 Ab
707 2972 910 3037 hora
975 2971 1230 3036 tertia
1285 2991 1516 3053 quum
1574 2969 1670 3034 ad
1725 2978 2041 3036 noctem
2099 2994 2443 3056 pugnam
2501 2995 2633 3038 ex-

322 3081 797 3146 tendissent
825 3114 899 3125 —
929 3079 1090 3160 (—)‚
1129 3079 1262 3143 diu
1298 3099 1563 3162 pugna
1596 3085 1895 3144 neutro
1930 3078 2339 3145 inclinata
2373 3082 2632 3146 stetit.

324 3190 406 3250 Ut
464 3189 733 3272 primae
788 3187 1097 3270 legioni
1154 3187 1438 3263 tertia,
1495 3220 1583 3231 —-
1638 3185 1894 3250 subiit
1953 3194 2033 3251 et
2088 3186 2297 3270 apud
2354 3187 2634 3253 hostes

325 3296 632 3378 integri
700 3315 741 3359 a
804 3294 1050 3360 fessis
1120 3313 1464 3377 pugnam
1530 3314 1946 3378 accepere,
2026 3315 2306 3360 novum
2387 3301 2633 3380 atque

321 3411 564 3468 atrox
622 3403 1018 3487 proelium
1062 3438 1150 3448 —
1193 3389 1504 3467 exarsit
1548 3410 1671 3467 cet.
1785 3401 1985 3467 Recte
2031 3402 2192 3479 iam,
2250 3402 2480 3468 addito
2527 3412 2630 3483 ut,

326 3511 500 3595 quod
558 3517 745 3594 patet
804 3532 1001 3593 quam
1058 3510 1251 3575 facile
1306 3497 1459 3592 post
1513 3511 1580 3573 it
1624 3509 1922 3591 (stetit)
1970 3511 2267 3575 excidere
2325 3513 2633 3594 potuerit,

328 3620 664 3684 conversio
732 3620 827 3683 rei
897 3619 1080 3683 novis
1135 3619 1340 3702 copiis
1397 3619 1464 3681 in
1520 3618 1798 3702 primam
1853 3619 2063 3682 aciem
2119 3618 2400 3684 inductis
2455 3618 2633 3684 facta

325 3726 752 3808 significatur.
877 3726 1006 3790 Pro
1085 3747 1178 3791 ex
1246 3734 1404 3791 tam
1483 3727 1712 3808 segni
1792 3733 1968 3789 recte
2049 3723 2355 3800 Dukerus
2432 3726 2630 3791 scribi

320 3833 533 3897 voluit
600 3855 690 3897 ex
761 3828 917 3898 iam
989 3835 1248 3915 segni3
1316 3855 1530 3917 neque
1588 3835 1761 3897 enim
1817 3833 2036 3897 Livius
2099 3854 2323 3916 segne,
2391 3833 2629 3898 nedum

2675 931 2815 1000 (819)

321 3939 513 4005 valde
570 3940 786 4021 (tam)
847 3963 1074 4025 segne,
1140 3948 1353 4006 totum
1423 3942 1729 4025 superius
1786 3940 2111 4023 proelium
2167 3938 2373 4007 fuisse
2433 3942 2631 4024 signi·
2749 4030 2756 4035 ,

317 4047 499 4126 fleat,
545 4048 680 4127 sed,
727 4070 924 4131 quum
971 4070 1090 4132 per
1133 4049 1377 4113 multas
1424 4048 1621 4113 horas
1667 4054 2031 4131 pugnatum
2067 4046 2386 4131 fessaeque
2425 4049 2630 4132 copiae

318 4163 561 4231 essent,
606 4156 738 4220 iam
786 4177 982 4238 segne
1026 4156 1293 4222 factum.

356 4261 361 4267 ’
495 4259 655 4346 Cap.
705 4267 772 4342 5,
829 4270 868 4328 4
928 4264 1068 4344 (ubi
1126 4265 1210 4328 M.
1258 4264 1555 4330 Valerius
1605 4264 1901 4328 Laevinus
1947 4264 2028 4327 de
2075 4261 2299 4328 Sicilia
2344 4283 2384 4327 a
2430 4284 2499 4328 se
2544 4263 2629 4327 ad

318 4370 656 4433 meliorem
716 4377 961 4435 statum
1018 4378 1324 4437 revocata
1383 4371 1762 4455 gloriatur):
1832 4372 2226 4435 neminem
2287 4369 2533 4436 Carth
2550 4393 2628 4435 a-

318 4478 773 4558 giniensem
827 4479 903 4542 in
965 4477 1254 4543 Sicilia
1310 4501 1519 4557 esse3
1586 4479 1982 4544 neminem
2044 4477 2431 4555 Siculum,
2490 4477 2629 4559 qui
