3230 5282
656 606 783 661 Lib.
817 605 861 661 Ι,
1772 594 1854 655 54

658 778 928 844 fanum
1001 785 1364 844 mercatu
1438 777 1860 862 frequenti
1924 779 2494 862 negotiatores
2561 779 2961 845 Romanos

660 887 1288 972 comprehensos
1368 888 1902 972 querebatur,
1981 887 2265 955 Sabini
2328 909 2518 954 suos
2583 889 2816 972 prius
2883 889 2960 952 in

660 995 923 1061 lucum
1001 994 1469 1079 confugisse
1549 1017 1642 1061 ac
1717 997 1977 1063 Romae
2054 1002 2502 1062 rententoS.
2636 996 2794 1061 Haec
2869 997 2964 1060 ita

662 1106 912 1189 scripta
966 1111 1151 1184 sunt,
1216 1125 1294 1170 ac
1362 1106 1419 1170 si
1485 1106 2056 1188 negotiatores
2123 1126 2282 1171 suos
2338 1105 2563 1171 Romae
2627 1111 2963 1170 rententos

662 1211 892 1278 Sabini
936 1214 1152 1298 questi
1196 1215 1360 1294 sint3
1425 1234 1579 1279 nam
1622 1214 1692 1277 in
1734 1213 1838 1279 his
1882 1214 2215 1280 contrarie
2258 1212 2488 1279 relatis
2531 1213 2965 1295 (Romanos

659 1358 748 1367 —
789 1321 1003 1404 suos)
1084 1321 1568 1387 substantivum
1644 1323 1987 1407 utriusque
2066 1321 2342 1387 membri
2409 1343 2751 1387 commune
2820 1343 2965 1387 esse

660 1430 951 1511 videtur3
995 1430 1113 1496 sed
1154 1436 1230 1495 ut
1275 1430 1652 1510 concedam,
1699 1451 1885 1495 suos
1930 1432 2233 1495 universe
2279 1431 2498 1495 cives
2543 1428 2964 1512 (homines)

660 1538 984 1623 intellegi,
1040 1560 1256 1623 neque
1312 1561 1429 1604 cur
1485 1537 1583 1603 illi
1640 1538 1936 1605 homines
1979 1539 2049 1604 in
2092 1537 2312 1603 hicum
2355 1536 2822 1621 confugisse
2868 1539 2966 1603 di-

661 1655 915 1728 cantur,
959 1653 1269 1732 apparet,
1325 1667 1540 1731 neque
1585 1669 1706 1713 cur
1748 1649 2075 1726 retenti,
2134 1647 2189 1712 si
2233 1647 2364 1730 ipsi
2409 1653 2641 1730 sponte
2689 1668 2766 1711 eo
2814 1667 2968 1711 con-

660 1757 980 1841 fugerint3
1058 1777 1209 1820 nam
1286 1776 1508 1821 rerum
1572 1756 1954 1839 capitalium
2020 1776 2172 1820 reos
2238 1754 2469 1834 fuisse,
2534 1776 2700 1837 quos
2767 1776 2971 1837 quum

663 1864 892 1931 Sabini
947 1863 1135 1930 reddi
1191 1864 1277 1929 ad
1333 1864 1726 1948 supplicium
1782 1864 2286 1949 postulaverint,
2355 1884 2491 1930 non
2533 1854 2782 1928 traditi
2813 1864 2965 1939 sint,

660 1994 743 2039 ne
810 1975 1080 2038 minima
1136 1971 1403 2056 quidem
1447 1971 1841 2056 significatio
1888 1979 2009 2037 est.
2120 1971 2418 2055 Apparet
2462 1972 2569 2053 agi
2624 1970 2704 2035 de
2764 1972 2968 2036 servis

662 2080 1073 2159 Sabinorum,
1129 2082 1241 2165 qui
1300 2079 1386 2144 ad
1443 2081 1827 2145 servitutem
1888 2078 2253 2146 exuendam
2314 2079 2381 2143 in
2427 2078 2678 2163 asylum
2723 2080 2967 2145 Roma-

662 2211 818 2255 num
897 2186 1305 2271 confugerint
1381 2209 1501 2253 nec
1578 2188 1823 2253 redditi
1903 2188 2184 2255 dominis
2250 2187 2748 2271 reposcentibus
2817 2188 2976 2265 sint,

666 2295 845 2381 quod
920 2296 1231 2380 frequens
1299 2296 1593 2380 antiquis
1658 2296 2069 2380 temporibus
2133 2296 2308 2361 inter
2373 2296 2621 2361 vicinos
2688 2296 2976 2380 populos

667 2406 920 2470 iniuriae
966 2404 1383 2488 querelaeque
1427 2425 1633 2487 genus
1679 2404 1832 2482 fuit,
1891 2403 2395 2487 significarique,
2446 2403 2730 2470 Sabinos
2774 2404 2975 2470 huius

666 2514 923 2577 iniuriae
988 2513 1172 2597 prius
1238 2510 1429 2576 factae
1496 2511 1814 2577 ultionem
1869 2513 2301 2596 praetexuisse
2360 2534 2493 2577 suae
2548 2513 2617 2576 in
2673 2514 2978 2595 negotia·

667 2622 926 2688 toribus
994 2621 1309 2688 Romanis
1377 2620 2004 2705 comprehendendis
2072 2621 2417 2688 violentiae.
2541 2620 2782 2687 Verum
2848 2622 2977 2686 sui

668 2732 764 2796 sic
829 2729 1001 2796 nude
1069 2731 1239 2795 servi
1305 2728 1630 2813 appellari
1695 2731 1763 2795 in
1829 2730 1957 2796 hoc
2025 2731 2347 2797 orationis
2417 2735 2728 2795 contextu
2788 2729 2979 2794 nullo

532 2855 639 2925 (45)
675 2839 871 2904 modo
916 2843 1290 2922 potuerunt.
1390 2837 1626 2923 Itaque
1683 2841 1940 2922 quoties
1999 2838 2085 2904 ad
2142 2837 2316 2903 hunc
2359 2837 2579 2905 locum
2622 2837 2808 2916 redii,
2868 2857 2982 2901 su·

672 2948 965 3031 spicatus
1012 2967 1183 3027 sum,
1250 2967 1447 3012 unam
1502 2968 1729 3012 vocem
1777 2946 1860 3013 ob
1906 2947 2282 3012 litterarum
2329 2946 2823 3012 similitudinem
2868 2967 2986 3009 ex-

670 3055 944 3135 cidisse,
1000 3053 1379 3137 Liviumque
1426 3056 1805 3138 scripsisse:
1865 3054 2149 3121 Sabini
2205 3077 2396 3121 suos
2442 3075 2701 3117 servos
2747 3055 2982 3139 prius
3021 3048 3031 3058 ⁹

671 3171 794 3230 cet.
895 3163 953 3228 A
1008 3162 1338 3248 prioribus
1383 3163 1626 3229 litteris
1671 3185 1812 3228 uos
1859 3162 2110 3245 (suos)
2157 3162 2464 3228 librarius
2512 3162 2846 3229 aberravit
2889 3163 2983 3227 ad

671 3273 936 3339 easdem
980 3273 1191 3337 altero
1238 3271 1384 3337 loco
1429 3272 1689 3356 positas
1737 3270 2101 3352 (seruos).

843 3379 1040 3465 *Cap
1088 3383 1186 3458 32,
1254 3383 1361 3441 11:
1433 3377 1780 3455 Quarum
1825 3401 2113 3459 rerum,
2182 3379 2478 3458 li-tium,
2545 3398 2982 3443 causarum

673 3487 1051 3555 condixit
1106 3492 1342 3571 pater
1385 3492 1773 3570 patratus
1819 3488 2105 3571 populi
2150 3488 2487 3554 Romani
2534 3485 2982 3563 Quiritium

673 3597 893 3682 patri
962 3600 1298 3680 patrato
1360 3594 1820 3660 Priscorum
1878 3595 2353 3661 Latinorum
2403 3614 2784 3677 —,·quas
2847 3614 2981 3657 res

675 3706 883 3784 dari,
951 3701 1169 3780 fieri,
1241 3700 1448 3767 solvi
1506 3704 1906 3786 oportuit,
1973 3739 2088 3784 —,
2159 3703 2316 3781 dic,
2388 3702 2583 3787 quid
2650 3702 2981 3767 censes?

676 3813 1031 3878 Genetivus
1110 3810 1340 3889 verbo,
1418 3809 1596 3894 quod
1663 3816 1764 3876 est
1830 3811 2296 3890 condicere,
2365 3811 2715 3877 adiunctus
2782 3830 2981 3893 quam

674 3921 952 3987 haberet
994 3920 1350 3996 rationem,
1409 3940 1597 3984 nemo
1646 3920 1980 4003 exposuit3
2050 3941 2203 3984 nam
2260 3919 2436 4002 quod
2495 3941 2643 3984 eum
2699 3939 2777 3983 ex
2820 3917 2982 3981 iuris

677 4029 1125 4094 consultorum
1192 4027 1258 4091 in
1324 4025 1626 4092 formulis
1697 4029 2173 4094 consuetudine
2240 4028 2399 4111 poni
2467 4027 2719 4106 dicunt,
2785 4026 2979 4091 nimis

675 4136 1004 4203 infinitum
1059 4143 1189 4216 est,
1256 4155 1379 4201 nec
1434 4142 1711 4200 utuntur
1771 4135 1855 4200 ad
1917 4158 2063 4202 eam
2119 4135 2658 4202 consuetudinem
2716 4133 2980 4199 demon-

678 4242 1043 4311 strandam·
1081 4245 1209 4309 nisi
1275 4265 1408 4309 uno
1477 4242 1776 4327 exemplo
1845 4265 2057 4329 eoque
2124 4267 2254 4311 non
2319 4244 2721 4322 certissimo,
2802 4241 2980 4327 quod

679 4353 857 4438 apud
902 4350 1279 4418 Ciceronem
1323 4353 1389 4415 in
1435 4351 1700 4434 Topicis
1747 4350 1834 4433 (4,
1880 4352 1990 4433 22)
2036 4353 2303 4436 legitur:
2373 4352 2640 4417 damni
2693 4349 2982 4414 infecti

681 4462 1198 4546 promittere3
1257 4458 1433 4543 apud
1490 4459 1671 4542 ipsos
1727 4460 1888 4524 iuris
1935 4461 2271 4526 consultos
2317 4465 2699 4526 constanter
2743 4457 2984 4524 dicitur
