3230 5282
1452 571 1573 632 737
2329 582 2453 637 Lib.
2489 581 2659 636 XLV.

365 779 610 841 quum
657 758 1130 823 circumiret
1182 758 1357 840 ipse
1406 755 1726 822 Graeciae
1772 756 2185 836 civitateS,
2245 754 2667 820 indixerat

369 865 921 950 principibus,
965 885 1246 949 magno
1295 871 1699 949 apparatu
1743 863 2206 948 Amphipoli
2250 863 2464 928 fecit.
2537 862 2669 927 Lu·
2709 876 2730 898 ·

365 973 623 1039 dicrum
668 995 758 1040 ex
801 974 1053 1040 multo
1101 980 1288 1039 ante
1334 981 1796 1057 praeparato
1841 971 1933 1052 fit,
1968 993 2100 1037 non
2133 971 2464 1037 indicitur.
2531 971 2668 1037 Nec

365 1088 547 1147 recte
593 1081 928 1148 cohaerent
970 1082 1110 1148 haec
1158 1081 1268 1164 (—
1311 1083 1403 1147 sic
1438 1082 1610 1147 enim
1645 1087 2119 1146 connectuntur
2150 1078 2293 1162 —):
2339 1078 2670 1146 indixerat

369 1190 908 1274 principibus,
956 1197 1023 1256 et
1066 1193 1134 1256 in
1178 1191 1350 1256 Asiae
1396 1190 1696 1255 civitates
1742 1196 1810 1255 et
1852 1189 1953 1254 ad
1994 1210 2227 1271 reges
2273 1189 2505 1269 missiS‚
2554 1190 2670 1272 qui

364 1298 851 1379 denuntiarent,
896 1305 963 1364 et
1008 1320 1207 1383 quum
1248 1300 1390 1383 ipse
1437 1297 1813 1363 circumiret
1854 1298 2170 1363 civitates.
2239 1296 2366 1362 Pro
2411 1296 2670 1361 indix-

370 1414 550 1502 erat
594 1407 800 1474 codex
844 1406 1046 1473 habet
1089 1406 1536 1491 indignato.
1627 1404 1878 1472 Livium
1925 1406 2262 1489 scripsisse
2308 1411 2469 1489 puto
2519 1403 2671 1486 (etsi

369 1516 441 1580 in
485 1515 615 1581 alio
663 1515 885 1582 codice
931 1515 1217 1582 violenta
1260 1514 1401 1581 haec
1446 1515 1764 1580 correctio
1810 1503 2196 1607 videretur):
2265 1513 2378 1580 Ab
2425 1514 2670 1608 seriis

372 1623 618 1690 rebus
664 1623 1066 1689 ludicrum
1114 1624 1285 1704 (cod.
1333 1623 1704 1690 ludorum
1750 1621 1984 1707 quod)
2046 1644 2135 1688 ex
2181 1621 2432 1688 multo
2480 1628 2670 1687 ante

372 1738 863 1816 praeparato,
911 1739 990 1798 et
1034 1735 1112 1797 in
1159 1734 1359 1798 Asiae
1406 1733 1794 1798 civitates
1842 1738 1920 1796 et
1964 1730 2061 1797 ad
2103 1730 2671 1815 regeskmissia

375 1840 510 1923 qui
556 1840 1158 1921 denuntiarent,
1205 1848 1298 1922 et,
1347 1862 1582 1924 quum
1628 1840 2099 1906 circumiret
2132 1841 2302 1924 ipse
2342 1837 2670 1904 Graeciae

363 1949 792 2031 civitates,
869 1950 1226 2013 invitatis
1292 1949 1844 2034 principibuS,
1923 1970 2200 2032 magno
2270 1955 2673 2032 apparatu

369 2056 595 2123 fecit.
685 2058 827 2123 Iam
890 2066 1067 2123 recte
1137 2059 1354 2124 omnia
1420 2059 1592 2123 inter
1661 2078 1731 2123 se
1797 2056 2215 2140 respondent.
2303 2056 2402 2120 Ex
2462 2055 2673 2121 multo

373 2172 528 2231 ante
575 2173 945 2251 praeparato
991 2166 1132 2231 ludi
1176 2166 1454 2247 fiebant3
1521 2187 1676 2232 nam
1723 2171 1790 2231 et
1833 2166 1900 2229 in
1930 2164 2166 2230 -Asiam
2211 2165 2512 2243 miserat,
2559 2162 2674 2248 qui

369 2273 874 2356 denuntiarent,
921 2284 988 2341 et
1029 2276 1097 2340 in
1143 2275 1398 2341 Graecia
1441 2277 1582 2359 ipse
1628 2275 1958 2360 principes
2001 2274 2411 2339 invitaverat.

549 2381 704 2467 Cap.
755 2386 855 2462 33,
903 2389 942 2447 4
1000 2383 1140 2463 (ubi
1198 2390 1742 2449 commemoratur
1812 2383 2003 2466 copia
2056 2402 2276 2447 rerum
2333 2388 2400 2446 et
2457 2380 2674 2446 vilitas

378 2511 652 2556 annonae
696 2493 763 2555 in
825 2498 1144 2556 conventu
1198 2491 1502 2557 ludorum
1558 2491 1807 2574 causa):
1877 2500 1963 2557 ut
2027 2497 2105 2556 et
2171 2490 2527 2574 privatis
2597 2497 2677 2553 et

371 2599 869 2665 civitatibus
927 2607 1003 2666 et
1047 2600 1427 2684 gentibus
1476 2600 1682 2668 dona
1727 2600 1917 2668 data
1959 2635 2046 2646 —
2090 2600 2255 2665 sint
2299 2596 2393 2665 ab
2439 2598 2675 2683 impe·

377 2713 658 2774 ratore
724 2731 878 2775 non
936 2710 1016 2773 in
1073 2731 1298 2775 usum
1363 2710 1586 2776 modo
1644 2716 2154 2794 praesentem,
2225 2706 2361 2772 sed
2428 2707 2677 2772 etiam

371 2816 587 2901 quod
625 2816 882 2882 domos
924 2816 1383 2883 aveherent.
1431 2817 1822 2883 Necessario
1861 2816 2304 2882 scribendum:
2351 2835 2515 2896 quae
2552 2814 2677 2879 do-

377 2944 540 2990 mos
585 2923 1050 2990 aveherent.
1145 2926 1434 2992 Adhaesit
1478 2928 1517 2988 d
1562 2948 1641 2991 ex
1697 2926 1993 3011 proximo
2060 2923 2393 2989 vocabulo.
2485 2921 2670 3008 (Cap.
2708 2935 2850 3004 (614)

382 3036 482 3113 39,
534 3037 611 3097 13
658 3034 795 3099 sine
842 3034 1158 3099 eiusmodi
1203 3055 1404 3100 causa
1447 3035 1514 3098 in
1560 3034 1782 3100 codice
1830 3032 2167 3099 scribitur:
2229 3031 2518 3116 epulas
2567 3053 2678 3097 se-

372 3147 623 3207 natus
668 3142 874 3224 quod
917 3165 1038 3227 pro
1087 3142 1372 3227 quae).¹)

555 3247 709 3333 Cap.
758 3254 857 3331 34,
911 3256 939 3314 1
992 3251 1098 3332 (de
1147 3250 1217 3316 L.
1253 3250 1516 3316 AEmilio
1550 3250 1976 3334 Epirotarum
2020 3251 2318 3316 civitates
2361 3248 2680 3314 militibus

374 3356 788 3444 diripiendas
847 3358 1102 3443 dante):
1164 3358 1392 3425 Haud
1458 3358 1746 3445 procul
1812 3359 1994 3424 inde
2061 3359 2326 3424 Anicii
2395 3364 2682 3423 castra

439 3663 487 3733 ¹)
525 3663 557 3735 ξ
593 3668 627 3720 2
656 3664 1005 3736 spernendus
1039 3671 1169 3729 erat
1202 3673 1533 3736 pervagatus
1567 3666 1785 3721 librarii
1824 3682 1996 3732 error,
2035 3666 2130 3734 qui
2163 3682 2292 3735 pro:
2331 3665 2683 3720 cumulata

522 3751 593 3806 in
661 3750 1021 3820 ingentem
1087 3767 1404 3806 acervum
1467 3753 1717 3823 scripsit:
1777 3751 2124 3806 cumulata
2176 3752 2537 3822 ingentem
2591 3768 2680 3806 ac.

523 3835 632 3892 Ofr.
667 3835 822 3903 Vm,
858 3838 942 3904 30,
978 3839 1011 3891 8
1048 3843 1105 3891 et
1138 3836 1207 3904 X,
1244 3838 1324 3904 29,
1365 3840 1443 3906 18,
1482 3855 1594 3904 quo
1630 3837 1756 3892 loco
1794 3854 1909 3891 non
1943 3837 2218 3905 variatur,
2274 3838 2403 3907 quia
2450 3856 2564 3893 non
2601 3854 2682 3891 se-

525 3923 713 3990 quitur
748 3922 1210 3991 praepositionem
1264 3940 1373 3977 vox
1408 3924 1477 3977 ab
1530 3925 1599 3978 in
1650 3923 1942 3993 incipiens,
2017 3921 2218 3993 [Aliter
2252 3922 2300 3991 1,
2336 3925 2423 3991 37,
2466 3926 2498 3976 5
2535 3922 2685 3976 abla-

526 4008 675 4063 tivus
709 4006 982 4077 ponitur]
1054 4005 1110 4077 [ξ
1146 4011 1195 4076 6,
1232 4009 1327 4063 ubi
1364 4008 1571 4063 editur:
1611 4006 2035 4079 Spectaculo
2071 4008 2209 4063 fuit
2244 4035 2312 4047 —
2346 4006 2582 4077 praeda
2614 4035 2684 4045 —

525 4110 834 4148 vasorum
860 4121 927 4131 —
962 4092 1307 4149 factorum
1343 4095 1614 4164 ingenti
1642 4112 1825 4163 cura,
1862 4095 1932 4149 in
1969 4112 2044 4149 ea
2078 4094 2295 4163 regia,
2336 4097 2409 4147 ut
2444 4093 2684 4147 nonin

526 4185 938 4249 praesentem
972 4179 1168 4233 modo
1208 4180 1506 4249 speciem
1540 4210 1610 4219 —
1640 4181 1763 4236 sed
1799 4181 1869 4235 in
1896 4183 2303 4251 perpetuum
2339 4195 2533 4232 usum
2567 4178 2681 4232 fie-

527 4268 709 4332 rent,
748 4263 1106 4319 scribendum
1141 4265 1385 4320 videtur:
1424 4272 1500 4320 ut
1555 4283 1700 4337 qnae
1737 4292 1804 4303 —
1857 4264 2149 4332 fierent;
2202 4281 2385 4333 neque
2422 4264 2571 4318 enim
2610 4263 2681 4318 ad

519 4366 676 4404 curte
712 4349 1159 4419 magnitudinem
1221 4351 1619 4407 declarandam
1681 4352 1853 4407 verba
1917 4350 2296 4418 adiunguntur
2362 4348 2685 4417 (dicendum

519 4435 676 4490 enim
710 4439 832 4490 erat
864 4433 1050 4490 facta
1084 4434 1527 4504 viderentur),
1566 4435 1665 4491 sed
1701 4435 1770 4490 ad
1808 4452 2052 4491 causam.
2132 4432 2302 4504 1864]

2224 4539 2293 4593 47
