3230 5282
894 1673 1237 1756 Praefatio
1294 1675 1604 1759 alterius
1658 1678 2026 1762 editionis,

467 1860 844 1927 Divenditis
892 1870 1044 1928 ante
1080 1866 1447 1949 complures
1483 1888 1689 1933 annos
1724 1869 2026 1935 omnibus
2072 1871 2386 1954 exemplis
2434 1874 2607 1955 prio-

303 1978 390 2043 ris
433 1979 634 2046 huius
681 1982 840 2047 libri
886 1983 1227 2064 editionis,
1276 2007 1474 2068 quum
1522 1987 1903 2071 redemptor
1944 1989 2183 2055 iterum
2246 2012 2393 2055 eum
2438 1993 2609 2075 typis

301 2097 580 2165 describi
642 2109 946 2186 cuperet,
1005 2103 1413 2185 aliquamdiu
1458 2108 1757 2171 recusavi
1804 2113 1870 2171 et
1916 2109 2387 2190 tergiversatus
2434 2132 2608 2191 sum3

290 2215 532 2285 ‘deinde
580 2240 787 2302 quum
832 2222 1114 2290 aliorum
1160 2245 1421 2307 quoque
1468 2225 2024 2292 admonitionibus
2082 2249 2161 2293 ac
2206 2250 2409 2313 prope
2455 2251 2607 2294 con-

300 2338 457 2405 vicio
499 2347 839 2408 extortum
874 2350 1068 2424 esset,
1113 2349 1189 2408 ut
1232 2365 1401 2409 nova
1444 2344 1636 2410 fieret
1680 2346 1903 2425 editio,
1952 2347 2285 2431 descripto
2322 2349 2462 2414 eius
2508 2350 2607 2413 in-

300 2458 647 2525 stituendae
714 2462 985 2528 consilio
1053 2463 1481 2549 perfectaque
1550 2465 1637 2531 ad
1702 2466 2071 2531 institutam
2138 2466 2416 2533 formam
2469 2468 2605 2533 fere

300 2579 432 2645 eius
477 2582 733 2665 partie,
783 2603 927 2666 quse
972 2582 1054 2649 ad
1101 2585 1349 2668 primos
1396 2585 1624 2652 decem
1670 2585 1836 2650 Livii
1879 2586 2082 2652 libros
2127 2588 2444 2672 pertinet,
2504 2610 2605 2653 re-

296 2702 698 2782 cognitione,
745 2723 967 2768 mense
1013 2703 1203 2770 Iunio
1244 2707 1399 2770 anni
1435 2705 1961 2770 MDCCCLXXV
1999 2707 2086 2771 ad
2122 2706 2606 2792 typographum

294 2818 450 2885 itum
495 2829 607 2887 est
650 2843 730 2888 ea
776 2843 912 2906 spe,
956 2830 1031 2888 ut
1075 2824 1417 2908 aliquanto
1463 2826 1644 2891 intra
1696 2826 1852 2891 anni
1899 2828 2187 2911 spatium
2230 2847 2368 2892 rem
2413 2827 2605 2892 abso-

296 2936 497 3004 lutum
566 2943 653 3006 iri
697 2949 1022 3026 putarem.
1091 2944 1330 3009 Verum
1387 2952 1456 3010 et
1520 2945 1669 3011 aliae
1727 2947 2223 3012 intervenerunt
2289 2969 2485 3038 morae
2541 2952 2607 3012 et

300 3080 423 3124 una
467 3062 941 3128 molestissima
1006 3071 1072 3128 et
1126 3086 1275 3129 cum
1333 3066 1716 3147 gravissimo
1774 3087 1920 3131 meo
1979 3066 2392 3131 incommodo
2452 3088 2605 3131 con-

299 3178 543 3261 iuncta,
607 3204 754 3265 quae
800 3183 1091 3248 instituti
1136 3185 1355 3268 operis
1412 3185 1902 3252 absolutionem
1947 3187 2202 3268 magnis
2250 3185 2602 3251 difficulta-

298 3298 467 3366 tibus
510 3302 895 3387 implicavit.
984 3303 1210 3370 Mense
1258 3306 1429 3370 enim
1478 3304 1849 3389 Septembri
1906 3305 2196 3370 eiusdem
2251 3306 2405 3369 anni
2449 3325 2602 3369 ocu-

297 3416 499 3486 lorum
546 3444 843 3488 meorum
889 3425 1065 3489 acies
1111 3425 1243 3489 iam
1286 3425 1544 3508 pridem
1587 3425 1849 3490 infirma
1885 3424 2105 3490 subito
2151 3427 2249 3489 ita
2291 3422 2606 3489 hebetata

298 3546 419 3619 est,
466 3549 543 3607 ut
588 3542 674 3607 ab
722 3564 798 3608 eo
854 3544 1006 3608 inde
1062 3551 1357 3627 tempore
1415 3566 1626 3627 neque
1682 3544 1901 3628 legere
1962 3543 2320 3626 quidquam
2365 3550 2606 3627 praeter

297 3678 530 3741 paucos
576 3663 941 3729 versiculos
986 3664 1175 3729 bonis
1220 3685 1299 3730 ac
1353 3666 1724 3748 perspicuis
1777 3663 2019 3729 litteris
2075 3682 2424 3746 expressos
2489 3684 2601 3728 ne-

296 3797 412 3859 que
475 3783 769 3848 scribere
834 3792 1077 3867 praeter
1156 3806 1488 3869 perpauca
1564 3786 1707 3868 ipse
1788 3783 2143 3867 potuerim,
2231 3782 2298 3845 in
2367 3781 2604 3846 ceteris

298 3898 572 3968 aliorum
616 3904 1004 3970 recitatione
1052 3912 1119 3970 et
1162 3905 1465 3970 manibus
1503 3905 1602 3969 uti
1648 3924 1862 3987 cogar.
1929 3902 2160 3984 Itaque
2205 3922 2601 3983 quamquam

296 4018 357 4082 in
414 4022 545 4088 hac
588 4023 969 4090 calamitate
1028 4045 1239 4106 neque
1284 4032 1469 4090 vetus
1525 4024 1889 4107 multisque
1946 4023 2012 4086 in
2072 4021 2271 4086 rebus
2331 4027 2604 4104 experta

298 4136 668 4226 Siesbyei
714 4147 843 4212 mei
876 4146 1173 4211 amicitia
1206 4145 1366 4210 mihi
1412 4142 1649 4223 defuit,
1695 4164 1907 4226 neque
1952 4141 2234 4207 aliorum
2288 4141 2607 4207 benevola

299 4266 361 4325 et
404 4261 682 4348 diligens
730 4287 951 4349 opera,
990 4288 1069 4331 ex
1107 4264 1348 4347 quibus
1383 4264 1431 4328 1.
1478 4262 1611 4328 Th.
1661 4263 2118 4340 lensenius,
2167 4282 2367 4344 quum
2410 4267 2599 4345 typo-

297 4385 525 4466 graphi
589 4407 848 4452 errores
893 4387 1278 4469 corrigeret,
1335 4405 1467 4449 non
1513 4403 1726 4467 pauca
1778 4381 2031 4447 utiliter
2081 4373 2455 4460 admonuit,
2501 4387 2600 4445 ta-

298 4526 440 4570 men
506 4507 880 4573 necessario
927 4506 1174 4571 factum
1241 4511 1371 4584 est,
1439 4510 1514 4567 ut
1569 4509 1638 4566 et
1696 4501 1952 4567 tardius
2009 4500 2483 4584 procederetur
2539 4505 2606 4563 et
