3230 5282
1407 621 1529 683 609
2308 635 2432 689 Lib.
2484 635 2626 691 XLI.

325 802 696 885 Quiritium,
741 826 975 888 resque
1022 806 1106 871 ad
1153 805 1498 890 pontifices
1545 806 1761 871 relata
1798 803 2019 887 esset),
2064 806 2626 890 pontificibus,

246 947 254 960 =
328 913 519 997 quia
574 935 729 979 non
782 921 1004 979 recte
1070 914 1307 980 factae
1368 915 1678 980 Latinae
1745 921 2049 995 essent,
2120 915 2614 983 instauratis
2653 927 2796 996 (500)

222 1045 235 1055 ·
328 1021 664 1100 Latinis,
710 1022 1032 1106 placuit
1074 1023 1571 1101 LanuvinOS,
1621 1043 1954 1107 quorum
2000 1043 2245 1107 opera
2300 1024 2628 1091 instau-

324 1136 528 1194 ratae
575 1130 744 1212 (cod.
791 1129 1282 1213 instaurati)
1329 1137 1632 1210 essent,
1679 1130 2004 1196 hostias
2049 1131 2431 1215 praebere.
2502 1133 2629 1199 Ne-

329 1259 454 1321 que
511 1239 1000 1303 instauratis
1066 1240 1198 1304 iam
1265 1238 1888 1330 Latinis-hostiae
1956 1239 2446 1322 praebebantur,
2514 1243 2628 1308 sed

327 1368 532 1431 quum
577 1348 1131 1427 instaurarentur,
1179 1367 1390 1429 neque
1449 1348 1939 1412 instauratae
1985 1349 2115 1412 iam
2162 1348 2627 1416 Lanuvino·
2682 1394 2691 1402 -

328 1476 498 1520 rum
556 1476 802 1539 opera
858 1454 1038 1520 feriae
1095 1456 1161 1519 in
1207 1454 1591 1540 pontificum
1639 1454 1900 1521 decreto
1949 1456 2079 1520 dici
2123 1464 2448 1540 poterant,
2498 1479 2626 1540 quo

328 1563 685 1628 instaurari
731 1563 1144 1644 iubebantur,
1192 1585 1403 1647 neque
1436 1565 1654 1648 ipsum
1692 1564 1939 1629 decreti
1974 1570 2184 1647 caput,
2230 1565 2627 1632 instauratio

356 1673 658 1750 eriarum,
705 1673 798 1736 sic
843 1672 908 1737 in
957 1672 1418 1738 secundariam
1464 1672 1861 1738 sententiam
1908 1672 2629 1753 (instauratis'La-

330 1781 567 1859 tinis)
614 1779 878 1845 includi.
970 1779 1259 1846 Offendit
1304 1782 1503 1846 etiam
1549 1780 1816 1864 (praeter
1859 1780 2181 1865 placuit
2237 1787 2389 1866 post
2443 1782 2627 1848 abla-

329 1890 500 1954 tivos
566 1895 823 1972 partem
884 1888 1132 1953 decreti
1190 1888 1594 1954 continentes
1661 1888 2148 1973 interpositum)
2217 1888 2629 1956 incommoda

331 1998 610 2062 nominis
635 1998 940 2080 repetitio
977 1996 1192 2079 (quia
1227 2018 1382 2061 non
1426 2004 1654 2062 recte
1698 1997 1935 2062 factae
1981 1997 2289 2062 Latinae
2336 2006 2625 2076 essent,

333 2107 821 2171 instauratis
867 2104 1235 2185 Latinis).
1329 2104 1697 2189 Scripserat
1766 2105 1989 2170 Livius
2039 2106 2280 2171 litteris
2333 2128 2465 2172 non
2530 2108 2628 2171 ita

335 2213 618 2279 multum
662 2213 958 2292 diversiS,
1006 2215 1298 2278 oratione
1357 2220 1424 2278 et
1480 2216 1809 2279 sententia
1873 2214 2066 2296 longe
2122 2214 2280 2279 alia:
2348 2214 2627 2280 Ponti-

333 2322 673 2400 ficibus,
741 2324 931 2403 quia
995 2344 1150 2387 non
1217 2328 1438 2387 recte
1503 2321 1738 2387 factae
1783 2322 2089 2387 Latinae
2135 2330 2440 2404 essent,
2507 2324 2626 2388 in-

340 2431 714 2510 staurari,
764 2430 1088 2494 Latinis
1124 2430 1458 2514 placuit,
1492 2430 1970 2510 LanuvinoS,
2015 2451 2349 2514 quorum
2384 2453 2627 2516 opera

341 2538 868 2605 nstaurandae
918 2547 1229 2617 essent,
1277 2538 1596 2604 hostias
1642 2538 2018 2623 praebere.
2099 2537 2450 2605 Pontifices
2495 2541 2626 2605 Ro-

337 2650 513 2713 mani
579 2648 774 2713 ferias
840 2648 1306 2712 instaurandas
1375 2668 1519 2712 esse
1578 2647 1964 2727 decrerunt3
2030 2648 2277 2726 Latini,
2348 2671 2627 2732 quorum

335 2756 603 2841 aliquod
649 2756 736 2820 ad
780 2757 900 2821 has
966 2756 1165 2821 ferias
1211 2755 1533 2821 curandas
1591 2755 1938 2831 concilium
1993 2754 2197 2820 fuisse
2254 2756 2446 2822 debet
2492 2756 2628 2839 (ea-

338 2887 501 2942 rum,
573 2866 821 2949 opinor,
893 2864 1257 2941 civitatum,
1326 2885 1469 2945 quae
1526 2865 1724 2928 etiam
1782 2871 2012 2947 postea
2057 2883 2319 2928 carnem
2373 2863 2625 2930 Latinis

336 2973 681 3057 petebant,
750 2973 830 3036 de
877 2992 1007 3054 qua
1063 2993 1132 3035 re
1178 2972 1557 3036 testimonia
1602 2971 1881 3036 collecta
1937 2977 2200 3035 exstant
2240 2971 2307 3034 in
2351 2970 2624 3035 Beckeri

338 3089 406 3147 et
448 3080 886 3164 Marquardtii
931 3081 1194 3164 Antiqq.
1242 3080 1427 3144 Rom.
1476 3078 1563 3143 IV
1598 3062 1682 3162 'p.
1732 3076 1903 3158 441),
1966 3084 2295 3162 sumptum
2358 3079 2426 3142 in
2483 3092 2663 3143 eam·

336 3212 475 3255 rem
520 3188 942 3273 praebendum
989 3188 1071 3252 ab
1119 3210 1196 3253 ea
1240 3188 1523 3266 civitate,
1570 3188 1755 3252 cuius
1801 3207 2001 3272 opera
2060 3195 2126 3251 et
2183 3186 2378 3270 culpa
2421 3186 2624 3264 fieret,

333 3306 411 3362 ut
453 3300 998 3362 instaurarentur.
1089 3295 1156 3361 Si
1225 3297 1369 3377 quis
1424 3294 1803 3361 Latinorum
1859 3293 2129 3377 negabit
2185 3294 2354 3359 ullas
2400 3294 2620 3359 decer·

333 3406 532 3470 nendi
577 3411 802 3489 partes
847 3403 1065 3483 fuisse,
1114 3404 1529 3469 scribendum
1584 3405 1674 3482 ei,
1743 3403 2002 3468 sublato
2046 3402 2397 3481 Latinis,
2468 3404 2620 3467 erit:

334 3514 789 3579 instaurari
858 3513 1199 3596 placuit,
1260 3512 1754 3591 Lanuvinos,
1824 3533 2157 3593 quorum
2213 3496 2456 3595 opera
2499 3511 2623 3574 in-

333 3620 779 3687 staurandae
826 3626 1128 3698 essent,
1174 3621 1234 3685 h.
1281 3620 1416 3705 p.¹)
1508 3619 1819 3704 Sequitur
1865 3618 1925 3702 (ἐ
1974 3617 2073 3699 3);
2141 3620 2623 3684 Accesserat

383 3892 430 3959 ¹)
473 3891 730 3962 [Frustra
759 3891 1074 3946 defenditur
1108 3894 1372 3962 repetitio
1411 3895 1560 3947 vocis
1597 3895 1659 3953 in
1691 3894 1802 3946 his:
1834 3894 1994 3961 quia
2029 3910 2160 3945 non
2195 3897 2383 3946 recte
2421 3891 2619 3946 factae

469 3979 736 4032 Latinae
776 3983 1022 4043 essent,
1060 3979 1491 4033 instauratio
1539 3979 1814 4034 Latinis
1868 3979 2136 4047 placuit
2180 3977 2443 4047 exemplis
2482 3976 2621 4030 alius

371 4052 374 4055 A
472 4065 692 4133 generis
729 4065 926 4133 (neque
965 4064 1111 4118 enim
1149 4065 1207 4118 in
1251 4064 1319 4117 iis
1355 4082 1556 4118 nomen
1602 4066 1703 4131 rei,
1758 4066 1827 4119 de
1882 4082 1989 4133 qua
2044 4064 2246 4133 agitur,
2303 4065 2359 4116 in
2404 4064 2620 4131 protasi

470 4151 713 4219 positum
751 4150 911 4203 initio
949 4149 1210 4219 apodosis
1241 4149 1552 4219 repetitur),
1583 4158 1896 4219 ceteraque,
1928 4167 2051 4218 quae
2081 4148 2379 4215 declaravi,
2415 4148 2620 4201 incom-

469 4236 636 4289 moda
670 4242 911 4301 manent,
951 4236 1146 4289 saltem
1186 4236 1338 4306 quod
1374 4238 1707 4291 obscuratur
1749 4237 1932 4306 ipsum
1977 4238 2146 4303 caput
2190 4233 2399 4287 decreti
2435 4235 2617 4301 ponti-

468 4319 652 4388 ficum,
689 4321 1079 4375 instaurandas
1118 4339 1238 4376 esse
1274 4322 1519 4375 Latinas.
1575 4321 1893 4376 Verborum
1931 4320 2069 4373 ordo
2108 4320 2166 4371 in
2198 4326 2390 4371 nostra
2427 4335 2613 4373 emen·

470 4406 696 4460 datione
732 4424 956 4475 prorsus
991 4412 1177 4460 rectus
1215 4414 1316 4473 est,
1353 4414 1482 4476 post
1518 4408 1752 4461 alterum
1790 4406 2035 4460 dativum
2073 4404 2244 4473 priori
2275 4405 2617 4458 eontrarium

470 4492 750 4545 communi
787 4494 956 4547 verbo
993 4491 1366 4562 interposita]

2160 4594 2225 4646 39

1235 5068 1606 5248 *ι
