3230 5282
636 540 762 595 Lib.
799 544 974 601 XLII.
1730 536 1853 597 618

634 715 770 780 mul
817 714 914 799 §4
961 723 1380 789 scribendum
1418 741 1564 786 esse
1612 713 2133 803 proconsulis
2168 743 2287 806 pro
2326 722 2712 802 consuliS,
2754 722 2933 806 quod

635 820 733 888 W.
784 847 913 892 non
959 828 1131 897 fecit.
1203 830 1288 896 Et
1333 850 1479 914 quae
1524 828 1617 893 ibi
1663 827 2060 894 adiiciuntur
2105 828 2394 915 (neque
2439 831 2685 912 aliud,
2732 831 2938 913 quod

635 948 946 1024 ageret,
1003 939 1079 1005 in
1137 938 1581 1024 provincia
1648 957 1886 1022 quum
1941 937 2399 1020 habuisset,
2447 940 2768 1005 Romam
2811 961 2939 1004 re-

636 1048 849 1130 diit),
898 1048 983 1113 ad
1039 1047 1377 1114 consulem
1443 1046 1512 1109 in
1579 1045 1983 1128 provinciam
2028 1047 2398 1131 profectum
2466 1049 2725 1132 aptiora
2789 1054 2942 1113 sunt

638 1178 835 1242 quam
879 1155 964 1221 ad
1009 1154 1342 1221 AEmilium
1386 1140 1578 1218 unius
1625 1154 1721 1218 rei
1770 1175 1972 1219 causa
2017 1156 2303 1221 missum.
2376 1147 2624 1239 ‘Itaque
2669 1166 2786 1222 aut
2828 1157 2937 1221 Li·

583 1277 603 1348 ]
634 1267 797 1344 vius,
847 1265 1023 1349 quod
1070 1283 1338 1348 prorsus
1386 1261 1699 1327 credibile
1747 1269 1851 1327 est
1900 1269 1966 1327 et
2010 1263 2184 1344 aliis,
2231 1285 2373 1347 quae
2431 1265 2492 1330 ei
2539 1265 2939 1332 acciderunt.

635 1373 869 1453 simile,
940 1394 1079 1437 rem
1147 1372 1430 1436 fortasse
1497 1390 1626 1433 non
1676 1391 1753 1435 ex
1819 1371 1902 1436 iis
1961 1371 2337 1452 annalibus,
2385 1394 2548 1456 quos
2594 1375 2661 1446 in
2708 1375 2940 1439 ceteris

635 1482 829 1548 huius
875 1482 1085 1565 partis
1130 1479 1329 1544 rebus
1377 1477 1779 1561 sequebatur
1822 1487 2155 1572 sumptam
2201 1481 2318 1546 sed
2355 1498 2436 1546 ex
2480 1482 2712 1565 patriae
2757 1482 2936 1547 urbis

632 1591 952 1657 memoria
995 1589 1365 1672 repetitam,
1416 1607 1641 1652 errore
1686 1586 1792 1651 hic
1836 1588 2142 1668 inseruit,
2206 1610 2281 1654 eo
2339 1589 2598 1655 facilius
2659 1591 2934 1655 duorum

633 1720 952 1765 annorum
1001 1695 1376 1762 consulibus
1424 1694 1746 1774 confusis,
1806 1696 2012 1777 quod,
2068 1698 2180 1780 qui
2234 1696 2359 1763 hoc
2417 1719 2586 1762 anno
2648 1698 2932 1776 fuerunt,

629 1808 793 1873 nihil
839 1806 1144 1871 vident-ur
1188 1805 1464 1885 gessisse
1533 1803 1956 1868 memorabile
2023 1811 2091 1868 et
2146 1805 2323 1887 quod
2390 1815 2669 1889 uterque
2727 1828 2934 1872 annus

630 1916 921 1981 Mucium
990 1912 1327 1979 consulem
1393 1911 1660 1991 habuit,
1738 1919 1854 1977 aut
1932 1920 2082 1996 post
2157 1912 2475 1980 AEmilio
2520 1915 2929 1988 ,exciderunt

631 2009 965 2108 quaedam,
1014 2042 1215 2105 quum
1267 2020 1642 2085 huiusmodi
1687 2020 1824 2084 fere
1870 2020 2104 2085 fuisset
2152 2013 2470 2087 orationis
2514 2024 2754 2089 forma:
2826 2024 2933 2088 Ex

629 2134 743 2199 iis
798 2132 882 2197 M.
931 2129 1250 2195 AEmilio
1320 2130 1392 2208 Q.
1461 2128 1778 2193 Mucius
1850 2131 2289 2210 successit,
2355 2131 2424 2196 P.
2484 2131 2751 2198 Mucio
2813 2132 2931 2217 Sp.

628 2240 1118 2305 Postumius.
1211 2236 1284 2314 Q.
1355 2237 1619 2302 Mucio
1690 2243 2027 2302 senatus
2096 2244 2218 2303 cet.
2311 2238 2439 2305 Sed
2497 2241 2704 2305 multo
2767 2240 2935 2307 illud

630 2348 1047 2433 probabilius
1097 2352 1216 2411 est.

465 2671 611 2742 (509)
1541 2646 1724 2729 Lib.
1790 2647 2041 2730 XLII.

809 2779 963 2865 Cap.
1011 2785 1069 2861 2,
1120 2785 1156 2845 6
1204 2786 1270 2847 et
1317 2785 1385 2844 7:
1435 2779 1901 2865 editumque
1960 2780 2059 2846 ab
2128 2781 2627 2848 decemviris
2687 2792 2808 2849 est
2864 2789 2938 2848 et

640 2890 810 2973 (cod.
861 2890 954 2955 ab
1028 2889 1513 2955 decemviris
1582 2895 1663 2953 et
1731 2888 1848 2970 ex)
1908 2889 2205 2972 quibus
2269 2890 2426 2956 diis
2473 2892 2934 2976 quibusque

638 3000 942 3065 hostiis
988 2998 1667 3075 sacrificaretur,
1716 3004 1791 3062 et
1838 3004 1922 3061 ut
1968 2998 2474 3082 supplicatio
2522 3000 2694 3082 (cod.
2746 3023 2931 3085 sup-

640 3105 1190 3193 plicatioque)
1273 3105 1682 3189 prodigiis
1761 3106 2190 3189 expiandis
2265 3107 2550 3174 fieret:
2599 3089 2932 3185 'altera,

640 3239 805 3302 quae
877 3217 1150 3300 priore
1219 3236 1421 3280 anno
1489 3212 2005 3278 valetudinis
2073 3216 2352 3298 populi
2434 3237 2678 3283 causa
2746 3225 2985 3283 vota‘

640 3316 890 3404 esset,
959 3343 1048 3388 ea
1114 3323 1232 3387 uti
1298 3321 1683 3404 feriaeque
1752 3327 2050 3386 essent.
2140 3321 2575 3391 Scribendum
2642 3334 2788 3390 aut:
2860 3331 2934 3390 et

638 3433 925 3510 altera,
997 3450 1164 3513 quae
1211 3436 1331 3494 aut
1375 3428 1834 3511 alteraque,
1903 3449 2096 3511 quae3
2166 3431 2457 3516 alioquin
2506 3440 2932 3519 exspectatur

638 3542 791 3607 novi
855 3540 1108 3623 aliquid
1177 3537 1256 3603 de
1322 3538 1448 3603 hac
1527 3537 1739 3602 altera
1819 3536 2324 3622 supplicatione.
2417 3540 2927 3607 Scribendumne

642 3651 764 3715 sit:
808 3656 886 3715 et
934 3656 1020 3715 ut
1066 3646 1578 3733 supplicatio
1627 3666 1942 3728 quoque
1989 3646 2287 3732 (propter
2334 3671 2483 3732 que
2529 3652 2598 3716 in
2642 3638 2785 3716 cod.
2820 3648 2932 3713 ad·

642 3757 900 3839 ditum),
944 3779 1075 3823 non
1114 3755 1368 3822 definio.
1435 3754 1687 3820 Deinde
1738 3759 1963 3818 autem
2007 3756 2270 3822 videtur
2303 3758 2523 3824 Livius
2565 3758 2930 3843 scripsisse:

640 3867 936 3951 Itaque
983 3864 1552 3931 sacrificatum
1600 3862 1774 3943 (cod.
1822 3863 1943 3927 ita
1989 3866 2755 3952 sacrificatumque)
2792 3874 2930 3946 est,

639 3985 727 4042 ut
772 3974 1208 4065 decemviri
1277 3972 1671 4054 scriptum
1740 3971 2204 4053 ediderant,
2272 3997 2408 4041 non
2478 3975 2928 4042 ediderunt.

639 4085 823 4151 Idem
890 4083 1197 4150 mendum
1267 4078 1739 4161 corrigendum
1807 4082 1934 4145 erit
2003 4102 2058 4146 c.
2133 4087 2233 4164 57,
2284 4087 2320 4147 2
2381 4092 2448 4150 et
2493 4090 2594 4166 59,
2666 4089 2719 4163 1,
2787 4083 2926 4148 libr.

640 4194 862 4274 XLIV,
910 4197 1010 4272 23,
1058 4197 1115 4271 ¹7,
1161 4189 1355 4269 XLV,
1406 4192 1486 4252 25
1535 4192 1698 4251 extr.
1800 4188 1976 4253 Alibi
2042 4192 2175 4256 iam
2242 4193 2327 4258 ab
2387 4193 2535 4259 aliis
2603 4192 2929 4258 sublatum

642 4311 761 4369 est.
853 4302 1099 4384 (Etiam
1145 4320 1197 4364 c.
1247 4303 1304 4377 6,
1357 4300 1433 4360 12
1505 4295 1927 4361 scribendum
1997 4296 2173 4381 [cum
2218 4300 2431 4385 Crev.]
2500 4302 2925 4367 renuntia-

641 4418 951 4491 verant3
1018 4409 1221 4492 legati
1286 4427 1419 4471 non
1485 4411 1659 4484 tum,
1728 4425 1925 4486 quum
1970 4406 2357 4491 Apollonius
2420 4411 2690 4476 Romam
2736 4410 2925 4485 venit,
