3230 5282
647 571 770 628 Lib.
809 572 1000 626 XLIV.
1734 563 1856 624 678

649 746 937 811 subesse.
1002 745 1170 810 Nam
1201 746 1260 814 si
1298 767 1554 811 asseres
1589 747 1936 812 hiciterum
1981 747 2521 830 significarentur,
2568 749 2945 813 necessario

647 852 1063 918 scribendum
1109 860 1282 919 erat:
1349 855 1429 917 in
1496 876 1632 919 eos
1700 856 1849 920 alii
1902 877 2235 921 asseres.
2329 854 2459 921 Sed
2506 862 2835 938 praeterea
2880 857 2947 920 in

647 960 809 1026 duos
854 961 1002 1026 illos
1048 961 1292 1027 defixos
1339 979 1594 1028 asseres
1638 970 2081 1042 transversum
2115 955 2491 1030 incumbere
2531 965 2785 1046 tignum
2832 984 2949 1047 po·

599 1089 608 1100 ·
644 1075 848 1150 terat3
892 1071 961 1135 in
1006 1090 1255 1136 asseres
1301 1071 1630 1155 quomodo
1699 1092 1951 1138 asseres
2005 1073 2255 1155 iniungi
2319 1073 2685 1157 potuerint,
2756 1093 2946 1137 nemo

644 1176 837 1243 facile
884 1178 1140 1244 dixerit.
1208 1178 1415 1245 Paulo
1461 1180 1635 1245 infra
1679 1178 1742 1263 (ἓ
1769 1180 1854 1260 7),
1901 1180 2012 1246 ubi
2059 1180 2303 1246 editur:
2352 1179 2505 1246 Ubi
2549 1180 2948 1264 planities

646 1287 915 1351 altera
959 1288 1238 1370 pontis
1298 1289 1762 1372 excepisset
1820 1310 1985 1367 eos,
2052 1305 2331 1354 rursus
2387 1287 2643 1353 simili
2710 1290 2951 1353 ruina

644 1394 1085 1460 inferioris
1142 1397 1419 1480 pontis
1480 1396 2105 1476 deferebantur,
2176 1398 2359 1480 prius
2405 1396 2681 1481 pontis
2732 1396 2949 1462 delen-

646 1503 801 1569 dum
846 1510 1042 1588 puto;
1091 1525 1305 1587 neque
1353 1506 1523 1569 enim
1569 1505 1779 1570 solum
1824 1507 2047 1589 pontis
2095 1506 2455 1589 appellatio
2498 1505 2787 1588 repetita
2832 1526 2949 1588 per

645 1633 715 1677 se
751 1610 1062 1691 offendit,
1123 1633 1347 1677 verum
1404 1612 1617 1678 altero
1678 1613 1822 1678 loco
1869 1613 2217 1679 manifesto
2264 1612 2590 1693 abundat3
2657 1634 2810 1679 nam
2853 1615 2947 1677 in·

645 1717 847 1787 ferior
891 1719 1150 1786 demum
1195 1741 1349 1804 pars
1397 1722 1720 1805 superiori
1766 1723 2100 1788 contraria
2142 1723 2424 1805 ponitur.
2494 1722 2743 1802 (1864.)
2833 1719 2865 1803 ξ
2912 1726 2948 1785 9

645 1836 711 1895 et
761 1833 839 1894 10
915 1828 1023 1899 (de
1084 1829 1396 1895 Romanis
1456 1830 1530 1908 Q.
1575 1829 1824 1898 Marcio
1869 1831 2135 1896 consule
2204 1829 2367 1895 duce
2412 1851 2530 1914 per
2577 1839 2837 1895 montes
2882 1831 2948 1894 in

483 1952 627 2022 (661)
658 1937 1115 2004 Macedoniam
1158 1937 1715 2022 penetrantibus):
1780 1937 2032 2004 Nocte
2077 1939 2174 2004 ad
2230 1938 2624 2004 modicam
2681 1938 2949 2022 plani-

547 2119 554 2126 ,
639 2049 834 2113 tiem
878 2054 1445 2131 pervenerunt,
1488 2067 1762 2131 neque,
1811 2068 1907 2112 an
1939 2046 2290 2113 infestus
2327 2048 2394 2112 is
2439 2046 2667 2113 locus
2717 2051 2951 2125 esset,
2990 2081 2997 2088 -

578 2193 586 2204 ι
643 2162 940 2240 saeptus
1028 2154 1418 2242 undique,
1509 2155 2235 2239 circumspiciendi
2322 2156 2678 2239 spatium
2769 2152 2949 2218 fuit.

642 2264 788 2328 Vix
853 2262 1192 2329 tandem*
1241 2285 1333 2329 ex
1397 2264 1818 2345 insperato
1880 2263 2052 2345 (cod.
2100 2265 2228 2329 vix
2285 2264 2615 2329 tandem
2670 2263 2949 2346 exspi-

642 2370 851 2452 rato)
900 2371 1288 2437 stabilem
1333 2371 1431 2437 ad
1483 2372 2041 2438 insistendum
2108 2373 2437 2437 nanctis
2492 2371 2758 2436 locum
2813 2391 2952 2454 po·

642 2484 859 2543 stero
907 2499 1220 2562 quoque
1268 2479 1398 2546 die
1443 2481 1521 2544 in
1566 2488 1731 2546 tam
1773 2485 1963 2546 ca‘va
2008 2479 2224 2545 valle
2289 2480 2657 2564 opperiri
2717 2479 2951 2562 Popi-

640 2584 831 2652 lium
875 2608 964 2653 ac
1008 2586 1349 2654 relictas
1406 2599 1582 2654 'cum
1640 2610 1727 2655 eo
1786 2589 2068 2673 copias
2134 2575 2469 2677 necesse
2523 2586 2702 2654 fuit.
2795 2588 2936 2654 Non

640 2716 911 2779 prorsus
959 2694 1335 2762 defenditur
1372 2698 1706 2781 exemplis,
1750 2698 1818 2762 in
1856 2698 2093 2780 quibus
2139 2719 2236 2763 an
2284 2695 2693 2763 deliberandi
2728 2696 2940 2761 verbis

641 2806 1004 2886 subiicitur,
1060 2807 1726 2889 circumspicere,
1792 2827 1888 2871 an
1954 2806 2312 2872 infestus
2367 2807 2478 2871 sit
2522 2806 2749 2871 locus
2798 2805 2938 2889 (pro

640 2914 1103 2981 infestusne
1170 2921 1284 2980 aut
1348 2937 1440 2980 ne
1498 2913 1913 2996 infestus);
1980 2921 2047 2980 et
2091 2914 2399 2980 infestum
2444 2912 2666 2993 fuisse,
2714 2912 2940 2979 addita

643 3031 943 3107 saeptus
989 3023 1341 3105 undique
1387 3029 1454 3088 et
1498 3024 1577 3087 in
1623 3030 1783 3087 tam
1830 3043 2025 3088 cava
2067 3023 2282 3089 valle
2328 3022 2689 3088 declarant.
2776 3021 2939 3087 Bek-

641 3115 837 3198 kerus
879 3131 1170 3216 ¹quidem
1236 3132 1516 3215 saeptis
1597 3130 1796 3196 scribi
1861 3132 2100 3212 voluit3
2170 3131 2288 3197 sed
2355 3131 2575 3215 saeptis
2644 3138 2940 3214 potestas

643 3239 1208 3323 circumspiciendi
1267 3239 1480 3317 deest,
1548 3261 1681 3305 non
1727 3241 2012 3325 spatium
2068 3238 2416 3323 (tempus);
2484 3260 2602 3304 cur
2636 3241 2942 3323 spatium

620 3371 772 3425 ‚non
838 3330 1062 3426 fuerit,
1109 3347 1419 3431 proximis
1465 3347 1842 3413 declaratur
1898 3349 2111 3414 verbis
2179 3348 2338 3430 (vix
2394 3347 2723 3413 tandem
2771 3352 2940 3427 cet),

642 3478 788 3540 quse
833 3456 1355 3540 interpungendo
1401 3454 1570 3520 male
1615 3456 1701 3521 ad
1746 3456 2025 3522 alteram
2069 3457 2467 3525 sententiam
2499 3462 2720 3521 tracta
2762 3462 2940 3533 sunt;

641 3586 853 3648 neque
899 3566 1096 3644 enim,
1144 3564 1320 3646 quod
1364 3564 1471 3628 vix
1515 3563 1780 3630 tandem
1826 3564 2132 3631 stabilem
2176 3563 2395 3630 locum
2439 3564 2719 3630 Romani
2766 3565 2941 3630 nacti

645 3681 866 3749 erant,
938 3671 1222 3738 cohaeret
1270 3693 1414 3737 cum
1459 3674 1854 3739 necessitate
1903 3672 2240 3751 manendi,
2297 3680 2371 3738 ut
2430 3673 2638 3755 copiae
2696 3672 2941 3739 relictae

644 3787 1222 3864 consequerentur.
1343 3782 1419 3845 In
1499 3780 1722 3846 codice
1789 3788 1919 3847 est:
1988 3786 2537 3866 pervenerunt
2604 3801 2945 3863 nequam

642 3888 1000 3954 infectus
1067 3896 1187 3954 cet.
1282 3888 1709 3955 Scribendum
1776 3890 1976 3972 igitur
2042 3898 2145 3956 est
2199 3909 2331 3954 una
2397 3888 2627 3954 addita
2681 3888 2941 3955 littera:

643 4004 1212 4082 pervenerunt,
1278 4016 1446 4075 nec,
1518 4018 1749 4080 quam
1815 3997 2164 4064 infestus
2242 3999 2309 4062 is
2385 3998 2627 4063 locus
2696 4007 2942 4076 esset,

645 4113 947 4188 saeptus
993 4105 1380 4190 undique,
1439 4106 2164 4189 circumspiciendi
2212 4106 2563 4189 spatium
2609 4104 2771 4170 fuit
2816 4108 2942 4171 vix

644 4214 968 4279 tandem
1050 4235 1145 4279 ex
1227 4214 1650 4297 insperato
1719 4214 2124 4280 stabilem
2191 4214 2292 4280 ad
2367 4214 2942 4280 insistendum

642 4323 987 4387 nanctis
1033 4322 1325 4388 locum.
1408 4321 1770 4388 Postero
1815 4343 2146 4406 quoque
2196 4323 2330 4388 die
2376 4329 2500 4388 cet.
2567 4322 2939 4389 Necessitas

581 4513 588 4521 ι
643 4431 866 4496 statim
893 4430 1346 4512 requiescendi
1375 4431 1660 4514 spatium
1685 4431 2250 4515 circumspiciendi
2271 4430 2533 4497 ademit.
2584 4428 2722 4513 [Sic
2748 4432 2941 4498 etiam
