3230 5282
1344 612 1464 675 667
2180 626 2306 682 Lib.
2341 626 2549 681 XLIII.

258 802 361 860 tur
403 817 493 861 ex
534 797 757 864 vario
806 818 1126 882 genere3
1172 817 1383 882 neque
1418 798 1593 863 enim
1641 796 1930 864 varietas
1977 818 2306 865 armorum
2352 800 2549 882 signi-

260 902 504 970 ficatur.
575 903 821 987 (1864.)

419 1011 574 1098 Cap.
648 1019 747 1095 11,
815 1017 881 1086 2:
949 1013 1234 1079 Patres
1298 1048 1387 1060 —-
1452 1013 1777 1098 legatos
1843 1015 1923 1079 in
1990 1014 2550 1080 Macedoniam

257 1120 337 1186 M.
381 1121 749 1188 Fulvium
803 1120 1182 1187 Flaccum
1227 1127 1305 1186 et
1359 1121 1445 1187 M.
1496 1120 1917 1187 Caninium
1970 1122 2347 1188 Rebilum
2401 1124 2549 1188 mi-

256 1237 560 1311 serunt,
608 1231 742 1313 qui
787 1237 1213 1315 comperta,
1260 1251 1427 1314 quae
1474 1237 1951 1314 agerentur,
1996 1228 2428 1311 referrent,
2474 1238 2552 1297 et

253 1343 331 1402 ut
370 1338 444 1403 A.
492 1338 926 1405 Hostilius.
977 1337 1259 1403 consul
1326 1339 1656 1403 comitia
1702 1338 2191 1405 consulibus
2259 1339 2552 1406 subro-

252 1446 535 1529 gandis
602 1448 723 1512 ita
789 1447 1170 1526 ediceret,
1237 1448 1361 1511 uti
1425 1467 1694 1512 mense
1760 1446 2144 1513 Ianuario
2215 1448 2550 1513 comitia

254 1552 536 1620 haberi
578 1561 939 1640 possent,
987 1562 1064 1620 et
1106 1560 1190 1619 ut
1233 1555 1491 1638 primo
1539 1575 1852 1639 quoque
1898 1561 2257 1640 tempore
2302 1556 2381 1620 in
2428 1578 2550 1620 ur-

249 1661 411 1728 bem
455 1663 793 1729 rediret.
862 1662 1187 1747 Perquam
1233 1660 1581 1728 infeliciter
1626 1662 1733 1727 hic
1779 1662 2096 1748 Grynaeus
2141 1684 2278 1727 rem
2325 1665 2548 1747 gessit,

249 1770 329 1836 ad
371 1772 559 1838 cuius
593 1792 848 1837 errores
883 1769 1302 1854 corrigendos
1336 1770 1501 1836 nihil
1534 1791 1805 1855 prorsus
1842 1771 2072 1836 auxilii
2104 1772 2550 1855 Kreyssigium

247 1877 691 1945 Bekkerumve
736 1879 1037 1945 attulisse
1083 1880 1302 1945 miror.
1370 1879 1660 1945 Primum
1691 1900 1961 1963 prorsus
2005 1879 2387 1946 incredibile
2424 1886 2543 1962 est,

247 2007 440 2070 quum
484 2009 594 2054 res
637 1986 817 2053 haud
849 2007 1179 2072 prosperae
1213 1987 1281 2051 in
1314 1986 1702 2053 Macedonia
1741 1994 1976 2067 essent,
2023 1987 2377 2069 consulem,
2427 1989 2543 2073 qui

244 2095 333 2161 ibi
374 2102 572 2176 esset,
620 2096 704 2162 ab
752 2096 1044 2162 exercitu
1089 2100 1435 2161 avocatum
1482 2115 1655 2175 esse,
1713 2100 1789 2161 ut
1845 2095 2111 2161 comitia
2153 2095 2377 2162 Romae
2433 2095 2549 2161 ha-

242 2201 439 2285 beret,
484 2226 687 2290 quum
734 2209 910 2270 esset
952 2205 1019 2268 in
1063 2203 1260 2269 Italia
1304 2204 1441 2268 sine
1478 2202 1653 2269 bello
1702 2203 1782 2284 (c.
1832 2207 1889 2283 9,
1943 2204 2133 2287 1—3)
2181 2205 2353 2271 alter
2393 2225 2547 2271 con-

243 2310 365 2393 sul;
408 2333 534 2379 nec
576 2333 885 2396 umquam
929 2312 1325 2396 reperietur,
1371 2332 1572 2395 quum
1617 2310 1812 2377 alteri
1857 2313 2107 2378 consuli
2151 2311 2352 2378 Italia
2396 2334 2549 2397 pro-

243 2420 449 2486 vincia
493 2427 707 2502 esset,
736 2420 929 2488 alteri
971 2419 1215 2486 bellum
1261 2426 1448 2485 extra
1493 2419 1773 2501 Italiam,
1820 2442 1949 2487 non
1993 2420 2077 2487 ab
2122 2420 2236 2487 illo
2285 2421 2553 2488 comitia

248 2526 492 2609 habita,
542 2530 655 2612 qui
700 2529 767 2593 in
811 2529 1010 2594 Italia
1055 2535 1243 2594 esset.
1331 2528 1572 2594 Mirum
1629 2529 1699 2594 id
1755 2549 2047 2613 quoque,
2094 2529 2270 2612 quod
2319 2529 2551 2595 consul

249 2636 418 2702 redit
462 2644 533 2702 et
578 2637 846 2704 comitia
888 2635 1091 2703 habet
1142 2658 1364 2703 mense
1418 2635 1725 2703 Ianuario
1745 2688 1760 2717 ,
1817 2636 2020 2722 legati
2078 2636 2159 2703 de
2217 2659 2294 2703 ea
2349 2659 2420 2703 re
2467 2637 2551 2704 ad

252 2764 395 2810 eum
437 2746 628 2810 missi
673 2752 902 2812 exacto
951 2746 1212 2812 demum
1257 2745 1608 2811 admodum
1641 2743 2000 2811 Februario
2048 2745 2329 2811 redeunt
2375 2743 2435 2828 (ἓ
2463 2744 2547 2827 9).

251 2852 460 2921 Huius
506 2855 862 2938 pravitatis
906 2861 1139 2920 auctor
1184 2853 1500 2938 Grynaeus
1548 2859 1681 2933 est;
1737 2873 1889 2917 nam
1945 2853 2013 2917 in
2069 2852 2296 2918 codice
2344 2854 2551 2918 omni-

250 2960 369 3029 bus
413 2964 657 3029 litteris
702 2963 978 3029 alterius
1023 2962 1306 3028 consulis
1351 2981 1588 3026 nomen
1634 2959 1973 3025 scribitur:
2020 2959 2119 3024 Et
2151 2967 2237 3025 ut
2270 2960 2344 3024 A.
2385 2961 2549 3025 Ati-

250 3069 407 3138 lius
477 3092 683 3137 cons.
750 3071 1062 3156 Apparet,
1128 3071 1338 3134 virum
1416 3069 1751 3153 egregium
1816 3089 1892 3134 eo
1963 3068 2312 3152 deceptum
2380 3089 2546 3148 esse,

250 3179 423 3262 quod
465 3179 610 3244 haec
654 3179 1005 3244 coniuncta
1051 3184 1204 3242 sunt
1248 3197 1397 3241 cum
1441 3176 1766 3241 mentione
1809 3176 2174 3259 legatorum
2219 3177 2287 3241 in
2331 3176 2547 3242 Mace-

251 3285 513 3353 doniam
580 3288 949 3367 missorum,
1016 3292 1083 3350 et
1137 3291 1459 3370 praeterea
1525 3285 1771 3350 duritia
1827 3285 2177 3363 orationis3
2247 3304 2400 3350 nam
2467 3306 2548 3350 ex

249 3394 390 3461 illo:
459 3402 737 3479 patres
793 3431 880 3441 —
943 3396 1339 3461 miserunt
1417 3391 1503 3458 ad
1557 3391 1839 3458 alterum
1882 3392 2243 3479 membrum
2286 3392 2551 3458 auditur

250 3502 818 3583 decreverunt,
888 3502 1064 3585 quod
1121 3523 1325 3586 genus
1381 3499 1609 3584 figurae
1674 3505 1786 3562 ἀπὸ
1830 3508 2037 3574 κοινοῦ,
2095 3508 2171 3565 ut
2237 3522 2316 3565 ex
2362 3502 2554 3566 unius

247 3614 340 3678 rei
387 3613 671 3678 decretae
716 3610 1083 3695 pluriumve
1144 3611 1277 3676 suis
1320 3607 1535 3674 verbis
1596 3609 2211 3675 commemoratione
2257 3615 2554 3675 sumatur

247 3721 607 3787 communis
652 3717 906 3784 decreti
948 3717 1339 3802 significatio
1408 3717 1494 3782 ad
1551 3737 1825 3799 eamque
1885 3715 2416 3782 accommodetur
2470 3725 2556 3782 ut

246 3829 641 3908 coniunctio,
706 3849 838 3893 non
903 3848 1127 3892 rarum
1193 3833 1295 3891 est
1350 3825 1524 3910 apud
1580 3826 1864 3905 Livium3
1932 3830 2007 3890 ut
2048 3824 2261 3906 XXX,
2310 3828 2410 3905 27,
2463 3830 2535 3889 11
2580 3839 2722 3907 (553)

247 3945 398 4020 post
464 3941 911 4020 prorogata
990 3933 1333 4018 imperia
1399 3933 1808 4016 adiungitur:
1879 3940 1960 3998 et
2038 3940 2125 3999 ut
2192 3932 2555 4018 placatis

249 4043 371 4109 dis
417 4045 681 4111 omnia
734 4043 1211 4135 inciperent
1265 4048 1806 4126 agerentque,
1874 4040 2112 4107 ludos
2156 4076 2242 4088 --
2285 4047 2372 4106 ut
2415 4062 2555 4107 eos

247 4151 480 4218 ludos
549 4150 929 4236 consules
996 4185 1079 4194 —
1146 4147 1530 4214 facerent.
1628 4147 1822 4231 [Add.
1870 4148 2072 4227 XXX,
2133 4153 2232 4227 41,
2278 4152 2337 4227 4,
2383 4147 2553 4228 XLI,

253 4264 348 4339 15,
402 4266 509 4342 113
557 4259 719 4325 alibi
758 4259 1083 4325 omittitur
1118 4262 1240 4321 ut:
1284 4255 1516 4336 XXIV,
1540 4262 1642 4337 44,
1681 4262 1738 4335 2,
1785 4256 2019 4337 XXVI,
2046 4259 2146 4335 28,
2183 4262 2241 4335 4,
2288 4255 2554 4336 XXVII,

248 4371 349 4449 22,
397 4375 455 4450 9,
500 4365 797 4446 XXVIII,
848 4370 943 4444 10,
995 4369 1091 4444 11,
1140 4363 1376 4444 XXXI,
1424 4367 1484 4444 8,
1533 4368 1721 4442 6-7,
1768 4362 1933 4442 XLI,
1984 4367 2081 4442 14,
2132 4361 2218 4444 6.]
2301 4364 2555 4428 Deinde

245 4479 500 4558 nescio,
549 4497 694 4557 cur,
716 4494 954 4558 -quum
1010 4473 1078 4536 in
1123 4470 1344 4537 codice
1390 4473 1737 4555 perspicue
1786 4471 2107 4553 scriptum
2152 4477 2356 4536 esset:
2428 4492 2557 4536 co-

2167 5124 2351 5171 Diqitizeo
2371 5129 2412 5171 DJ
