3230 5282
1433 608 1559 668 479
2258 620 2381 676 Lib.
2419 620 2655 675 XXXII.

342 789 590 854 factum
647 797 752 857 est
807 790 1022 867 inde,
1093 790 1269 875 quod
1328 811 1593 873 prorsus
1642 790 1955 855 abundat.
2066 751 2130 874 ῖς
2185 795 2259 854 14
2311 793 2378 855 10
2425 792 2658 857 eadem

346 898 676 963 oratione:
747 897 899 964 Cur
944 898 1301 963 excessit
1345 932 1431 942 —
1478 897 1879 962 claustris
1927 897 2103 963 illis
2149 899 2656 982 inexpugna-

340 1003 653 1070 bilibus
720 1028 964 1090 super
1017 1006 1262 1070 Aoum
1334 1025 1634 1069 amnem
1693 1004 1861 1087 (aut
1919 1007 1992 1071 vi
2050 1011 2192 1071 aut
2248 1013 2460 1071 metu
2519 1013 2657 1073 aut

342 1113 801 1196 voluntate)
860 1114 1326 1197 relictoque
1382 1148 1467 1158 —
1524 1112 1742 1178 saltu
1811 1113 2137 1197 penitus
2193 1116 2272 1179 in
2329 1137 2656 1198 regnum

344 1221 720 1303 abiit?·si
766 1243 909 1287 sua
953 1221 1379 1287 voluntate
1428 1225 1550 1285 cet.
1637 1219 1762 1285 Sex
1808 1220 1924 1286 illa
1965 1222 2183 1301 verba,
2233 1243 2378 1306 quae
2420 1223 2652 1288 Weiss

342 1330 529 1393 uncis
574 1329 870 1409 inclusit,
927 1327 1524 1393 incommodissime
1570 1327 1887 1394 hocloco
1939 1330 2269 1413 interponi
2313 1328 2654 1396 Bekkerus

349 1437 587 1516 sensit;
666 1458 880 1521 neque
948 1437 1121 1501 enim
1187 1436 1309 1519 ipsi
1377 1436 1913 1519 interrogationi,
1993 1458 2150 1519 qua.
2191 1436 2444 1521 aliquid
2513 1439 2656 1503 sine

342 1544 601 1608 ratione
658 1544 984 1628 probabili
1039 1542 1286 1608 factum
1341 1543 1879 1626 reprehenditur,
1946 1546 2091 1628 ipsa
2137 1565 2368 1609 earum
2412 1566 2652 1623 rerum,
2749 1573 2755 1579 ·

345 1652 410 1715 in
471 1652 713 1735 quibus
773 1673 987 1717 causae
1049 1651 1206 1716 facti
1263 1651 1479 1716 inesse
1539 1651 1808 1731 debent,
1866 1652 2132 1718 nomina
2191 1654 2285 1717 sic
2340 1652 2512 1717 nude
2558 1653 2659 1716 in·

346 1758 560 1822 teriici
607 1768 903 1843 possunt.
1005 1759 1371 1824 Translatis
1430 1766 1649 1824 autem
1710 1759 1812 1825 his
1859 1760 2073 1825 verbis
2121 1761 2292 1826 inter
2337 1759 2545 1825 abiit
2591 1768 2656 1824 et

348 1867 416 1930 si
474 1888 618 1931 sua
663 1868 1116 1947 voluntate,
1191 1868 1409 1932 omnia
1466 1875 1603 1932 tam
1651 1874 1807 1950 apta
1852 1866 2048 1946 fiunt,
2118 1875 2191 1932 ut
2236 1866 2399 1932 nihil
2447 1869 2656 1951 possit

341 1976 569 2057 magis,
662 1976 1001 2059 Responso
1051 1975 1221 2039 enim
1270 1976 1519 2053 omnia,
1588 1996 1732 2056 quae
1782 1975 1910 2039 dici
1957 1982 2264 2058 possunt,
2331 1975 2654 2058 complec-

348 2084 515 2146 tenti
598 2082 978 2166 adiungitur
1057 2081 1260 2146 ducta
1339 2104 1414 2145 ex
1497 2082 1774 2165 singulis
1852 2084 2221 2165 argumenti
2303 2082 2650 2148 conclusio.

343 2188 618 2254 Prorsus
687 2190 926 2255 similia
994 2211 1227 2255 vocum
1299 2190 1733 2273 complurium
1803 2192 2226 2257 traiectiones
2295 2190 2516 2255 notavi
2587 2191 2653 2253 in

342 2296 470 2361 hac
516 2297 763 2363 decade
809 2298 920 2363 lib.
959 2296 1255 2376 XXXVI,
1293 2300 1393 2375 34,
1432 2300 1469 2360 9
1507 2304 1573 2361 01
1615 2302 1691 2360 10
1728 2305 1792 2363 01
1827 2296 1962 2377 XL,
2002 2302 2100 2377 13,
2144 2303 2171 2361 1
2215 2303 2282 2363 et
2315 2302 2372 2361 2.
2440 2294 2652 2379 1863]

344 2401 652 2469 Ceterum
719 2406 912 2490 plura
978 2408 1045 2470 in
1116 2404 1240 2470 hoc
1295 2404 1510 2487 capite
1567 2406 1765 2469 etiam
1825 2412 1974 2490 post
2031 2426 2136 2484 ea,
2204 2426 2346 2488 quae
2404 2405 2646 2470 auxilio
2685 2417 2837 2485 (382)

343 2511 590 2577 codicis
636 2513 688 2577 B
736 2514 1083 2578 emendata
1131 2520 1303 2592 sunt,
1363 2514 1580 2577 mendi
1629 2514 2066 2596 suspicionem
2114 2511 2378 2578 habent.
2489 2512 2657 2579 Nam

349 2619 382 2702 ξ
432 2624 467 2685 3
512 2621 881 2704 legatorum
926 2622 1276 2704 orationeS,
1322 2645 1485 2706 quas
1511 2622 1867 2686 Aristaenus
1913 2628 2248 2704 tamquam
2296 2622 2657 2687 sententias

348 2731 723 2812 percenseri
780 2731 948 2809 vult,
1015 2730 1194 2796 nullo
1252 2731 1446 2796 modo
1504 2731 1687 2813 ipsas
1743 2729 2050 2793 hesterno
2111 2728 2215 2791 die
2275 2751 2419 2812 pro
2478 2751 2654 2794 sen-

347 2838 641 2902 tentiis
701 2837 969 2902 dictas
1026 2837 1390 2920 significare
1449 2844 1704 2921 potest3
1775 2834 2028 2920 [itaque
2089 2836 2505 2900 scribendum
2563 2837 2653 2899 vi·

348 2944 569 3009 detur:
639 2951 729 3009 ut
793 2966 935 3028 pro
996 2946 1442 3010 sententiis
1503 2945 1763 3008 dictas
1820 2963 2464 3026 percenseamus.
2558 2941 2653 3006 De

346 3050 635 3117 ablativo
693 3054 1010 3136 temporis
1071 3052 1209 3116 sine
1256 3052 1610 3135 participio
1661 3051 1743 3115 ad
1792 3050 1991 3115 verba
2041 3051 2461 3113 orationes
2507 3048 2652 3131 leg.

348 3158 657 3223 adiuncto
728 3159 852 3224 vid.
916 3157 1025 3223 «ΞΓ.
1085 3166 1288 3224 nostr.
1339 3159 1479 3223 Lat.
1531 3157 1563 3242 ξ
1624 3162 1747 3221 278
1794 3157 1835 3220 b
1884 3158 1981 3222 ed.
2034 3155 2248 3221 Germ.
2359 3155 2526 3220 Nam
2587 3156 2655 3219 in

352 3267 870 3349 transpositione
933 3268 1347 3350 superiorum
1406 3265 1796 3330 editionum:
1856 3301 1938 3310 --
1997 3263 2121 3328 die
2182 3263 2452 3328 dictas
2510 3285 2653 3348 pro

344 3375 791 3439 sententiis
838 3373 948 3456 (de
995 3373 1181 3439 codd.
1217 3378 1459 3457 praeter
1504 3372 1557 3435 B
1595 3395 1725 3437 000
1764 3372 2051 3453 constat)
2101 3370 2261 3434 illud
2297 3392 2439 3455 pro
2479 3392 2653 3435 sen-

346 3482 635 3547 tentiis
673 3502 804 3546 000
843 3488 1020 3546 recte
1056 3481 1184 3546 alio
1212 3480 1581 3564 significatu
1612 3479 1854 3545 dicitur
1882 3501 2075 3564 quam
2111 3484 2264 3544 ante
2298 3498 2439 3562 pro
2478 3500 2654 3543 sen-

344 3590 626 3656 tentia.
746 3587 955 3670 1863]
1085 3587 1117 3671 ἓ
1202 3593 1277 3652 16
1357 3588 1536 3653 nullo
1623 3587 1817 3651 simili
1899 3585 2196 3669 exemplo
2278 3584 2654 3650 defenditur

343 3699 622 3781 potius
672 3697 774 3761 bis
823 3697 1130 3780 positum,
1180 3696 1353 3779 quod
1400 3697 1530 3760 iam
1576 3694 1961 3760 Perizonius
2009 3694 2294 3773 notavit3
2352 3690 2384 3775 ξ
2433 3699 2655 3757 autem

344 3810 426 3870 28
505 3807 676 3871 inter
755 3803 916 3868 duas
996 3806 1547 3885 interrogationes
1627 3800 1830 3867 futuri
1914 3801 2229 3884 temporis
2310 3799 2505 3865 verbo
2590 3807 2656 3865 et

344 3913 620 3997 pluralis
679 3913 934 3978 numeri
991 3911 1285 3995 prolatas
1343 3911 1868 3992 (recipiemus
1929 3916 1997 3973 et
2052 3927 2147 3972 an
2194 3908 2353 3990 ipsi
2402 3942 2485 3951 —
2530 3912 2653 3972 tu-

343 4020 724 4102 tabimur)
773 4019 1158 4103 pravissime
1205 4017 1343 4082 haec
1390 4017 1865 4101 interponitur:
1937 4013 2181 4091 Quum
2230 4020 2453 4078 terra
2496 4012 2653 4077 Na-

341 4128 468 4193 bis
547 4134 622 4191 et
691 4126 1306 4203 Lacedaemonii,
1375 4125 1570 4188 mari
1641 4124 1931 4188 classis
2003 4123 2354 4185 Romana
2423 4141 2654 4202 urge·

340 4235 571 4312 bunt,
629 4232 831 4298 unde
878 4234 1180 4314 regiam
1229 4233 1708 4296 societatem
1757 4237 1833 4294 et
1876 4229 2405 4294 Macedonum
2452 4249 2651 4311 prae-

342 4341 562 4406 sidia
605 4340 1109 4424 implorem‘?‚
1160 4339 1346 4419 quasi
1393 4339 1562 4403 hanc
1609 4338 1862 4404 consilii
1910 4337 2198 4419 inopiam
2244 4335 2329 4399 ad
2377 4356 2445 4400 se
2491 4355 2651 4418 prae-

341 4449 533 4530 cipue
591 4454 657 4513 et
711 4446 921 4511 solum
969 4445 1331 4509 Aristaenus
1390 4446 1532 4529 (qui
1590 4444 1870 4511 fortasse
1917 4448 2057 4507 tum
2104 4449 2348 4527 praetor
2392 4440 2653 4507 futurus
