3230 5282
436 612 562 669 Lib.
597 612 768 667 XXV.
1533 599 1658 661 358

440 785 598 851 vult.
701 783 858 869 [Cfr.
906 784 985 863 X,
1034 788 1133 864 33,
1185 790 1250 848 1:
1310 783 1698 849 cohortes
1743 819 1847 864 —,
1905 804 2074 867 quae
2119 785 2495 867 proximae
2538 781 2754 848 forte

370 876 377 883 ⁶
444 892 724 977 erant]
827 892 963 958 Sub
1020 892 1218 957 finem
1275 893 1515 976 capitis
1565 890 1627 974 (ἓ
1681 892 1783 974 12)
1831 912 1961 957 non
2017 899 2197 957 recte
2244 892 2571 959 deiecta
2614 891 2755 956 ho-

444 1004 684 1068 stium
743 1022 878 1067 cas
896 1007 1026 1066 tra
1082 1000 1212 1065 dici
1260 1000 1421 1065 mihi
1465 1000 1801 1080 videntur,
1870 1022 2016 1083 quae
2060 1022 2276 1085 neque
2319 1002 2470 1085 ipsa
2514 1000 2756 1066 emine-

441 1110 608 1176 bant
661 1109 1236 1193 (quemadmodum
1293 1109 1599 1175 columna
1654 1108 1849 1173 deiici
1907 1108 2177 1191 dicitur)
2233 1130 2445 1192 neque
2493 1130 2572 1173 ex
2616 1109 2754 1175 alto

446 1225 514 1283 et
581 1219 891 1283 eminenti
960 1217 1107 1283 loco
1173 1218 1240 1282 in
1309 1217 1691 1283 inferiorem
1749 1217 2018 1283 detrusa
2073 1224 2257 1298 sunt,
2325 1218 2441 1283 sed
2496 1223 2757 1283 vastata

445 1327 627 1411 (igni,
675 1333 751 1391 ut
796 1327 1048 1410 opinor,
1093 1324 1396 1406 iniecto);
1442 1326 1793 1409 potuitque
1841 1325 2193 1391 deiectis
2239 1326 2435 1392 facile
2473 1326 2642 1391 oriri
2677 1350 2758 1393 ex

275 1442 416 1513 (293)
453 1435 771 1501 deletis.
873 1434 1166 1500 Deleta
1211 1439 1450 1512 castra,
1511 1453 1656 1515 quae
1701 1434 1836 1516 igni
1880 1440 2269 1518 consumpta
2314 1441 2483 1515 sunt,
2540 1434 2758 1501 Livius
2807 1498 2824 1504 ,

446 1544 612 1609 dixit
656 1542 859 1622 XXX,
907 1548 963 1622 6,
1013 1547 1069 1607 6.
1138 1542 1480 1606 Deiecta
1522 1562 1643 1625 pro
1691 1541 1965 1607 deleta
2011 1542 2228 1625 (urbs)
2275 1545 2341 1608 in
2387 1543 2759 1609 cod.Ba1n-·

445 1652 745 1734 bergensi
794 1651 1105 1717 scribitur
1148 1649 1387 1729 XXXI,
1437 1653 1536 1728 29,
1587 1654 1684 1713 11.

620 1758 777 1845 Cap.
831 1764 928 1839 15,
978 1764 1090 1824 20:
1160 1757 1534 1823 Ceterum
1580 1757 1882 1838 (Fulvius
1930 1764 1997 1823 et
2043 1756 2360 1826 Claudius
2407 1760 2758 1842 consules),

447 1891 541 1935 ne
616 1868 1176 1934 Beneventum
1269 1867 1441 1932 sine
1533 1865 1920 1951 praesidio
2013 1874 2235 1933 esset
2327 1875 2405 1933 et
2495 1874 2584 1933 ut
2662 1869 2758 1933 ad

448 1976 724 2042 subita
799 1975 1029 2055 belli,
1115 1975 1181 2039 si
1248 1973 1692 2053 Hannibal,
1778 1975 1992 2057 quod
2069 1975 2482 2041 facturum
2548 1976 2758 2041 haud

448 2084 975 2163 dubitabant,
1067 2083 1163 2147 ad
1253 2103 1477 2164 opem
1571 2081 1991 2147 ferendam
2081 2085 2334 2149 sociis
2413 2082 2762 2166 Capuam

447 2194 844 2273 venisset,
904 2192 1228 2274 equites
1287 2190 1438 2254 vim
1480 2191 1896 2255 sustinere
1943 2199 2308 2276 possent,
2368 2192 2474 2256 Ti.
2526 2191 2763 2256 Grac-

450 2300 676 2366 chum
743 2323 832 2366 ex
889 2300 1238 2364 Lucanis
1310 2319 1481 2363 cum
1539 2300 1921 2382 equitatu
1981 2321 2070 2364 ac
2125 2283 2285 2365 lev'i
2345 2305 2764 2366 armatura

450 2407 1001 2474 Beneventum
1047 2408 1322 2472 venire
1370 2406 1676 2472 iubent.
1780 2406 1927 2473 Non
1975 2414 2113 2472 tam
2156 2408 2225 2472 id
2269 2408 2567 2473 consules
2613 2429 2763 2491 pro-

452 2517 743 2600 spexisse
790 2517 1039 2601 opinor,
1086 2523 1160 2581 ut
1205 2515 1460 2598 equites
1508 2514 1657 2597 (sui,
1704 2516 1878 2599 quod
1926 2516 2088 2580 dure
2137 2516 2350 2598 abest)
2398 2518 2526 2580 vim
2569 2518 2765 2581 susti-

450 2647 607 2691 nere
676 2630 945 2710 possent
999 2623 1207 2708 (quod
1274 2624 1492 2708 ipsum
1557 2624 1751 2689 nimis
1807 2623 2059 2690 infinite
2119 2626 2258 2690 sine
2316 2625 2618 2709 genetivo
2668 2624 2763 2689 di-

457 2733 688 2815 citur),
748 2755 944 2819 quam
1001 2739 1075 2797 ut
1120 2733 1248 2817 ipsi
1295 2733 1560 2797 omnino
1606 2733 1943 2816 equitatus
1987 2733 2250 2813 Punici,
2307 2755 2436 2816 quo
2483 2734 2762 2798 maxime

448 2842 780 2908 Hannibal
825 2843 1126 2926 superior
1173 2848 1345 2918 erat,
1414 2842 1541 2905 vim
1589 2842 2017 2921 sustinerent,
2077 2849 2145 2905 et
2191 2842 2341 2907 ideo
2390 2841 2766 2907 Gracchum

455 2935 607 3016 cum⁴
649 2952 953 3034 equitatu
1001 2958 1068 3015 et
1110 2950 1235 3015 levi
1283 2956 1620 3014 armatura
1665 2950 2099 3015 arcessivisse.
2188 2950 2423 3032 Itaque
2471 2950 2768 3034 suspicor

451 3081 634 3143 paene
680 3060 934 3125 Livium
980 3059 1354 3143 scripsisse:
1401 3058 1708 3141 equitis
1756 3058 2106 3138 (equitum)
2153 3060 2304 3122 vim
2351 3060 2766 3124 sustinere

453 3176 806 3251 possent.
922 3166 1228 3232 Ceterum
1286 3187 1523 3250 parum
1568 3173 1876 3230 accurate
1924 3166 2064 3231 haec
2110 3172 2628 3251 componuntur:
2686 3172 2767 3230 et

453 3283 539 3341 ut
617 3277 717 3341 ad
801 3275 1075 3341 subita
1139 3273 1341 3339 belli
1411 3308 1496 3319 -—
1564 3273 1882 3355 equitis
1949 3274 2130 3357 (sive
2198 3272 2550 3358 equites)
2616 3275 2762 3336 vim

458 3385 872 3449 sustinere
929 3387 1302 3467 possent;
1372 3382 1579 3446 multo
1638 3383 1881 3447 rectius
1939 3383 2230 3447 futurum
2288 3387 2461 3446 erat:
2532 3387 2608 3445 et
2665 3379 2765 3443 ad

457 3492 732 3556 subita
775 3491 996 3570 belli,
1058 3496 1161 3569 ut,
1210 3492 1276 3554 si
1323 3496 1464 3569 oet„
1512 3491 1792 3573 primum
1838 3492 2142 3557 universo
2187 3488 2479 3567 consilio,
2529 3486 2763 3552 deinde

462 3600 795 3683 praecipua
840 3605 1032 3682 parte
1077 3597 1386 3662 indicata.

628 3705 786 3790 Cap.
841 3711 948 3787 16,
1011 3710 1046 3769 3
1096 3705 1237 3787 (ubi
1295 3705 1375 3770 de
1433 3707 1602 3771 extis
1650 3727 1690 3770 a
1737 3707 2153 3791 serpentibus
2213 3706 2434 3772 adesis
2491 3703 2769 3787 agitur):

458 3821 698 3899 atque
766 3815 1172 3879 intentius
1232 3822 1421 3878 exta
1476 3822 2121 3880 reservarentur.
2239 3813 2387 3878 Non
2451 3811 2773 3896 agebatur

461 3922 542 3987 de
610 3923 1025 3987 reservandis
1092 3923 1176 3986 ad
1245 3922 1445 3986 alium
1513 3945 1701 3987 usum
1770 3925 1966 4002 extis,
2035 3922 2149 3987 sed
2197 3921 2276 3987 de
2324 3920 2661 3986 servandis
2709 3923 2774 3983 et

458 4031 921 4096 custodiendis.
1031 4031 1262 4115 Itaque
1330 4031 1752 4096 scribendum
1812 4038 1912 4096 est
1958 4026 2773 4108 servarentur3—nisi

457 4140 628 4206 forte
699 4161 777 4204 ex
851 4139 1122 4205 confusa
1190 4139 1434 4204 codicis
1491 4138 1541 4202 P
1602 4140 1933 4223 scriptura
2001 4144 2773 4202 extaresereserva-

457 4257 755 4315 rentur
801 4248 971 4313 effici
1020 4247 1218 4313 debet
1265 4253 1639 4312 extorum
1685 4247 1911 4311 seriae
1959 4251 2503 4312 servarentur.
2577 4242 2773 4324 (1862

458 4364 527 4423 et
588 4357 801 4439 1876.)
903 4355 936 4439 ἓ
996 4362 1033 4420 8
1094 4356 1174 4421 de
1235 4355 1437 4420 Flavo
1494 4355 1762 4420 Lucano
1821 4375 1966 4418 cum
2012 4353 2293 4436 Magone
2348 4351 2624 4416 insidias
2678 4348 2772 4412 Ti.
