3230 5282
1489 561 1568 623 37

362 752 526 829 typo
574 744 951 826 (MPLIHI,
1011 728 1448 813 deterioribus
1495 746 1732 811 ceteris
1779 743 2124 827 omnibus),
2170 766 2369 829 prave
2414 755 2686 831 accepto

366 853 592 937 priore
650 860 757 933 et,
817 875 938 937 pro
994 853 1314 922 infinitivo
1372 855 1690 921 historico
1749 852 2177 919 substitutum
2225 861 2369 920 erat
2423 856 2686 920 incre-

362 968 681 1045 parent,
738 969 814 1027 ut
858 962 945 1027 ad
989 969 1424 1047 postquam
1467 961 1845 1028 referretur.
1955 959 2266 1039 Quaedam
2310 962 2686 1029 huiusmodi

363 1077 483 1135 aut
528 1071 729 1135 etiam
773 1072 1032 1136 minora
1074 1071 1143 1136 in
1191 1072 1346 1137 Lov,
1394 1078 1453 1152 4,
1500 1070 1790 1151 Gaertn.,
1832 1070 2062 1153 fragm.
2099 1071 2395 1152 Havete,
2440 1071 2676 1138 Portu-
2713 1076 2820 1145 (34)

363 1177 603 1260 gallico
660 1180 968 1263 reperiri,
1036 1181 1105 1245 in
1163 1179 1486 1246 editiones
1545 1181 1748 1244 etiam
1804 1184 2101 1263 recepta,
2169 1180 2546 1246 meminisse
2592 1183 2684 1246 vi-

365 1286 547 1351 deor.
615 1287 795 1352 Alibi
839 1288 981 1353 iure
1027 1286 1314 1355 offensus
1363 1294 1465 1354 est
1510 1294 1862 1366 corrector,
1910 1288 2058 1370 ipsa
2103 1289 2423 1353 correctio
2469 1290 2683 1355 minus

362 1392 523 1458 felix
581 1402 713 1474 est,
770 1402 847 1460 ut
900 1396 1018 1477 IV,
1077 1401 1147 1477 6,
1210 1403 1274 1476 1,
1338 1397 1453 1461 ubi
1509 1397 1576 1460 in
1633 1396 1820 1461 Voss‚
1883 1399 1953 1475 2,
2000 1395 2153 1461 Lov.
2205 1400 2241 1459 3
2299 1402 2452 1479 post
2506 1418 2679 1462 ver-

362 1502 617 1567 tisset
653 1503 924 1570 additur
960 1512 1039 1569 et
1074 1505 1392 1585 consul;
1439 1525 1593 1569 nam
1630 1504 1996 1570 subiectum
2030 1504 2214 1569 verbi
2248 1505 2684 1588 respondit

361 1610 536 1675 male
594 1611 823 1678 deesse
869 1611 1288 1678 manifestum
1346 1619 1478 1693 est3
1537 1612 1655 1677 sed
1698 1611 1921 1677 Livius
1978 1633 2215 1677 nomen
2260 1613 2474 1696 ipsum
2520 1612 2683 1679 alte-

360 1720 501 1783 rius
550 1721 836 1785 consulis
882 1722 1186 1804 posuisse
1233 1721 1522 1801 videtur3
1567 1726 1648 1785 et
1692 1741 1961 1804 prorsus
2007 1742 2281 1803 pravum
2326 1721 2517 1803 est.¹)

537 1827 638 1891 Ex
682 1827 787 1893 his
833 1829 1033 1912 igitur
1079 1829 1416 1895 codicibus
1461 1830 1559 1894 ita
1605 1829 2037 1912 comparatiS,
2094 1833 2169 1892 ut
2226 1836 2293 1894 et
2339 1828 2681 1914 dignitatis

360 1937 898 2020 praestantiaeque
953 1938 1125 2002 ratio
1181 1937 1506 2003 habeatur
1563 1942 1632 2002 et
1687 1958 2043 2002 consensus
2102 1936 2569 2021 dissensusque
2615 1946 2684 2005 et

362 2050 717 2126 quaeratur,
764 2065 965 2127 quam
1011 2046 1406 2129 scripturam
1453 2065 1532 2109 ex
1579 2065 1713 2128 qua
1758 2051 1969 2109 ortam
2017 2067 2158 2110 esse
2196 2045 2540 2128 probabile
2578 2049 2681 2128 sit,

362 2153 712 2235 reperitur,
762 2153 922 2237 quid
955 2154 1025 2217 in
1061 2153 1284 2219 codice
1320 2152 1678 2237 archetypo
1713 2151 1942 2233 fuerit3
1987 2154 2314 2236 reliquum
2348 2157 2680 2239 negotium

362 2261 655 2343 positum
701 2267 831 2341 est,
890 2267 964 2325 ut
1011 2261 1163 2341 dixi,
1219 2263 1286 2326 in
1335 2261 1579 2327 codicis
1626 2260 1969 2345 archetypi
2015 2263 2346 2345 scriptura
2391 2263 2477 2327 ad
2520 2286 2677 2344 rem,

362 2369 793 2448 sententiam,
852 2371 1218 2435 orationem
1262 2370 1596 2448 Latinam,
1659 2369 1827 2434 Livii
1871 2390 2061 2434 usum
2108 2371 2427 2454 exigenda
2471 2378 2565 2452 et,
2624 2375 2677 2438 si

360 2476 519 2560 quid
570 2476 923 2561 discrepat,
966 2477 1229 2543 indiciis
1276 2484 1344 2543 et
1386 2478 1562 2543 notis
1597 2477 1897 2542 veritatis
1932 2479 2422 2561 persequendis,
2467 2481 2534 2544 in
2571 2502 2679 2545 ex-

364 2587 756 2670 cogitandis,
802 2607 948 2671 quae
983 2586 1066 2652 iis
1101 2593 1259 2671 apte
1296 2587 1702 2665 conveniant,
1749 2585 2352 2672 probabilitateque
2386 2588 2487 2669 iis,
2536 2612 2680 2674 quae

363 2695 714 2776 nominavi,
761 2696 1109 2760 momentis
1156 2694 1613 2760 examinanda.

539 2802 700 2886 [Sed
745 2824 804 2868 a.
859 2807 1021 2867 1860
1077 2803 1387 2868 standum
1443 2803 1510 2866 in
1565 2802 1669 2868 his
1726 2803 1954 2886 primis
2012 2803 2236 2868 decem
2284 2804 2451 2870 Livii
2496 2806 2682 2874 libris

360 2917 509 2976 erat
579 2911 727 2976 sola
794 2910 922 2976 fide
990 2911 1290 2978 codicum
1344 2909 1405 2974 Ν
1409 2910 2042 2991 icomachianorum3
2108 2933 2260 2977 nam
2315 2914 2397 2979 de
2455 2916 2680 2983 codice

362 3019 798 3102 palimpsesto
845 3018 1212 3085 Veronensi
1258 3017 1402 3101 (V),
1462 3040 1658 3101 quem
1701 3040 1904 3083 unum
1949 3025 2138 3085 extra
2183 3021 2363 3086 illam
2410 3024 2681 3108 stirpem

361 3148 507 3192 esse
554 3128 881 3210 suspicari
925 3133 1339 3211 poteramuS,
1399 3132 1536 3191 tam
1594 3147 1808 3210 pauca
1863 3134 2023 3193 nota
2069 3136 2258 3193 erant
2305 3130 2411 3211 (ex
2455 3132 2528 3196 A.
2579 3133 2676 3198 W.

360 3235 652 3318 Zumptii
720 3235 948 3301 libello
1022 3256 1079 3300 a.
1139 3236 1271 3300 iam
1346 3239 1507 3299 1859
1568 3234 1750 3300 edito
1820 3235 1915 3300 de
1986 3235 2510 3303 Livianorum
2576 3241 2678 3305 li-

358 3342 687 3408 brorum
756 3343 1311 3427 inscriptione
1383 3348 1462 3408 et
1530 3342 1815 3408 codice
1874 3345 2471 3427 antiquissimo
2531 3347 2677 3413 Ve-

357 3452 729 3530 ronensi,
788 3473 919 3534 quo
978 3473 1036 3516 a.
1085 3451 1346 3516 demum
1411 3454 1568 3514 1861
1632 3472 1788 3515 usus
1846 3473 2019 3530 sum,
2078 3458 2146 3517 et
2202 3474 2280 3518 ex
2335 3456 2679 3538 particulis

358 3557 619 3623 duabus
660 3558 968 3624 brevibus
1012 3560 1142 3624 iam
1189 3566 1342 3624 ante
1388 3580 1430 3623 a
1462 3558 1863 3624 Detlefsenio
1911 3560 2153 3642 editis),
2200 3569 2273 3626 ut
2317 3562 2398 3628 de
2442 3586 2678 3647 genere

358 3668 507 3731 eius
552 3666 830 3732 iudicari
873 3668 979 3731 vix
1022 3674 1278 3752 posset,
1344 3687 1500 3731 usus
1557 3667 1699 3731 eius
1757 3668 1824 3732 in
1871 3670 2168 3736 oratione
2214 3672 2678 3740 constituenda

356 3776 756 3858 perexiguus
814 3781 1012 3840 esset.
1116 3775 1245 3841 Sed
1289 3795 1346 3838 a.
1399 3779 1562 3839 1868
1609 3774 1997 3841 Theodorus
2041 3777 2541 3860 MommseniuS,
2604 3784 2675 3846 V.

355 3883 495 3960 CL,
554 3883 869 3967 quicquid
913 3883 1047 3947 illis
1092 3882 1272 3949 foliis
1317 3883 1769 3967 palimpsestis
1818 3886 2190 3950 continetur
2234 3886 2678 3967 (continentur

352 3999 587 4055 autem
642 3996 871 4075 partes
929 4012 1179 4075 magnae
1235 3989 1387 4055 libri
1446 3990 1575 4071 III,
1636 3991 1756 4071 IV,
1817 3991 1903 4073 V,
1959 3993 2183 4078 aliqua
2240 3985 2438 4059 etiam
2485 3996 2677 4080 Vlti),

414 4186 463 4250 ¹)
503 4185 640 4240 Lov.
677 4188 712 4239 4
756 4186 816 4239 in
860 4185 1008 4239 libro
1065 4185 1306 4255 septimo
1364 4191 1676 4256 octavoque
1723 4185 1813 4255 (de
1861 4190 2240 4257 superioribus
2285 4208 2402 4245 non
2445 4193 2676 4246 memini

498 4287 602 4324 nec
635 4271 854 4337 notavi)
886 4271 1182 4339 aliquoties
1220 4273 1369 4326 solus
1406 4291 1533 4326 cum
1569 4272 1631 4326 M
1666 4274 1962 4341 consentit,
1999 4274 2057 4328 in
2093 4275 2256 4329 rebus
2293 4276 2407 4330 fere
2443 4277 2675 4342 minutis

500 4363 595 4409 aut
632 4356 928 4426 scripturis
964 4356 1152 4412 dubiis
1189 4362 1286 4411 aut
1320 4358 1539 4412 vitiosis
1577 4357 1662 4424 (ut
1678 4357 1828 4425 VIII,
1858 4377 1902 4413 c.
1930 4362 2009 4428 17,
2046 4362 2095 4427 2,
2133 4378 2178 4414 c.
2199 4364 2283 4429 24,
2320 4362 2390 4429 3),
2429 4362 2596 4416 semel
2618 4368 2675 4416 et

498 4443 703 4495 iterum
740 4459 869 4496 cum
904 4442 1069 4497 bonis
1107 4444 1385 4503 omnibus,
1423 4449 1489 4498 ut
1525 4461 1570 4497 c.
1614 4446 1694 4512 19,
1732 4447 1765 4497 7
1801 4450 1857 4498 et
1893 4448 1940 4500 8.
