3230 5282
528 583 651 638 Lib.
686 582 883 636 XXIV.
1625 569 1750 630 334

528 761 675 820 erat
731 752 1076 838 templum,
1147 753 1404 831 Livius,
1471 752 1688 835 figura
1744 754 2081 850 orationis,
2121 754 2443 818 invitante
2489 752 2594 833 (in
2639 752 2839 817 urbe

528 862 794 928 nobili
841 863 1024 944 ipsa
1080 862 1278 926 urbe
1327 861 1738 943 nobilius),
1788 862 1855 925 in
1890 861 2050 926 urbe
2085 860 2286 926 fuisse
2321 862 2504 926 dixit.
2562 845 2838 925 In'urbe

529 994 570 1038 a
612 970 797 1035 Livio
844 969 1160 1053 templum
1207 990 1350 1034 esse
1398 969 1558 1048 dici,
1618 990 1699 1035 ex
1744 990 1821 1033 eo
1869 970 2071 1033 etiam
2117 975 2416 1052 apparet,
2474 968 2650 1053 quod
2696 969 2841 1032 eius

531 1079 888 1163 descriptio
957 1076 1084 1142 hoc
1152 1077 1301 1142 loco
1372 1078 1816 1161 interponitur
1883 1085 2038 1143 ante
2094 1079 2267 1143 arcis
2327 1077 2837 1160 descriptionem

530 1185 592 1270 (ᾖ
640 1187 726 1269 8).
837 1185 1005 1249 Tum
1051 1182 1084 1266 ξ
1134 1191 1168 1246 7
1215 1185 1283 1248 111
1341 1184 1586 1250 codicis
1644 1185 1695 1249 P
1741 1187 1955 1268 prima
2013 1188 2376 1270 scriptura:
2448 1185 2678 1250 cuius
2737 1185 2838 1249 ci-
2919 1194 2926 1199 ’

530 1315 800 1361 nerem
878 1292 1106 1357 nullo
1185 1314 1536 1375 unquam
1606 1294 2459 1360 moueuentosedaros
2528 1300 2650 1358 cet.
2720 1314 2838 1375 ap-

528 1409 720 1489 paret
774 1404 989 1467 inesse
1047 1399 1209 1473 illud
1264 1401 1509 1483 ipsum,
1579 1402 1758 1485 quod
1806 1403 2173 1468 Gronovius
2211 1402 2544 1467 restituit:
2612 1399 2835 1465 nullo

529 1532 879 1595 unquam
925 1508 1223 1587 moveri
1271 1516 1529 1574 vento.
1634 1509 1784 1575 Sed
1830 1531 1970 1575 arx
2016 1518 2161 1589 cet„
2206 1532 2358 1588 non,
2404 1509 2583 1592 quod
2627 1528 2836 1591 nuper

527 1626 905 1685 revocatum
950 1621 1080 1682 est:
1150 1616 1434 1681 nullus
1489 1638 1837 1699 unquam
1892 1626 2214 1684 moveat
2258 1624 2569 1682 ventus
2685 1615 2839 1681 Sed

531 1749 673 1794 arx
729 1732 850 1792 cet.
952 1722 1014 1807 (ξ
1073 1728 1112 1788 8
1170 1746 1291 1807 pro
1349 1746 1504 1808 qua
1558 1725 1842 1791 fortasse
1898 1726 2024 1790 fuit
2091 1727 2303 1808 quia.
2400 1724 2614 1806 1871.)
2715 1723 2838 1788 Po-

531 1842 774 1901 stremo
821 1833 854 1916 ἓ
909 1837 985 1896 15
1031 1832 1444 1922 scribendum
1492 1841 1625 1899 est:
1694 1856 1868 1899 nam
1925 1834 2072 1917 (pro
2129 1832 2310 1914 iam)
2355 1834 2505 1898 hoc
2551 1839 2637 1897 ut
2680 1831 2837 1895 sibi

529 1944 842 2019 liceret,
903 1941 1549 2025 impetraverant
1594 1942 1665 2006 ei
1710 1941 2119 2021 (LocrenseS,
2176 1962 2298 2025 pro
2343 1940 2449 2022 et)
2496 1940 2590 2005 ab
2637 1939 2837 2004 Han·

528 2050 838 2127 nibale,
914 2048 1186 2141 missis
1267 2049 1364 2114 ad
1439 2049 1517 2113 id
1597 2051 1858 2133 ipsum
1925 2051 2248 2132 legatis.
2362 2048 2555 2129 (Iam
2618 2047 2837 2112 locum

528 2159 806 2223 haberet
885 2155 1180 2221 oratione
1247 2157 1341 2220 sic
1407 2156 1843 2223 conformata:
1919 2158 2111 2222 Nam
2189 2158 2338 2222 hoc
2417 2157 2572 2221 iam
2649 2162 2834 2220 ante

530 2264 682 2347 cet.)
807 2261 1203 2345 [Pronomen
1283 2265 1728 2330 necessarium
1799 2272 1928 2340 est,
2021 2266 2201 2349 quod
2280 2265 2407 2349 ipsi
2471 2264 2834 2328 Locrenses

527 2378 767 2457 praeter
811 2372 1064 2455 legatos
1121 2357 1282 2436 ante*
1329 2373 1652 2437 nominati
1709 2394 1839 2438 non
1900 2381 2084 2452 sunt,
2139 2373 2253 2438 sed
2310 2372 2663 2456 significati
2716 2391 2834 2435 no-

527 2481 701 2545 mine
749 2476 1099 2561 Locros]

700 2587 855 2673 Cap.
893 2593 954 2668 4,
1027 2591 1056 2649 1
1109 2593 1176 2653 et
1221 2591 1259 2651 2
1308 2588 1374 2652 in
1421 2587 1646 2653 codice
1691 2586 1742 2651 P
1789 2588 2135 2654 scribitur:
2182 2588 2660 2654 —laturum
2707 2608 2841 2654 ae·

529 2697 779 2762 etasit
834 2696 1271 2777 ingenium,
1334 2717 1539 2779 supra
1592 2715 1671 2758 ee
1729 2698 1948 2780 posito
2005 2716 2068 2774 a,
2126 2691 2330 2780 supra'l'
2383 2716 2463 2758 as
2519 2705 2593 2759 te
2638 2717 2838 2761 manu

510 2811 642 2869 ⁴aut
696 2805 910 2888 prima
979 2810 1094 2867 aut
1152 2803 1384 2868 altera.
1498 2803 1665 2869 Hinc
1712 2805 2024 2870 efficitur:
2093 2805 2277 2869 Eam
2333 2811 2681 2882 aetatem,
2747 2803 2826 2868 id

526 2911 932 2995 ingenium
978 2917 1302 2976 tutores
1349 2918 1599 2994 atque
1647 2913 1885 2978 amici
1930 2948 2017 2958 —
2061 2918 2578 2996 acceperunt.
2645 2911 2829 2988 Eam,

525 3040 670 3103 quae
725 3019 913 3103 pueri
955 3019 1212 3083 nomine
1259 3021 1389 3084 iam
1434 3019 1800 3102 significata
1844 3026 1964 3098 est,
2023 3026 2306 3098 aetatem,
2369 3020 2437 3084 id
2482 3020 2837 3101 ingenium,

525 3127 703 3213 quod
750 3128 855 3192 vix
899 3126 1275 3192 libertatem
1323 3127 1580 3193 modice
1614 3127 1905 3193 laturum
1938 3135 2100 3207 erat,
2154 3134 2409 3194 tutores
2444 3132 2839 3209 acceperunt

524 3235 610 3302 ad
632 3234 1201 3319 praecipitandum.
1248 3234 1551 3316 Et(ante
1586 3236 1932 3318 tutores)
1959 3242 2335 3301 extuatum
2359 3241 2480 3300 est.
2521 3233 2834 3315 (1862.)¹)

696 3341 851 3425 Cap.
902 3346 969 3421 5,
1032 3347 1096 3404 1:
1168 3341 1310 3405 Vix
1368 3343 1692 3423 quidem
1748 3343 1904 3408 ulli
1959 3343 2165 3409 bono
2226 3342 2828 3423 moderatoque

353 3466 497 3535 (2⁷4)
534 3452 706 3532 regi
764 3447 1048 3514 facilis
1108 3456 1287 3514 erat
1339 3441 1569 3514 favor
1627 3451 1838 3534 apud
1896 3449 2489 3533 Syracusanos,
2560 3469 2834 3514 succe-

580 3721 629 3787 ¹)
665 3720 796 3789 Cap.
819 3723 869 3785 4,
911 3721 944 3771 5
971 3717 1055 3770 W.
1093 3719 1298 3772 edidit:
1348 3719 1789 3789 iuvenemque
1842 3721 1981 3774 suis
2023 3721 2457 3790 potissimum
2497 3719 2826 3788 vestigiis

657 3805 984 3859 insistere
1026 3804 1295 3858 vellent
1342 3803 1746 3874 disciplinae
1792 3806 1873 3873 (P,
1921 3806 2088 3875 vulgo
2127 3805 2714 3874 disciplinaeque),
2759 3805 2829 3856 in

659 3907 789 3958 qua
842 3889 1137 3943 eductus
1192 3896 1392 3944 esset.
1483 3890 1817 3958 Asyndeton
1872 3892 1930 3944 in
1976 3890 2084 3945 hac
2130 3890 2327 3944 sedata
2379 3890 2635 3943 oratione
2680 3889 2831 3942 etin

658 3973 1057 4029 coniunctione
1108 3974 1485 4028 membrorum
1538 3976 1898 4044 inaequalium
1947 3977 2120 4031 verbo
2166 3975 2502 4044 interposito
2549 3978 2831 4043 separato-

658 4077 781 4113 rum
832 4065 1032 4113 contra
1077 4060 1347 4113 sermonis
1384 4066 1642 4115 naturam
1680 4066 1895 4115 temere
1930 4059 2187 4127 fingitur3
2244 4060 2454 4113 excidit
2489 4065 2553 4113 et
2588 4062 2719 4128 post
2752 4062 2829 4113 nt

657 4145 788 4213 (vid.
844 4144 916 4197 ad
968 4143 1048 4210 X,
1103 4146 1194 4209 21,
1248 4145 1316 4211 6).
1414 4143 1542 4199 Non
1594 4146 1791 4214 paucis
1845 4145 1983 4200 locis
2038 4145 2312 4213 asyndeta
2363 4144 2714 4199 incredibilia
2766 4143 2827 4196 in

654 4230 802 4284 Livii
851 4229 1167 4283 orationem
1212 4229 1371 4283 illata
1414 4236 1546 4283 sunt
1589 4236 1824 4299 propter
1866 4246 2081 4284 errores
2129 4230 2367 4297 codicis,
2423 4230 2520 4298 qui
2557 4229 2688 4282 alibi
2724 4245 2822 4282 ne-

657 4313 898 4371 cessario
936 4314 1317 4382 corriguntur5
1372 4315 1704 4383 conquirere
1751 4332 1817 4369 ea
1851 4314 2213 4383 supersede03
2270 4315 2529 4383 exemplo
2565 4331 2683 4368 rem
2721 4329 2822 4366 no·

655 4399 889 4453 tandem
923 4399 1133 4467 putavi.
