3230 5282
645 600 768 654 Lib.
806 598 1006 655 XLIII.
1735 587 1859 650 668

645 772 876 837 mitia
954 771 1425 838 consulibus
1501 771 1928 857 rogandis,
2019 772 2298 838 ediderit
2373 772 2945 858 subrogandis,

644 879 808 946 Tum
853 875 1286 946 intolerabilis
1329 880 1469 946 haec
1506 886 1607 947 est
1640 881 1947 965 repetitio
1987 880 2407 947 substantivi:
2453 881 2786 947 comitia
2825 883 2951 949 ita

648 988 991 1068 edicere,
1039 993 1126 1053 ut
1157 1009 1428 1055 mense
1463 988 1857 1075 Ianluario
1893 990 2233 1056 comitia
2267 989 2553 1056 haberi
2586 998 2949 1075 possent.

649 1095 782 1163 Sed
823 1097 890 1161 in
935 1095 1158 1162 codice
1202 1117 1333 1163 non
1376 1096 1619 1181 legitur
1661 1097 1978 1178 haberi,
2048 1097 2164 1164 sed
2207 1104 2467 1164 tantum
2522 1105 2611 1164 ut
2674 1120 2951 1165 mense

646 1205 805 1271 Ian.
854 1205 1185 1270 comitia
1228 1212 1583 1289 possent.
1677 1205 2105 1274 Scribendum
2141 1213 2241 1272 est
2283 1207 2501 1290 igitur,
2544 1207 2679 1272 nisi
2720 1206 2952 1274 fallor:
3002 1237 3019 1242 ·

645 1322 730 1380 ut
775 1337 858 1380 m.
905 1314 955 1379 Ι.
1001 1312 1293 1378 confici
1347 1315 1775 1397 possent.¹)
1863 1315 2112 1382 Eodem
2179 1316 2393 1400 capite
2450 1314 2483 1398 ξ
2535 1320 2632 1395 11,
2678 1315 2797 1381 ubi
2841 1337 2956 1380 ex-

648 1423 932 1508 ponitur,
998 1423 1157 1506 quid
1220 1420 1423 1505 legati
1478 1443 1513 1488 e
1558 1422 1948 1489 Macedonia
2001 1424 2352 1490 redeuntes
2409 1424 2957 1505 renuntiaverint,

648 1532 741 1597 sic
785 1531 1126 1597 scribitur:
1200 1530 1722 1614 Ignominiam
1767 1519 2091 1598 Claudii
2134 1533 2613 1598 temeritate
2659 1553 2956 1618 accep-

648 1645 811 1704 tam
854 1638 1177 1704 elevare
1222 1660 1356 1705 eos
1404 1645 1682 1722 patres
1729 1646 2249 1724 acceperunt,
2306 1640 2439 1723 qui
2484 1662 2957 1726 perpaucos

648 1747 929 1813 Italici
973 1748 1296 1831 generis
1363 1782 1449 1793 —-
1512 1747 1626 1813 ibi
1682 1748 1991 1814 milites
2050 1749 2396 1814 amissos
2440 1749 2955 1816 referebant.

644 1856 705 1920 N
710 1877 794 1922 on
838 1876 918 1922 ex
963 1856 1107 1920 aliis
1152 1859 1380 1938 patres
1428 1855 1950 1940 comperiebant,
2006 1856 2259 1939 legatos
2329 1857 2755 1940 ignominiam
2811 1859 2957 1925 ele-

646 1985 800 2030 vare
846 1963 942 2047 (id
989 1969 1093 2029 est
1136 1969 1374 2042 autem,
1445 1965 1767 2049 accipere,
1835 1965 2121 2049 aliquem
2188 1964 2441 2049 aliquid
2495 1964 2760 2048 facere),
2830 1967 2955 2032 sed

647 2075 827 2156 ipsos
895 2093 1115 2138 coram
1181 2071 1571 2153 audiebant;
1639 2074 1870 2139 omitto
1938 2094 2099 2153 eoS,
2166 2074 2303 2159 qui
2370 2095 2566 2157 prave
2621 2073 2730 2139 hic
2796 2074 2964 2158 poni

651 2180 807 2261 (nisi
850 2180 1017 2245 forte
1064 2187 1368 2264 putamus
1415 2185 1638 2264 patres
1685 2202 1764 2246 ex
1806 2181 2047 2265 legatis
2094 2183 2457 2266 accepisse,
2517 2182 2681 2248 alios
2726 2184 2959 2248 nescio

651 2310 813 2372 quos
858 2289 1279 2371 ignominiam
1324 2288 1602 2371 elevare)
1652 2296 1719 2356 et
1763 2290 1829 2355 in
1875 2289 2000 2356 hac
2044 2297 2378 2356 structura
2412 2289 2695 2356 relativa
2727 2310 2962 2356 neces-

651 2397 897 2461 sarium
974 2397 1453 2461 coniunctivum
1532 2418 1677 2463 esse
1758 2396 2241 2481 (referrent).
2332 2398 2453 2463 His
2521 2397 2962 2464 incommodis

650 2503 1084 2584 medebimur,
1173 2506 1230 2578 si
1308 2506 1788 2590 scripserimus:
1880 2507 2413 2591 Ignominiam
2502 2541 2591 2552 —
2666 2505 2963 2569 elevari

652 2612 989 2696 [levari‘?
1041 2611 1231 2697 1876]
1278 2633 1360 2678 c·
1406 2620 1681 2698 patres
1726 2621 2233 2701 acceperunt,
2279 2615 2469 2693 qna
2511 2650 2599 2660 --
2641 2614 2960 2682 refere-

649 2722 844 2787 bant
889 2721 1038 2803 (hoc
1083 2729 1212 2789 est:
1275 2722 1474 2807 quod,
1541 2730 1615 2789 ut
1669 2724 2061 2804 referebant,
2128 2724 2322 2808 pauci
2387 2725 2610 2789 amissi
2678 2725 2957 2805 essent).

652 2829 998 2915 (Quippe
1046 2854 1165 2916 pro
1225 2833 1351 2917 qui
1406 2833 1628 2916 posito
1686 2853 1816 2897 non
1861 2833 2118 2898 tollitur
2159 2832 2391 2897 vitium
2435 2833 2503 2896 in
2549 2830 2653 2897 his
2700 2832 2959 2898 verbis:

650 2940 966 3005 elevare
1026 2961 1163 3006 eos
1220 2946 1762 3024 acceperunt.)
1851 2941 2159 3007 Extremo
2206 2941 2420 3025 capite
2468 2937 2529 3023 (ἓ
2582 2938 2687 3021 13)
2734 2940 2949 3007 miror

647 3056 889 3133 praeter
932 3048 1234 3115 lacunam
1277 3050 1602 3114 neminem
1648 3056 1944 3129 notasse,
2006 3047 2356 3115 admodum
2409 3048 2726 3114 inusitate
2784 3047 2957 3113 dici:

652 3156 1134 3222 sacerdotes
1210 3156 1416 3219 lutra
1482 3179 1654 3223 eum
1710 3179 1996 3223 annum
2052 3158 2385 3236 mortui,
2445 3178 2645 3241 quum
2700 3155 2963 3222 intelle—-

648 3272 841 3348 gatur
888 3286 979 3330 eo
1028 3287 1262 3331 anno.

821 3370 975 3457 Cap.
1031 3378 1126 3465 12,
1175 3377 1211 3438 3
1257 3373 1325 3438 in
1371 3373 1614 3439 codicis
1661 3375 2020 3459 scriptura.
2092 3396 2238 3459 quae
2298 3372 2381 3439 ab
2443 3372 2805 3439 editoribus
2851 3393 2964 3438 re·

646 3489 833 3546 tenta
878 3482 1016 3546 sine
1063 3481 1472 3547 dubitatione
1520 3488 1620 3546 est
1667 3482 2015 3565 (placuit
2070 3518 2156 3527 —
2216 3481 2563 3547 decerni.
2652 3480 2741 3546 In
2790 3479 2961 3545 Ma-

647 3590 1067 3655 cedoniam
1133 3589 2098 3674 peditum,Romanorum
2157 3590 2308 3671 cet.)
2358 3591 2592 3655 vitiose
2657 3588 2803 3654 duae
2847 3610 2961 3655 res

649 3700 715 3760 in
762 3719 964 3762 unum
1012 3697 1407 3777 conflantur3
1454 3699 1737 3782 primum
1783 3700 1954 3764 enim
2002 3708 2268 3765 senatus
2305 3697 2676 3764 consultum
2707 3697 2962 3763 factum

697 3958 740 4011 ‘)
781 3953 1103 4023 [Vahlenius
1140 3959 1200 4007 et
1225 3953 1480 4008 Hertzius
1515 3954 1965 4010 emendationem
2001 3971 2184 4010 meam
2219 3970 2391 4022 quum
2428 3951 2695 4008 adiuvare
2726 3953 2960 4019 vellent,

781 4045 1179 4110 corruperunt;
1220 4056 1350 4094 nam
1386 4046 1451 4094 ut
1486 4039 1678 4094 Livius
1732 4040 2022 4115 interdum
2072 4055 2237 4092 voces
2287 4039 2518 4118 easdem
2564 4039 2722 4093 brevi
2777 4040 2963 4109 spatio

784 4132 1038 4196 repetat,
1092 4143 1365 4195 nusquam
1413 4131 1602 4180 tamen
1656 4127 1737 4180 ita
1773 4143 1840 4180 ex
1878 4125 2186 4180 abundanti
2223 4125 2281 4177 in
2318 4125 2516 4178 vitium
2553 4124 2685 4189 ruit,
2724 4128 2788 4178 ut
2822 4124 2960 4180 scri·

781 4213 902 4264 bat:
962 4212 1249 4266 comitia
1283 4212 1386 4266 ita
1423 4212 1731 4279 edicere,
1770 4216 1842 4266 ut
1878 4210 2167 4266 comitia
2202 4209 2335 4263 illo
2391 4209 2619 4263 et‘illo
2656 4209 2767 4263 die
2804 4210 2961 4263 sint.

780 4297 976 4365 Itaque
1011 4315 1181 4366 prave
1221 4302 1583 4352 attrectatum
1621 4302 1724 4361 est,
1765 4298 1915 4366 quod
1952 4298 2011 4350 in
2048 4295 2243 4350 codice
2278 4299 2432 4349 recte
2468 4294 2765 4361 scribitur,
2801 4311 2958 4365 pos·

789 4389 962 4448 sent,
1000 4400 1171 4451 prave
1211 4389 1509 4447 servatum,
1548 4383 1700 4451 quod
1734 4400 1841 4451 pro
1880 4381 2139 4437 confici
2176 4398 2244 4435 ex
2279 4381 2568 4450 superiore
2598 4397 2765 4435 versu
2798 4396 2964 4450 prop·

786 4473 875 4520 ter
914 4468 1225 4534 primarum
1260 4468 1572 4521 litterarum
1609 4468 2032 4522 similitudinem
2061 4466 2360 4536 subrepsit,
2412 4466 2720 4520 comitia.
2790 4461 2961 4532 1864.]
