3230 5282
1821 620 1903 682 26

703 825 985 888 quorum
1027 806 1097 870 in
1142 807 1384 871 ceteris
1428 805 1684 870 nullum
1728 805 2076 888 vestigium
2123 811 2241 884 est,
2284 806 2466 871 velut
2510 805 2689 890 quod
2732 807 2801 870 in
2845 806 3020 872 libro

563 919 670 987 (24)
707 912 814 993 IV,
861 917 962 995 28,
1007 917 1045 977 2
1091 934 1212 997 pro
1256 916 1352 993 eo,
1397 914 1574 999 quod
1618 921 1797 980 recte
1843 913 2092 979 editur:
2160 914 2746 997 circumagenti
2790 936 2874 981 se
2919 916 3020 981 ad

701 1021 1079 1087 dissonos
1148 1022 1546 1088 clamores
1613 1044 1703 1088 ac
1772 1022 2095 1088 subitos
2160 1020 2565 1088 tumultus
2623 1023 2847 1089 hosti
2908 1023 3018 1103 (ex

698 1151 831 1215 quo
875 1131 939 1194 in
981 1130 1232 1195 PLlHl
1274 1131 1422 1195 aliis
1467 1128 1719 1197 factum
1763 1137 1867 1196 est
1910 1130 2178 1196 minima
2214 1130 2636 1196 aberratione
2681 1131 2843 1196 circ
2860 1153 3014 1196 um-

700 1245 1036 1321 agentes
1083 1239 1181 1304 ad
1226 1238 1408 1321 etc.)‚
1466 1240 1533 1304 in
1590 1239 1723 1305 illis
1768 1238 2026 1304 duobus
2072 1238 2231 1305 solis
2277 1238 2615 1305 codicibus
2666 1240 3009 1305 scribitur:

699 1336 1041 1429 agentes
1111 1347 1209 1412 ad
1275 1347 1657 1413 dissonos
1724 1347 2117 1413 clamores
2176 1367 2263 1412 ac
2321 1346 2645 1414 subitos
2706 1349 3011 1414 circum

698 1455 1101 1521 tumultus
1158 1455 1396 1520 hosti.
1497 1455 1734 1538 Itaque
1792 1462 2072 1540 uterque
2131 1456 2338 1521 codex
2379 1456 2823 1540 transcriptus
2868 1463 3014 1521 erat

697 1584 779 1627 ex
821 1585 952 1628 uno
1001 1585 1035 1628 e
1083 1564 1410 1629 communi
1456 1563 1814 1648 archetypo
1863 1569 2036 1643 orte,
2105 1569 2296 1628 tauta
2340 1565 2869 1648 propinquitate,
2936 1574 3009 1630 ut

695 1672 1058 1737 miraturus
1105 1693 1234 1737 non
1278 1671 1543 1751 fuerim,
1603 1673 1660 1737 si
1706 1672 1853 1756 quis
1899 1672 2274 1756 suspicatus
2320 1680 2514 1753 esset,
2568 1673 2788 1756 ipsum
2834 1673 3010 1738 codi-

695 1801 836 1845 cem
892 1780 1411 1846 Vormatiensem
1464 1781 1869 1847 Florentiam
1934 1781 2158 1864 aliquo
2225 1800 2383 1846 casu
2442 1780 2783 1846 devectum
2837 1804 3010 1847 nunc

693 1888 1063 1954 Mediceum
1117 1888 1472 1973 appellari3
1541 1889 1658 1954 sed
1715 1910 1859 1953 eam
1917 1889 2355 1972 suspicionem
2397 1888 2591 1955 facile
2635 1888 3010 1956 refellerent

693 1997 976 2063 minores
1046 1996 1300 2080 aliquot
1358 1998 1844 2081 discrepantiae,
1911 1996 2093 2062 velut
2159 1997 2325 2062 satis
2383 1999 2656 2082 insignis
2713 1999 2783 2063 iu
2837 1998 3007 2064 libro

693 2104 810 2184 IV,
872 2110 952 2169 32
1009 2106 1152 2170 init.
1201 2127 1351 2170 cum
1409 2107 1554 2189 ipso
1600 2105 2072 2170 communionis
2116 2104 2359 2170 indicio
2406 2106 2788 2188 coniuncta3
2854 2128 3008 2171 nam

693 2213 1034 2278 adnotatio
1083 2213 1462 2297 marginalis
1497 2212 1733 2278 horum
1770 2212 2068 2278 codicum
2106 2214 2375 2297 propria
2409 2214 2504 2278 sic
2543 2215 3008 2298 interponitur,

694 2328 769 2386 ut
822 2322 893 2386 in
947 2320 1015 2385 M
1072 2327 1393 2405 praeterea
1459 2322 1852 2386 omittantur
1907 2319 2108 2385 verba
2165 2321 2450 2403 ingens
2508 2327 2682 2387 erat
2738 2324 3007 2388 accito

693 2430 1099 2506 exercitu,
1169 2449 1313 2513 quae
1368 2430 1436 2494 in
1481 2429 1786 2494 Rhenani
1842 2435 2062 2507 erant,
2127 2427 2363 2513 bisque
2422 2436 2712 2512 ponatur
2767 2431 3006 2496 abeis

693 2537 764 2620 (a
807 2537 1093 2619 Veiis);
1161 2537 1382 2621 plures
1442 2558 1534 2602 eae
1583 2536 2039 2620 discrepantiae
2086 2544 2339 2617 essent,
2406 2539 2462 2602 si
2509 2539 2748 2622 saepius
2795 2546 2863 2605 et
2909 2539 3006 2604 di·

696 2648 1000 2712 stinctius
1058 2646 1411 2712 Rhenanus
1472 2645 1717 2711 codicis
1777 2647 2142 2729 scripturas
2198 2647 2546 2731 posuisset.
2661 2647 2790 2714 Sed
2844 2670 3006 2731 quo-

691 2757 870 2822 niam
904 2755 1205 2820 Rhenani
1252 2755 1455 2821 codex
1499 2776 1654 2819 raro
1701 2760 2274 2834 commemoratur,
2321 2761 2390 2820 et
2434 2756 2768 2840 separatio
2812 2756 3007 2821 huius

694 2865 924 2948 stirpis
971 2885 1012 2928 a
1056 2865 1292 2929 ceteris
1339 2869 1406 2928 et
1449 2866 1758 2928 universa
1799 2864 2173 2947 proprietas
2216 2863 2475 2947 plenius
2522 2864 2893 2948 clariusque
2937 2864 3008 2929 in

692 2995 822 3039 uno
867 2972 935 3037 M
982 2973 1421 3037 demonstrari
1466 2978 1707 3056 potest.
1819 2971 2036 3055 Atque
2098 2970 2185 3035 ad
2245 2963 2718 3038 seiunctionem
2776 2972 3004 3056 stirpis

693 3080 1162 3146 declarandam
1247 3079 1411 3145 nihil
1493 3080 1704 3163 magis
1782 3080 2202 3164 perspicuum
2283 3100 2425 3145 esse
2502 3087 2727 3164 potest
2805 3102 3004 3164 quam

691 3189 1243 3274 transpositiones
1321 3189 1464 3253 duae
1529 3188 1838 3253 foliorum
1905 3188 2192 3274 aliquot,
2276 3209 2556 3274 quarum
2630 3189 2698 3254 in
2767 3190 3003 3255 ceteris

691 3297 943 3363 nullum
990 3304 1093 3363 est
1135 3297 1501 3379 vestigium.
1585 3297 1753 3360 Nam
1799 3318 1944 3381 quae
1990 3317 2032 3361 a
2077 3296 2246 3363 libro
2283 3297 2423 3376 VII,
2472 3303 2532 3375 4,
2580 3301 2617 3360 6
2665 3295 3001 3378 (naturae

693 3407 1058 3472 damnum
1104 3404 1256 3486 cet.)
1304 3404 1389 3469 ad
1440 3409 1536 3483 14,
1582 3409 1622 3468 8
1668 3403 1924 3488 (quam
1969 3404 2065 3470 ab
2114 3427 2194 3472 se
2240 3427 2328 3472 ac
2371 3405 2483 3487 —)
2529 3405 2861 3488 leguntur,
2918 3425 2999 3471 ea

691 3515 759 3578 in
802 3514 870 3579 M
916 3534 1033 3579 suo
1094 3513 1237 3579 loco
1297 3513 1541 3577 omissa
1595 3512 1739 3594 (ubi
1782 3515 1851 3578 in
1896 3514 2190 3598 margine
2234 3514 2596 3579 recentiore
2641 3535 2839 3578 manu
2886 3513 3002 3579 ad-

691 3629 993 3690 notatur:
1063 3643 1216 3687 non
1276 3621 1708 3686 continuat
1762 3644 2043 3688 novum
2089 3630 2169 3689 et
2213 3622 2552 3687 multum
2598 3621 2999 3704 deficit)¹)

692 3738 925 3816 postea
977 3730 1487 3813 interponuntur
1540 3729 1607 3793 in
1665 3750 1808 3813 cap.
1857 3735 1972 3811 25,
2030 3736 2072 3795 4
2124 3732 2301 3796 inter
2357 3729 2645 3815 syllabas
2699 3730 3002 3796 vocabuli

691 3839 805 3904 An
848 3874 935 3884 —
978 3838 1255 3918 tiatis;
1326 3858 1468 3922 quae
1528 3845 1750 3903 autem
1806 3838 1977 3904 libro
2023 3838 2116 3903 IX
2161 3837 2470 3921 leguntur
2514 3859 2555 3902 a
2599 3860 2742 3923 cap.
2794 3842 2901 3919 14,
2960 3843 2998 3903 2

693 3946 1016 4029 (audita
1058 3945 1421 4030 perinde)
1466 3968 1678 4030 usque
1723 3947 1809 4012 ad
1852 3946 2048 4012 finem
2093 3967 2235 4030 cap.
2271 3950 2350 4010 22
2393 3946 2766 4029 (Plistica
2809 3947 3000 4033 per),

693 4076 774 4120 ea
829 4056 1047 4122 omnia
1099 4055 1428 4121 translata
1485 4062 1641 4120 sunt
1696 4056 1763 4119 in
1820 4076 1962 4140 cap.
2023 4059 2138 4135 40,
2195 4057 2307 4134 20,
2367 4054 2621 4122 divulso
2678 4055 2998 4123 vocabulo

752 4337 796 4404 ¹)
832 4337 1166 4392 Recentiore
1199 4354 1371 4391 manu
1402 4335 1526 4389 haec
1563 4338 1776 4403 scripta
1809 4350 1932 4388 esse
1964 4334 2019 4388 h.
2056 4335 2093 4388 l.
2128 4335 2516 4392 Alschefskius
2552 4352 2670 4390 non
2704 4334 2860 4404 dicit,
2897 4337 3000 4392 sed

831 4423 904 4477 ad
938 4423 1061 4477 libr.
1098 4423 1192 4490 IX,
1235 4425 1315 4489 14,
1364 4424 1398 4475 2
1434 4420 1673 4475 similem
1711 4419 2137 4475 adnotationem
2175 4428 2375 4491 quarta
2407 4440 2579 4477 manu
2617 4421 2742 4490 (nec
2779 4422 2998 4478 librarii

830 4526 934 4564 nec
969 4508 1139 4579 primi
1177 4508 1477 4562 alteriusve
1514 4504 1873 4574 correctoris)
1907 4507 2177 4577 scriptam
2214 4525 2338 4564 esse
2375 4509 2470 4563 ait.
