3230 5282
1433 589 1552 650 703
2289 603 2412 657 Lib.
2449 603 2647 658 XLIV.

338 777 439 840 ad
517 775 1192 859 contemplandos
1268 772 1737 854 transitus),
1820 775 2152 854 viderunt,
2234 781 2310 840 ut
2377 776 2648 841 verbum

338 906 547 950 unum
594 891 709 949 aut
755 883 1042 949 alterum
1086 883 1443 962 excideret,
1514 904 1716 966 quum
1773 883 2145 949 huiusmodi
2211 883 2446 949 fuisset
2504 907 2649 950 ora·

344 994 543 1058 tionis
588 992 831 1058 forma:
881 993 1024 1057 His
1072 992 1535 1076 exploratis
1572 991 1731 1054 alla
1769 1013 2083 1076 quoque
2133 993 2437 1056 novavit
2484 994 2643 1073 (velt

344 1105 423 1166 in
469 1101 756 1166 melius
802 1098 1207 1181 mutavit);
1254 1101 1623 1184 primum,
1683 1107 1772 1164 ut
1840 1100 2124 1165 ordine
2190 1137 2275 1146 —
2319 1102 2649 1180 fierent,

343 1209 728 1295 providit.
824 1208 1155 1292 [Ceterum
1223 1210 1525 1293 suppleta
1595 1209 1891 1273 oratione
1969 1209 2118 1274 illa
2195 1209 2479 1276 fortasse
2546 1234 2651 1276 re-

340 1319 539 1383 tineri
584 1339 776 1401 posse
810 1317 1311 1400 Wesenbergius
1357 1324 1536 1381 recte
1582 1315 1881 1399 monuit]
1960 1318 2175 1401 Atque
2219 1319 2392 1384 idem
2437 1321 2502 1383 in
2549 1322 2651 1398 iis,

345 1449 490 1512 quae
536 1435 899 1509 sequuntur
947 1424 1007 1508 (ἓ
1057 1429 1143 1507 6),
1189 1426 1440 1491 factum
1487 1446 1629 1490 esse
1678 1425 1963 1504 videtur,
2021 1426 2136 1491 sed
2194 1428 2520 1509 apertiore
2569 1428 2648 1493 de

346 1557 565 1600 causa.
653 1534 821 1600 Nam
869 1542 942 1599 ut
985 1555 1160 1599 nunc
1208 1534 1460 1599 editur:
1529 1533 1689 1598 Ubi
1752 1534 2118 1600 omnibus
2178 1535 2413 1599 simul
2472 1557 2649 1618 pro-

344 1645 896 1720 nuntiaretur,
946 1641 1156 1724 quod
1203 1642 1478 1721 fieret,
1524 1663 1779 1725 neque
1827 1664 2091 1708 omnes
2138 1644 2647 1724 exaudirent,

343 1754 661 1817 incerto
729 1752 1076 1834 imperio
1146 1759 1511 1835 accept0,
1581 1750 1792 1815 alios
1858 1787 1942 1796 —
2000 1752 2181 1836 plus
2250 1774 2372 1831 eo,
2442 1754 2650 1836 quod

344 1862 830 1944 imperatum
887 1861 1024 1935 sit,
1096 1859 1304 1923 alios
1361 1861 1621 1924 minus
1687 1857 1997 1939 facere,-
2065 1859 2149 1939 id,
2218 1860 2393 1942 quod
2438 1863 2653 1926 minus

345 1975 526 2034 recte
571 1969 876 2034 instituto
925 1967 1205 2032 efficitur
1264 1970 1366 2047 (ut
1424 1989 1556 2032 non
1618 1987 1839 2032 omnes
1886 1967 2289 2051 exaudiant),
2356 1970 2453 2034 ita
2508 1972 2671 2034 cum*

346 2079 496 2161 ipso
566 2078 870 2142 instituto
940 2077 1388 2158 coniungitur,
1446 2083 1519 2140 ut
1563 2075 1933 2158 tautologia
1975 2083 2309 2142 nascatur.
2400 2077 2650 2162 Itaque,

349 2208 547 2269 quum
616 2187 682 2249 in
753 2185 978 2250 codice
1044 2206 1175 2249 non
1243 2184 1735 2249 exaudirent
1801 2185 1918 2263 sit,
1998 2184 2113 2249 sed
2193 2186 2645 2266 exaudiret,
2685 2197 2837 2265 (584)

351 2294 572 2358 Livius
619 2294 704 2358 ad
749 2292 920 2358 hanc
974 2292 1249 2358 formam
1319 2293 1662 2376 scripsisse
1718 2293 2003 2358 videtur:
2071 2290 2223 2357 Ubi
2291 2294 2657 2360 omnibus

349 2402 589 2467 simul
636 2403 1352 2486 pronuntiaretur,
1400 2402 1615 2484 quod
1661 2400 1936 2480 fieret,
1985 2420 2224 2479 nequ
2270 2402 2476 2465 clarc
2532 2424 2656 2467 ne·

350 2531 506 2592 que
556 2531 827 2575 omnes
877 2510 1298 2590 exaudire3
1346 2512 1661 2575 incerto
1707 2511 2050 2593 imperio
2089 2517 2425 2594 accepto
2462 2510 2656 2577 alios

360 2624 487 2683 cet.
579 2616 737 2699 (cfr.
786 2639 838 2684 o.
891 2622 987 2699 36,
1035 2618 1120 2702 7.)

534 2726 687 2810 Cap.
762 2731 860 2807 34,
932 2733 968 2792 5
1037 2733 1214 2792 recte
1280 2727 1570 2792 Kochius
1639 2727 1991 2804 intellexit,
2050 2749 2252 2810 quum
2308 2730 2374 2792 in
2434 2728 2658 2794 codice

360 2845 564 2900 esset:
636 2835 843 2901 illos
894 2834 1190 2918 (milites)
1239 2836 1442 2900 nihil
1511 2835 1813 2919 quodid
1870 2835 2224 2900 futurum
2283 2837 2389 2900 sit
2448 2856 2656 2918 quae-

356 2965 534 3008 rere
580 2944 714 3009 ubi
764 2944 1035 3008 datum
1080 2945 1396 3025 signum
1444 2945 1550 3008 sit
1607 2950 1767 3007 tum
1835 2943 2267 3008 militarem
2334 2965 2656 3027 operam

358 3052 628 3132 (navare
675 3052 961 3133 debere),
1007 3052 1125 3116 sub
1172 3051 1286 3117 illo
1335 3052 1667 3135 quodid,
1713 3072 1830 3134 pro
1877 3068 2006 3133 quo
2056 3050 2371 3135 Grynaeus
2417 3050 2658 3117 substi-

356 3170 582 3226 tuerat
638 3161 879 3244 quod,
949 3161 1156 3226 latere
1222 3180 1446 3225 vocem
1502 3160 2036 3242 interrogationis
2095 3159 2175 3224 de
2220 3166 2515 3242 tempore
2560 3160 2659 3223 in-

361 3269 600 3349 dicem3
672 3268 1080 3351 significatur
1138 3270 1310 3333 enim
1354 3268 1595 3333 milites
1663 3289 1920 3351 semper
1964 3268 2050 3332 ad
2094 3266 2456 3331 navandam
2507 3288 2656 3351 ope-

358 3399 503 3441 ram
548 3384 818 3461 paratos
866 3372 1007 3442 esse
1054 3376 1310 3457 debere,
1355 3379 1670 3461 temporis
1719 3376 2045 3441 delectum
2087 3377 2467 3459 imperatori
2511 3396 2657 3459 per-

361 3487 643 3550 mittere.
736 3485 863 3550 Sed
909 3485 1084 3567 quod
1131 3484 1449 3568 quando
1497 3486 1779 3568 scripsit,
1828 3491 2048 3568 potest
2093 3484 2366 3567 propius
2424 3482 2657 3553 adco-

360 3593 573 3658 dicem
632 3593 884 3672 accedi,
942 3603 1018 3657 ut
1063 3594 1151 3657 sit
1214 3591 1420 3657 nihil
1488 3613 1644 3675 quo
1694 3593 1850 3672 die,
1897 3613 2030 3657 una
2072 3593 2297 3658 littera
2343 3599 2659 3670 correcta,

361 3722 506 3784 quae
554 3702 914 3785 depravata
958 3706 1076 3781 est,
1124 3719 1323 3784 quum
1369 3703 1408 3764 d
1452 3701 1762 3766 librarius
1809 3701 1893 3766 ad
1928 3702 2212 3786 priorem
2256 3721 2478 3766 vocem
2520 3707 2657 3767 tra·

356 3810 567 3874 xisset
594 3809 772 3893 (quo
813 3808 1005 3889 die);
1033 3815 1100 3873 et
1124 3810 1341 3874 acrius
1365 3809 1491 3874 hoc
1516 3816 1621 3874 est
1643 3830 1838 3891 quam
1863 3808 2201 3892 quando.
2239 3808 2481 3892 (1864.)
2528 3808 2659 3873 Eo-

359 3917 505 3982 dem
530 3915 1116 4000 capite§9omissi
1139 3917 1411 3982 alterius
1435 3917 2087 3998 verbi(cerneret
2111 3939 2229 4001 pro
2253 3939 2380 3982 cer
2404 3921 2659 3995 neret,

359 4024 638 4105 sciret)
684 4031 882 4090 tenue
942 4032 1248 4109 superest
1301 4027 1369 4090 in
1416 4025 1637 4090 codice
1683 4026 1993 4090 indicium
2040 4025 2224 4108 (qui,
2270 4047 2397 4090 non
2444 4024 2657 4108 quis)

357 4132 474 4197 sed
519 4133 695 4216 quod
742 4134 905 4199 satis
953 4135 1068 4212 sit,
1128 4134 1437 4216 quoniam
1481 4135 1547 4198 in
1596 4134 1911 4216 primaria
1957 4134 2284 4197 sententia
2328 4132 2388 4196 h.
2437 4132 2477 4196 1.
2524 4155 2657 4197 non

354 4247 535 4306 recte
594 4241 923 4306 diceretur
982 4249 1360 4306 cerneret
1427 4263 1543 4325 pro
1610 4238 2142 4323 intellegeret
2199 4247 2316 4305 aut
2370 4243 2655 4311 sciret,

361 4348 443 4413 de
490 4351 873 4414 coniectura
918 4371 997 4414 ex
1040 4349 1238 4415 rebus
1286 4351 1438 4414 visis
1486 4358 1683 4433 capta
1729 4348 1973 4429 (1864).

530 4455 685 4541 Cap.
735 4461 833 4537 35,
882 4464 949 4522 4:
1022 4457 1175 4523 Sub
1243 4458 1452 4523 idem
1518 4448 1839 4538 tempus
1896 4455 2191 4520 Rhodii
2257 4456 2510 4540 legati
2576 4457 2659 4521 in
