3230 5282
1443 594 1566 656 653
2211 672 2224 688 ‚
2320 606 2444 664 Lib.
2481 608 2655 664 xm.

343 778 679 845 restitutio
713 778 966 844 incerta
1011 786 1139 858 est3
1184 776 1424 844 fuitne:
1473 776 1819 863 depulso
1865 778 2100 845 hoste
2136 778 2485 863 (impetu,
2533 780 2656 845 de·

348 885 592 969 pulsa
643 887 746 966 vi)
804 888 1104 952 muris?
1195 885 1256 969 [ξ
1305 892 1342 951 6
1398 907 1530 952 non
1587 886 1850 967 dubito,
1912 888 2069 972 quin
2126 909 2432 973 perverse
2479 888 2656 954 dica-

345 1000 461 1060 tur
505 1015 628 1061 nec
674 1016 715 1059 a
758 994 939 1061 Livio
984 996 1299 1080 scriptum
1346 995 1464 1060 sit:
1511 996 1847 1062 incenso
1894 996 2186 1081 oppido
2234 995 2655 1081 profectus

346 1103 448 1169 ad
492 1102 996 1169 Phalannam
1041 1110 1315 1169 castra
1359 1105 1640 1185 movit3
1698 1125 1907 1188 neque
1953 1105 2127 1170 enim
2175 1111 2454 1171 castra
2496 1127 2656 1170 mo-

347 1212 497 1292 vit,
571 1212 745 1296 quod
812 1218 879 1277 et
921 1212 1185 1296 proprie
1244 1218 1311 1277 et
1364 1233 1490 1278 usu
1556 1213 1773 1297 ipsum
1840 1214 2094 1279 itineris
2160 1214 2419 1279 initium
2482 1221 2548 1279 et
2616 1235 2657 1279 a

346 1322 573 1404 priore
616 1320 760 1386 loco
808 1320 1168 1386 discessum
1231 1319 1581 1403 significat,
1643 1322 1990 1407 participio
2056 1320 2486 1406 profectus
2550 1342 2657 1388 su-

347 1428 628 1512 peraddi
674 1434 894 1513 potest
937 1435 1276 1513 tamquam
1332 1430 1448 1494 viae
1491 1436 1788 1496 tenorem
1841 1430 2160 1497 indicans.
2251 1431 2386 1495 Aut
2448 1429 2650 1513 igitur

343 1538 413 1603 in
471 1538 724 1602 movit
768 1557 952 1603 error
1009 1543 1111 1602 est
1159 1538 1552 1623 scripsitque
1607 1538 1832 1604 Livius
1891 1538 1975 1604 ad
2035 1537 2310 1605 eandem
2353 1538 2651 1618 formam,

347 1667 557 1730 quam
603 1666 655 1710 c.
706 1649 805 1725 61,
859 1650 964 1710 11:
1011 1654 1341 1730 postero
1388 1646 1515 1711 die
1570 1646 1991 1731 profectus
2047 1645 2236 1713 inde
2295 1646 2392 1712 ad
2436 1646 2653 1731 Mop-

349 1754 615 1821 selum
659 1753 917 1837 posuit
963 1761 1261 1835 castra,
1333 1762 1445 1820 aut
1489 1775 1688 1839 prave
1733 1755 2032 1821 additum
2077 1762 2176 1821 est
2231 1752 2654 1838 profectus

347 1862 436 1928 ad
484 1862 988 1941 declarandum,
1057 1863 1214 1945 quid
1269 1869 1445 1928 esset
1502 1872 1722 1928 castra
1764 1883 2051 1944 movere,
2108 1861 2657 1948 quemadmodum

347 1970 581 2051 XLIV,
629 1974 687 2050 2,
733 1976 792 2035 4.
875 1969 914 2053 ’ἓ
966 1975 1042 2035 10
1086 1978 1384 2056 apparet,
1432 1971 1805 2037 necessario
1853 1972 2198 2055 geminatis
2247 1972 2501 2037 duabus
2545 1972 2662 2036 lit-v

346 2080 516 2145 teris
577 2080 646 2144 is
702 2077 1075 2145 addendum
1142 2100 1281 2145 esse
1341 2079 1582 2161 (Ossae
1642 2081 1960 2145 montis.
2047 2079 2125 2145 Is
2185 2100 2346 2164 qua
2390 2079 2541 2161 cet.)
2587 2081 2653 2144 in

347 2188 644 2253 transitu
691 2188 1005 2253 orationis
1052 2187 1137 2252 ad
1179 2209 1414 2254 novam
1457 2209 1595 2253 rem
1630 2189 1921 2272 proxime
1955 2187 2378 2253 nominatam.
2443 2186 2654 2271 1864]

531 2294 686 2380 Cap.
736 2300 836 2375 55,
886 2300 952 2360 5:
1024 2295 1299 2376 (Consul
1344 2295 1703 2378 Romanus)
1776 2297 1976 2361 satis
2042 2297 2196 2360 iam
2260 2295 2655 2362 refectum

347 2404 693 2470 militem
747 2401 847 2469 ad
902 2403 1264 2470 Larisam
1323 2405 1564 2470 ducit.
1636 2404 1826 2470 Inde
1873 2426 2113 2487 quum
2157 2404 2321 2469 tria
2364 2404 2655 2485 millia,

348 2515 611 2577 ferme
657 2511 992 2578 abesset
1036 2534 1079 2577 a
1122 2513 1441 2598 Tripoli
1487 2512 1807 2595 (Scaeam
1851 2512 2191 2594 vocant),
2228 2534 2469 2597 super
2510 2512 2656 2577 Pe-

349 2643 588 2689 neum
634 2641 936 2688 amnem
981 2622 1267 2706 posuit
1313 2629 1606 2688 castra.
1695 2621 2109 2688 Perbreviter
2153 2620 2372 2687 Livius
2416 2621 2654 2688 Roma-

347 2752 471 2797 nos
533 2730 862 2809 Larisam,
933 2736 1134 2813 caput
1188 2731 1383 2796 huius
1428 2729 1785 2797 Thessaliae
1841 2731 2084 2815 partis,
2143 2730 2469 2813 ingressos
2517 2751 2663 2796 esse

348 2846 416 2904 et
460 2837 645 2903 ultra
686 2839 1088 2923 processisse
1136 2837 1498 2923 significat3
1567 2839 1803 2904 deinde
1869 2845 2092 2904 castra
2158 2845 2477 2922 quantum
2547 2837 2662 2903 ab-

347 2946 603 3012 fuerint
648 2966 689 3012 a
730 2946 878 3013 loco
926 2946 1221 3030 ignobili,
1291 2945 1469 3026 dicit,
1526 2946 1755 3013 utilius
1802 2946 2282 3024 declaraturus,
2341 2952 2663 3029 quantum

350 3057 409 3121 is
456 3057 604 3139 ipse
648 3054 830 3121 locus
876 3075 917 3119 a
959 3055 1303 3121 notissima
1345 3054 1508 3119 urbe
1554 3054 1842 3120 abesset.
1932 3055 2136 3138 Atqui
2179 3053 2249 3119 id
2294 3054 2510 3137 ipsum
2555 3052 2661 3117 Li-

352 3165 501 3228 vius
558 3162 748 3244 fecit,
812 3184 945 3229 non
1000 3164 1068 3227 in
1123 3164 1332 3246 ipsam
1389 3163 1619 3229 urbem
1667 3162 1963 3228 Larisam
2009 3162 2392 3245 pervenisse*
2424 3162 2664 3228 Roma-

350 3292 470 3337 nos
517 3289 826 3336 narrans:
871 3271 1069 3337 Inde
1116 3271 1185 3352 (a
1228 3271 1519 3353 Larissa)
1568 3292 1803 3354 quum
1847 3271 2015 3336 tria
2071 3269 2349 3335 millia
2408 3269 2659 3336 ferme

352 3380 694 3445 abesset
754 3378 924 3461 (cod.
986 3379 1325 3462 adesse),
1374 3380 1461 3443 acl
1519 3378 1915 3464 Tripolim
1975 3377 2297 3462 (Scaeam
2341 3376 2658 3461 vocant)

348 3523 438 3534 —
484 3488 764 3573 posuit
818 3494 1130 3554 castra.
1223 3486 1534 3554 Senserat
1580 3488 1944 3554 Gronovius
1988 3507 2233 3568 verum,
2278 3508 2409 3553 non
2456 3487 2659 3573 expli-

351 3604 656 3678 caverat3
701 3597 923 3678 itaque
968 3619 1159 3663 nemo
1206 3596 1559 3664 obsecutus
1605 3595 1796 3679 est.¹)
1885 3595 2196 3661 Extremo
2245 3596 2461 3679 capite
2511 3594 2574 3680 (ἓ
2621 3600 2660 3660 8

351 3712 421 3771 et
465 3703 556 3786 9),
601 3704 716 3770 ubi
764 3704 1016 3785 Livius,
1077 3726 1274 3788 quam
1333 3705 1566 3789 exigua
1636 3705 2015 3771 Graecorum
2082 3704 2329 3769 auxilia
2393 3703 2659 3784 fuerint,

352 3815 644 3898 exponit,
693 3813 788 3879 sic
848 3815 918 3880 in
978 3816 1199 3883 codice
1263 3814 1604 3878 scribitur:
1649 3813 2100 3879 AEtolorum
2165 3811 2367 3878 male
2413 3814 2658 3879 unius

350 3923 627 3987 instar
671 3925 1057 4005 quantum
1104 3920 1202 3986 ad
1259 3928 1441 3987 tota
1481 3928 1725 4005 gente
1783 3922 2142 4007 equitem
2202 3928 2377 3988 erat
2421 3942 2658 3986 vene-

401 4214 451 4283 ι)
490 4213 522 4284 §
558 4217 592 4268 ¹7
628 4220 685 4270 et
719 4218 754 4270 8
789 4233 904 4271 non
940 4216 1224 4286 eleganter
1267 4220 1356 4270 ter
1398 4217 1631 4285 ponitur
1677 4215 2075 4271 Chalcidem
2110 4243 2179 4254 —
2216 4213 2554 4272 Chalcide
2587 4242 2656 4253 —

492 4299 850 4370 Chalcide;
892 4302 1033 4357 nihil
1067 4306 1259 4356 tamen
1292 4302 1656 4370 movendum;
1693 4319 1796 4357 nec
1831 4319 1933 4371 per
1969 4318 2028 4356 se
2064 4301 2245 4356 altero
2289 4300 2414 4356 loco
2452 4301 2655 4355 vitiose

488 4388 734 4456 ponitur.
791 4385 1048 4443 Eodem
1082 4387 1260 4441 miror
1295 4387 1814 4443 Weissenbornium
1850 4403 1968 4441 non
2003 4385 2317 4442 attendisse
2353 4385 2547 4441 referri
2584 4385 2656 4440 ad

491 4477 678 4528 castra
710 4472 966 4529 Romana
1001 4470 1074 4527 ad
1108 4471 1399 4543 Tripolim.
1871 4486 1878 4496 ·
