3230 5282
704 1463 1584 1550 EMENDATIONPM
1646 1468 2342 1551 LIVLANARUM
2706 1493 2848 1558 (361)

1265 1632 1454 1686 PARS
1493 1631 1776 1686 TERTIA

369 1770 496 1830 um
542 1771 810 1832 mutu
855 1771 1028 1832 ”CH
1071 1774 1103 1832 A
1149 1771 1433 1832 mmm
1481 1771 1644 1832 mlo
1688 1772 1757 1832 Ab
1798 1772 2240 1842 Qnunczslltl
2281 1772 2672 1834 mmmm

1368 1874 1676 1935 cosmus,

1318 2145 1731 2207 numum.

369 2273 651 2388 Quartae
695 2315 862 2379 Livii
919 2315 1238 2379 librorum
1299 2314 1599 2392 decadiS‚
1656 2315 1779 2379 hoc
1825 2325 1958 2392 est,
2020 2322 2428 2381 servatorum
2474 2316 2674 2380 libro-

367 2443 510 2486 rum
557 2426 801 2502 tertiae,
860 2423 1120 2487 codices
1167 2423 1469 2503 vulgares
1515 2429 1757 2506 praeter
1801 2445 2205 2488 communem
2252 2446 2517 2488 summae
2564 2424 2674 2488 de-

367 2532 773 2612 pravationis
854 2530 1072 2595 labem
1151 2530 1865 2613 interpolationemque
1946 2553 2022 2595 eo
2102 2553 2362 2614 quoque
2431 2532 2672 2597 indicio

369 2637 904 2704 manifestissimo
972 2641 1038 2703 in
1104 2661 1306 2704 unum
1375 2660 1637 2721 gregem
1696 2638 2151 2719 includuntur,
2218 2639 2394 2722 quod
2455 2662 2677 2705 omnes

368 2743 538 2810 libro
603 2749 940 2812 tricesimo
1009 2748 1206 2811 tertio
1280 2752 1508 2811 carent
1564 2752 1630 2811 et
1688 2746 1841 2827 (nisi
1900 2749 2074 2828 quis,
2140 2754 2215 2811 ut
2270 2769 2438 2811 unus
2495 2749 2674 2831 apud

370 2853 980 2920 Drakenborchium
1043 2856 1196 2919 Loxa
1261 2858 1330 2931 3,
1398 2855 1526 2917 iam
1585 2854 1787 2936 paulo
1844 2862 1996 2918 ante
2055 2854 2322 2934 desinit)
2384 2862 2676 2919 extrema

368 2969 554 3043 parte
609 2961 761 3025 libri
819 2962 1308 3045 quadragesimi
1365 2962 1517 3026 inde
1574 2983 1613 3024 a
1672 2983 1725 3025 c.
1789 2965 1896 3039 37,
1957 2967 2014 3026 3.
2137 2962 2237 3025 Ab
2295 2962 2418 3026 hac
2479 2962 2674 3026 turba

368 3067 497 3132 duo
545 3077 941 3153 separantur
984 3070 1262 3147 codiceS‚
1321 3070 1434 3152 qui
1480 3069 1761 3133 salutem
1808 3070 1960 3133 huic
2005 3071 2167 3134 Livii
2215 3070 2390 3152 parti
2437 3069 2677 3133 attule-

367 3184 546 3243 runt.
600 3176 1025 3260 Moguntinus
1075 3184 1142 3241 et
1186 3176 1716 3258 BambergensiS.
1824 3177 1953 3240 Sed
2002 3178 2082 3241 de
2128 3178 2354 3241 codice
2399 3177 2675 3260 Mogun·

365 3284 504 3348 tino
562 3283 668 3363 (ex
724 3285 1129 3350 bibliotheca
1177 3284 1334 3348 aedis
1381 3283 1839 3364 cathedralis),
1908 3285 2219 3368 quoniam
2276 3292 2426 3369 post
2474 3306 2675 3350 saecu-

365 3390 497 3455 lum
546 3401 802 3457 sextum
852 3393 1177 3457 decimum
1223 3414 1350 3456 non
1399 3393 1788 3475 comparuit,
1846 3398 2101 3455 tantum
2151 3394 2410 3472 scimuS‚
2469 3414 2675 3475 quan-

365 3505 502 3564 tum
550 3502 832 3583 primum
879 3500 1020 3564 Nic.
1071 3498 1476 3565 Carbachius
1522 3508 1589 3564 et
1634 3498 2063 3582 Wolfgangus
2110 3500 2442 3583 Angustus
2492 3500 2676 3582 (eno-

365 3612 511 3670 tata
580 3608 646 3670 in
716 3607 844 3673 fine
915 3608 1225 3673 editionis
1292 3607 1457 3670 Livii
1525 3607 1927 3688 Moguntinze
1994 3629 2051 3670 a.
2128 3612 2322 3684 1518,
2406 3609 2472 3672 in
2543 3630 2675 3690 qua

363 3716 642 3796 primum
723 3716 874 3779 hinc
953 3717 1280 3798 posterior
1357 3715 1509 3779 libri
1579 3714 1858 3778 XXXIII
1927 3736 2083 3797 pars
2153 3715 2489 3799 descripta
2556 3724 2672 3793 est,

364 3823 705 3905 scripturae
763 3825 1113 3901 varietate,
1182 3844 1301 3905 pro
1362 3822 1537 3886 illius
1597 3824 1812 3886 aetatis
1872 3823 2138 3886 modulo
2198 3825 2491 3906 copiose,
2559 3824 2673 3888 sed

362 3930 624 3994 minime
692 3931 774 3994 ad
843 3938 1086 3995 nostrae
1156 3932 1372 3995 aetatis
1438 3930 1648 4013 legem
1719 3936 1837 3993 aut
1904 3929 2095 4012 plene
2163 3937 2281 3994 aut
2337 3930 2673 4012 distincte)

362 4037 795 4116 tradiderunt,
843 4037 1079 4102 deinde
1117 4036 1247 4119 sig.
1275 4038 1586 4103 Gelenius
1634 4037 1773 4119 (qui
1820 4039 1884 4100 in
1933 4038 2222 4102 editione
2258 4038 2674 4102 Frobeniana

363 4164 422 4207 a.
488 4148 649 4208 1535
709 4146 932 4210 codice
993 4147 1137 4229 ipse
1196 4167 1342 4209 cum
1400 4147 1665 4227 egregio
1722 4144 1943 4208 fructu
2003 4166 2161 4210 usus
2222 4152 2350 4224 est,
2421 4152 2486 4209 et
2542 4168 2671 4210 non

360 4272 572 4333 pauca
596 4274 636 4316 a
660 4251 1028 4317 Carbachio
1065 4255 1306 4318 omissa
1340 4254 1618 4331 addidit,
1658 4274 1787 4317 non
1825 4259 1999 4316 recte
2027 4253 2243 4336 posita
2266 4252 2670 4335 correxit).¹)

414 4438 465 4503 ¹)
503 4438 798 4493 Carbachii
835 4441 1128 4509 scripturae
1168 4440 1592 4494 adnotationem
1621 4438 1975 4507 Kreyssigius
2018 4440 2075 4492 in
2104 4439 2239 4493 edit.
2261 4438 2392 4491 libri
2424 4437 2669 4491 XXXIII

492 4526 854 4592 repetendam
894 4526 1128 4579 curavit.
