3230 5282
513 603 637 657 Lib.
673 603 845 657 xxv.
1166 670 1173 678 ,
1609 590 1735 652 364

515 797 687 840 nem
742 780 1041 841 vocata
1085 774 1635 858 inopiamque,
1682 796 1848 858 quae
1890 775 2056 860 ipsi
2099 775 2317 840 inter
2360 795 2439 839 se
2484 772 2831 842 fremere

494 883 823 976 ¹occulti
913 882 1152 949 soliti
1226 888 1492 963 erant,
1585 884 2059 966 conquesti,
2154 904 2629 967 quamquam
2704 890 2834 951 tot

515 992 726 1057 mala
801 996 1228 1075 urgerent,
1317 999 1724 1075 negarunt
1799 990 2214 1056 fortunam
2291 993 2832 1059 accusandam

516 1106 638 1166 cet.
754 1099 863 1164 Sic
918 1099 1003 1179 P;
1071 1100 1140 1163 in
1172 1099 1345 1164 'aliis
1403 1099 1746 1165 codicibus
1805 1100 2066 1165 dicitur*
2105 1121 2244 1165 esse
2302 1101 2830 1185 inopiamque

515 1230 672 1292 qua
716 1215 836 1273 aut
879 1228 1138 1290 quam3
1185 1206 1376 1291 vulgo
1425 1207 1783 1273 edebatur:
1832 1209 2380 1293 inopiamque,
2426 1230 2597 1292 qua,
2644 1209 2829 1275 abla-

515 1318 650 1382 tivo
697 1317 955 1399 inepto;
1020 1314 1599 1382 Weissenbornius
1656 1316 1997 1379 iniurias
2052 1317 2598 1401 inopiamque,
2661 1338 2829 1401 quae

515 1425 802 1509 scripsit.
906 1423 1341 1489 Scribendum
1388 1430 1560 1489 erat:
1622 1425 1980 1508 inopiam
2025 1446 2359 1508 quaeque
2405 1426 2568 1508 ipsi
2614 1425 2832 1491 inter

513 1557 592 1600 se
650 1533 738 1599 fr.
789 1533 1108 1600 occulte
1169 1532 1325 1613 (non
1383 1530 1720 1614 occulti)
1779 1532 2014 1599 soliti
2075 1538 2338 1613 erant,
2397 1534 2829 1616 conquesti

513 1650 637 1709 cet.
744 1643 1096 1725 Quaeque
1143 1647 1209 1706 et
1253 1662 1581 1725 quequae
1628 1641 1693 1704 in
1740 1640 2071 1720 codicum,
2131 1642 2330 1706 etiam
2375 1642 2445 1721 P,
2501 1643 2834 1725 scriptura

513 1752 679 1816 nihil
724 1772 959 1835 reapse
1007 1748 1342 1815 differunt.
1447 1747 1706 1831 (XXVI,
1773 1753 1867 1829 12,
1930 1753 2005 1812 15
2062 1748 2114 1812 P
2172 1746 2604 1833 famesquae
2663 1772 2830 1835 que,

521 1865 628 1939 19,
702 1865 779 1924 10
846 1879 1183 1942 quequae
1251 1878 1292 1922 a
1357 1856 1757 1937 PuteoliS,
1826 1860 1940 1937 22,
2007 1863 2046 1921 4
2114 1859 2827 1943 centuriamquaeq.

518 1968 764 2033 Contra
808 1968 858 2031 P
905 1968 971 2031 in
1018 1966 1256 2031 ceteris
1303 1971 1369 2029 et
1413 1967 1481 2029 in
1530 1964 1677 2029 edd.
1726 1969 2016 2029 erratum
2064 1972 2166 2030 est
2209 1965 2483 2046 XXVII,
2545 1970 2640 2047 13,
2701 1969 2828 2050 11.)

345 2088 486 2154 (298)
522 2077 833 2142 Extremo
881 2075 1096 2158 capite
1133 2073 1194 2156 (ξ
1220 2072 1286 2155 9)
1320 2074 1561 2138 lacuna
1607 2074 1702 2138 sic
1745 2073 1883 2138 fere
1929 2072 2257 2158 explenda
2303 2080 2434 2139 est:
2482 2077 2549 2140 si
2594 2078 2830 2143 simul

516 2186 922 2250 liberatas
980 2182 1074 2247 ab
1131 2180 1733 2265 impotentibus
1792 2183 2166 2266 tyrannis
2212 2184 2619 2264 Syracusas
2664 2204 2828 2249 esse

516 2302 587 2357 et
632 2293 1032 2375 applicare
1076 2310 1152 2353 se
1196 2291 1547 2354 Romanis
1592 2291 2210 2374 apparuisset.¹)

691 2399 848 2484 Cap.
898 2404 1010 2478 31,
1082 2403 1118 2461 '7
1188 2398 1282 2481 (in
1337 2397 1639 2464 Marcelli
1712 2398 1798 2464 ad
1856 2398 2309 2483 Syracusanos
2372 2399 2629 2467 deditos
2685 2423 2831 2468 ora-

517 2508 755 2590 tione):
835 2508 1009 2573 Sibi
1092 2508 1436 2572 omnium
1518 2506 1887 2572 laborum
1953 2506 2680 2592 periculorumque
2743 2545 2832 2555 —

464 2616 472 2625 ’
516 2625 673 2683 tam
733 2616 870 2682 diu
917 2604 1505 2681 exhaustorum
1550 2635 2061 2699 nequaquam
2106 2622 2433 2682 tantum
2476 2616 2829 2684 fructum

517 2747 720 2806 esse,
767 2725 975 2809 quod
1022 2745 1316 2808 capere
1363 2723 1817 2808 Syracusas
1863 2725 2297 2807 potuisset.
2390 2725 2589 2791 Nullo
2634 2727 2829 2791 modo

516 2841 827 2901 tantum
874 2832 1174 2899 absolute
1222 2854 1341 2916 pro
1395 2832 1601 2898 satis
1649 2854 1929 2915 magno
1978 2833 2188 2916 accipi
2218 2839 2441 2916 potest
2471 2834 2829 2918 (quomodo

513 2941 1087 3009 Weissenbornius
1132 2962 1440 3006 enarrare
1487 2940 1826 3022 conatur);
1880 2961 2093 3022 neque
2136 2939 2278 3005 haec
2323 2963 2539 3025 operae
2583 2930 2833 3008 frustra

516 3057 790 3135 sumptae
848 3050 1231 3132 conquestio
1278 3048 1576 3114 Marcelli
1635 3069 1932 3133 personae
1990 3055 2106 3113 aut
2160 3050 2444 3132 tempori
2507 3052 2828 3116 convenit.

512 3159 923 3224 Exciderunt
991 3158 1194 3223 verba
1261 3157 1547 3242 aliquot,
1617 3178 1820 3239 quum
1889 3158 1957 3221 in
2013 3157 2186 3221 hanc
2242 3156 2378 3221 fere
2435 3160 2830 3224 sententiam

571 3431 616 3496 ¹)
656 3427 808 3498 [Cap.
848 3431 939 3495 29,
985 3431 1036 3495 6,
1085 3429 1192 3482 etsi
1230 3446 1345 3482 uon
1379 3445 1506 3483 raro
1542 3429 1738 3483 Livius
1777 3446 1842 3482 ea
1878 3429 2265 3499 implicatione
2301 3428 2702 3482 sententiarum
2738 3445 2823 3482 re-

649 3515 951 3568 lativarum
990 3519 1048 3568 et
1083 3531 1242 3568 casus
1279 3514 1628 3583 pronominis
1664 3513 1736 3568 ad
1772 3514 2019 3583 priorem
2062 3514 2399 3568 sententiam
2439 3513 2829 3567 accommoda-

649 3600 830 3666 tione,
885 3599 955 3652 dc
1000 3616 1112 3668 qua
1154 3616 1387 3668 gramm.
1422 3599 1546 3654 Lat.
1583 3597 1617 3669 ξ
1653 3602 1757 3654 445
1791 3600 2041 3669 exposui,
2078 3600 2269 3664 utitur,
2307 3604 2494 3652 tamen
2538 3600 2662 3654 hoec
2708 3616 2832 3653 ora-

651 3685 821 3739 tionis
857 3683 1060 3738 forma:
1106 3685 1413 3754 posteris
1452 3703 1727 3754 quoque
1767 3703 1906 3739 eam
1943 3683 2181 3751 (urbem)
2221 3685 2623 3753 spectaculo
2662 3701 2828 3753 esse,

651 3787 779 3839 quo
825 3769 1145 3839 quisquis
1192 3776 1401 3838 terra,
1460 3770 1783 3840 quisquis
1820 3770 1987 3824 mari
2034 3770 2334 3836 venerit,
2373 3787 2549 3824 nuuc
2586 3776 2831 3825 nostra

648 3883 717 3893 —
752 3861 1044 3925 tropaea,
1108 3873 1286 3910 nuuc
1342 3861 1457 3909 tua
1500 3885 1571 3894 —
1619 3855 1977 3920 ostendat,
2034 3855 2094 3908 in
2144 3872 2256 3924 qua
2304 3872 2333 3908 e
2379 3873 2507 3924 quo
2557 3856 2830 3911 adverbio

649 3940 723 3995 ad
749 3941 1021 3996 venerit
1050 3940 1474 3995 accommodato
1508 3940 1815 3994 eruendum
1842 3944 1929 3994 est
1959 3941 2271 3994 subiectum
2291 3941 2450 3994 verbi
2482 3959 2515 3995 o
2533 3942 2831 4006 stendat,

652 4025 845 4095 (quse,
900 4026 1221 4095 quisquis
1260 4043 1335 4079 eo
1374 4024 1521 4093 cet.),
1571 4027 1740 4080 nimis
1789 4025 1929 4079 dura
1967 4026 2100 4079 olim
2138 4026 2279 4079 mihi
2326 4024 2626 4079 videbatur
2660 4026 2831 4095 scrip·

650 4113 833 4182 sique:
881 4127 1051 4181 quae,
1089 4110 1404 4180 quisquis
1451 4115 1556 4164 cet.
1639 4101 1800 4164 Nunc
1839 4109 2016 4176 (1876)
2052 4111 2278 4165 mallem
2329 4115 2630 4178 retentum,
2677 4109 2830 4178 quod

648 4197 920 4251 traditum
965 4202 1098 4250 erat.
1171 4196 1379 4262 (Minus
1416 4201 1572 4250 recte
1609 4197 1680 4249 ab
1718 4197 1841 4250 aliis
1878 4213 2005 4264 quo
2044 4196 2377 4261 enarratur.)
2431 4195 2696 4249 Proxima
2731 4195 2830 4249 in-

648 4283 1088 4350 columesque
1131 4308 1200 4318 —
1246 4280 1481 4335 tradas
1528 4283 1608 4335 sic
1654 4281 1849 4336 Livius
1906 4280 2192 4349 adiungit,
2261 4281 2424 4350 quasi
2480 4297 2652 4349 supra
2697 4285 2832 4350 post

649 4385 844 4437 quam
891 4368 1126 4422 verbum
1171 4367 1483 4433 addiderit,
1540 4367 1737 4421 sinas
1784 4367 1871 4420 vel
1920 4363 2204 4434 iubeas]
2279 4366 2408 4435 Cap.
2446 4368 2530 4432 30,
2571 4368 2631 4417 11
2680 4381 2831 4419 nunc

648 4453 847 4520 editur,
885 4452 1358 4522 quemadmodum
1394 4452 1452 4504 in
1473 4450 1673 4522 Opusc.
1696 4451 1749 4505 11
1786 4470 1837 4521 p.
1860 4452 1964 4506 362
2001 4451 2361 4505 scribendum
2402 4466 2524 4505 esse
2560 4449 2829 4502 dixeram.
