3230 5282
472 623 596 687 Lib.
631 634 830 691 xxw.
1569 629 1693 689 330

481 809 785 891 posit01)
853 811 1234 877 adverbium
1291 815 1752 897 praepositiove
1822 835 1972 878 cum
2029 834 2187 879 casu
2245 822 2362 880 aut
2419 837 2612 881 casus
2669 837 2784 881 no-

477 918 701 999 miniS,
771 940 900 1002 quo
970 920 1365 985 adiectivum
1421 921 1922 1005 participiumve
1982 921 2320 999 definitur,
2388 925 2783 1007 interposito

482 1025 928 1107 substantivo,
983 1028 1071 1092 ad
1116 1028 1291 1113 quod
1337 1028 1729 1094 adiectivum
1773 1031 2088 1113 pertinet,
2148 1038 2491 1115 separetur
2535 1053 2784 1115 proque

477 1156 572 1215 eo,
619 1135 799 1218 quod
834 1142 936 1201 est
980 1137 1298 1202 moenia
1342 1137 1511 1203 late
1558 1138 1913 1203 disiecta
1947 1138 2145 1219 (m.d.
2173 1138 2242 1220 l.)
2278 1146 2396 1205 aut
2431 1139 2784 1205 disiecta

477 1244 647 1309 late
698 1244 768 1326 (l.
816 1242 907 1324 d.)
953 1245 1296 1323 moenia,
1368 1245 1628 1311 dicatur
1686 1245 1853 1311 late
1912 1248 2230 1312 moenia
2274 1248 2626 1313 disiecta
2671 1256 2786 1313 aut

417 1400 421 1404 -
487 1353 702 1417 rarius
793 1352 886 1434 (in
964 1353 1276 1419 adverbio
1367 1354 1472 1417 vix
1538 1354 1858 1435 uuquam)
1939 1355 2406 1420 constituta
2485 1357 2784 1421 civitas

480 1461 845 1544 legibus,
904 1482 1034 1543 quo
1082 1462 1175 1539 fit,
1236 1468 1311 1526 ut
1355 1460 1551 1544 paulo
1596 1463 1844 1527 maiore
1889 1462 2177 1545 pondere
2225 1485 2412 1529 voces
2461 1471 2784 1547 separatae

483 1570 950 1653 insigniantur,
1020 1590 1413 1655 quamquam
1483 1592 1777 1653 persaepe
1844 1571 1910 1635 id
1968 1571 2224 1654 pondus
2280 1573 2385 1635 vix
2444 1583 2781 1656 appareat.

480 1677 759 1758 (Eadem
794 1676 1020 1757 forma,
1057 1678 1173 1744 sed
1209 1700 1331 1743 usu
1368 1680 1813 1744 communiore
1838 1679 2013 1762 apud
2038 1680 2303 1745 Graecos
2328 1702 2449 1763 pro
2476 1702 2571 1757 ec,
2611 1680 2787 1761 quod

481 1794 609 1853 est:
679 1792 738 1850 αἱ
789 1793 884 1849 ὑπ’
931 1791 1199 1863 Αἰσχίνου
1253 1790 1525 1867 εἰρημέναι
1568 1794 1933 1867 βλασφημίαι,
2004 1787 2132 1851 dici
2191 1789 2389 1852 etiam
2445 1793 2503 1849 αἳ
2546 1793 2640 1849 ὑπ’
2687 1792 2783 1850 Αἱ·

481 1904 675 1972 σχίνου
739 1904 1077 1976 βλασφημίαι
1144 1899 1411 1977 εἰρημέναι
1480 1904 1598 1961 aut
1666 1901 1722 1957 αἱ
1788 1900 2054 1977 εἰρημέναι
2123 1905 2460 1976 βλασφημίαι
2525 1901 2620 1957 ὑπ’
2692 1901 2789 1958 Αἶ-

482 2013 694 2081 aldrov,
738 2011 965 2070 notum
1011 2011 1144 2084 est3
1190 2025 1246 2068 v,
1287 2002 1466 2088 Synt.
1503 2009 1733 2069 nostra
1780 2005 1889 2068 Gr.
1926 2002 1958 2085 ξ
2007 2011 2044 2067 9
2092 2026 2132 2068 a
2175 2027 2236 2068 n.
2282 2004 2364 2086 1.)
2445 2004 2568 2068 Hic
2615 2004 2792 2088 apud

491 2112 763 2178 Latinos
833 2112 1179 2177 verborum
1250 2112 1410 2176 ordo
1480 2112 1793 2194 quoniam
1857 2132 1990 2177 non
2048 2112 2183 2177 fere
2241 2111 2789 2177 animadvertitur

482 2221 917 2286 adnotaturve
973 2226 1040 2284 et
1092 2220 1424 2285 interdum
1482 2239 1628 2284 cum
1685 2218 1854 2285 fictis
1914 2220 2082 2286 alius
2140 2222 2399 2305 generis
2456 2222 2791 2286 traiectio·

481 2329 678 2393 nibus
725 2328 1175 2408 confunditur,
1243 2328 1541 2411 primum>
1587 2329 1885 2411 exempla
1929 2329 2204 2395 Liviana
2248 2329 2356 2394 hic
2402 2349 2792 2412 componere

482 2436 718 2519 placet.
831 2436 1193 2519 Separatur
1258 2436 1460 2518 igitur
1514 2436 1631 2502 illo
1692 2436 1886 2502 modo
1949 2443 2068 2502 aut
2121 2437 2534 2516 adverbium,
2602 2442 2678 2502 ut
2744 2437 2791 2515 I,

486 2549 599 2622 53,
660 2549 699 2608 4
744 2544 1091 2623 (minime
1137 2552 1314 2609 arte
1360 2545 1773 2626 Romana),
1831 2543 1914 2624 11,
1974 2549 2076 2624 20,
2124 2550 2163 2609 8
2211 2544 2470 2626 (tanto
2516 2545 2589 2609 vi
2634 2565 2792 2609 ma·

485 2655 684 2733 iore,
741 2651 856 2718 cfr.
905 2653 1101 2733 XXV,
1159 2657 1260 2732 26,
1324 2653 1450 2733 12),
1512 2653 1619 2732 VI,
1679 2659 1736 2732 9,
1786 2658 1822 2719 7
1872 2653 2102 2738 (aegre
2149 2654 2597 2738 oppidanos
2643 2653 2799 2718 vim

486 2798 568 2807 —
614 2763 1040 2842 arcentes),
1098 2761 1237 2840 VII,
1294 2766 1351 2841 8,
1412 2768 1451 2825 4
1499 2761 1685 2841 (tam
1728 2763 1942 2828 vires
1989 2762 2274 2846 pares),
2331 2761 2628 2841 XXVIII,
2690 2766 2791 2843 23,

488 2877 557 2951 3,
614 2870 986 2949 XXXVIII,
1045 2873 1155 2949 20,
1214 2874 1270 2950 6,
1326 2869 1517 2950 XLV,
1565 2875 1665 2948 37,
1713 2876 1770 2950 5,
1831 2877 1947 2936 aut
1992 2872 2373 2954 praepositio
2421 2891 2568 2935 cum
2616 2891 2793 2950 casu,

483 2980 663 3045 velut
708 2981 755 3059 1,
805 2984 904 3059 39,
955 2983 992 3043 5
1029 2978 1563 3063 (quacumque
1611 2978 1702 3043 de
1749 2999 1995 3044 causa
2038 2987 2322 3044 tantus
2368 2978 2498 3043 illi
2543 2979 2793 3044 honos

487 3089 884 3171 habitus),
950 3087 1043 3165 ΙΙ,
1102 3093 1219 3167 41,
1276 3092 1315 3152 8
1361 3085 1534 3171 (pro
1584 3085 1861 3152 Siculo
1919 3087 2324 3152 frumento
2374 3087 2794 3169 pecuniam

486 3196 959 3280 acceptam),
1021 3195 1140 3274 VI,
1200 3201 1300 3273 23,
1361 3201 1401 3259 4
1447 3194 1618 3280 (per
1665 3217 1747 3261 se
1792 3196 1947 3260 iam
1994 3196 2301 3260 milites
2348 3195 2794 3275 incitatos),

485 3305 607 3385 IX,
664 3311 767 3384 45,
830 3308 928 3383 11,
988 3302 1186 3382 XXV,
1250 3307 1346 3382 17,
1406 3307 1465 3380 6,
1521 3302 1753 3382 XXVI,
1810 3307 1913 3382 24,
1970 3307 2008 3365 2
2056 3303 2164 3384 (in
2220 3303 2469 3368 Italia
2526 3324 2794 3368 rerum

487 3411 1079 3492 secundarum),
1139 3410 1445 3489 XXVIII,
1506 3418 1575 3488 5,
1643 3416 1717 3475 17
1780 3412 1886 3491 (in
1943 3410 2473 3476 altitudinem
2528 3412 2792 3495 iugen-

486 3528 640 3587 tem
699 3520 1153 3585 cacuminis
1212 3517 1473 3599 editi),
1543 3518 1758 3598 XXX,
1830 3523 1942 3597 37,
2013 3523 2051 3583 6
2098 3518 2268 3602 (per
2313 3521 2628 3601 priores
2673 3519 2793 3583 in-

489 3629 767 3694 dutias
824 3648 1069 3692 naves
1128 3628 1524 3692 onerariae
1571 3628 1870 3709 captae),
1927 3627 2163 3705 XXXI,
2227 3632 2322 3704 13,
2384 3631 2441 3704 4,
2499 3625 2792 3702 XXXIV,

490 3741 602 3815 29,
686 3742 755 3801 11
846 3734 1082 3816 (haud
1160 3735 1443 3817 procul
1521 3735 1920 3800 distantis
1999 3735 2291 3800 tumuli
2371 3735 2465 3801 ab
2533 3734 2792 3816 urbe),

489 3843 781 3921 XXXVI,
840 3848 940 3921 27,
1001 3847 1058 3920 6,
1117 3843 1477 3922 XXXVIII,
1541 3849 1640 3923 50,
1697 3850 1736 3907 4
1785 3843 2068 3925 (maius
2129 3850 2205 3908 et
2262 3864 2430 3908 cum
2486 3843 2793 3907 maiore

489 4017 855 4024 ————.—.—-
874 4018 951 4022 ἰ

546 4117 592 4182 ¹)
630 4115 784 4170 Nihil
827 4116 975 4169 enim
1013 4116 1085 4170 ad
1119 4117 1265 4171 hanc
1300 4134 1419 4171 rem
1461 4117 1709 4185 pertinet
1743 4115 2105 4185 participium
2141 4116 2213 4170 ad
2250 4116 2479 4169 verbum
2516 4120 2795 4184 spectans,

628 4202 782 4256 velut
827 4200 1161 4256 audacter
1205 4218 1429 4271 regem
1464 4207 1882 4270 pugnantem
1919 4200 2111 4254 videt
2146 4200 2289 4268 (fere
2325 4218 2429 4269 pro
2464 4200 2794 4269 pugnare)

626 4303 806 4356 neque
860 4285 1093 4341 ablativi
1146 4287 1414 4352 absoluti,
1478 4287 1636 4341 velut
1688 4287 1790 4340 ita
1841 4287 2046 4341 rebus
2103 4286 2349 4356 gestis,
2413 4303 2539 4353 quoe
2592 4303 2792 4353 perva-

626 4379 758 4443 gata
802 4377 956 4438 sunt,
1013 4389 1084 4426 ne
1127 4373 1404 4427 eiusmodi
1449 4372 1676 4441 quidem
1722 4371 2002 4441 exempla,
2057 4372 2226 4440 quale
2263 4378 2373 4425 est:
2428 4371 2581 4425 Haec
2619 4370 2790 4423 Ver·

628 4458 824 4527 ginio
862 4457 1277 4513 vociferanti
1317 4459 1792 4513 succlamabat
1828 4456 2215 4511 multitudo
2251 4455 2388 4523 (111,
2426 4458 2510 4522 50,
2553 4458 2654 4521 10).
