<?xml version="1.0" encoding="UTF-8"?>
<!DOCTYPE html PUBLIC "-//W3C//DTD XHTML 1.0 Transitional//EN"
    "http://www.w3.org/TR/xhtml1/DTD/xhtml1-transitional.dtd">
<html xmlns="http://www.w3.org/1999/xhtml" xml:lang="en" lang="en">
 <head>
  <title>
</title>
<meta http-equiv="Content-Type" content="text/html;charset=utf-8" />
  <meta name='ocr-system' content='tesseract 3.04.00' />
  <meta name='ocr-capabilities' content='ocr_page ocr_carea ocr_par ocr_line ocrx_word'/>
</head>
<body>
  <div class='ocr_page' id='page_1' title='image "./emendationesliv03madvgoog_0377.png"; bbox 0 0 3230 5282; ppageno 0'>
   <div class='ocr_carea' id='block_1_1' title="bbox 1477 627 2695 696">
    <p class='ocr_par' dir='ltr' id='par_1_1' title="bbox 1477 627 2695 696">
     <span class='ocr_line' id='line_1_1' title="bbox 1477 627 2695 696; baseline 0.005 -8"><span class='ocrx_word' id='word_1_1' title='bbox 1477 627 1599 689; x_wconf 83' lang='lat'>363</span> <span class='ocrx_word' id='word_1_2' title='bbox 2360 640 2488 696; x_wconf 86' lang='lat' dir='ltr'><strong>Lib.</strong></span> <span class='ocrx_word' id='word_1_3' title='bbox 2522 632 2695 695; x_wconf 84' lang='lat' dir='ltr'>XXV.</span> 
     </span>
    </p>
   </div>
   <div class='ocr_carea' id='block_1_2' title="bbox 374 810 2862 4574">
    <p class='ocr_par' dir='ltr' id='par_1_2' title="bbox 374 810 2862 2199">
     <span class='ocr_line' id='line_1_2' title="bbox 548 810 2694 898; baseline 0 -21"><span class='ocrx_word' id='word_1_4' title='bbox 548 810 703 896; x_wconf 88' lang='lat' dir='ltr'>Cap.</span> <span class='ocrx_word' id='word_1_5' title='bbox 763 816 877 885; x_wconf 86' lang='grc'>22,</span> <span class='ocrx_word' id='word_1_6' title='bbox 934 818 1003 892; x_wconf 86' lang='grc'>4,</span> <span class='ocrx_word' id='word_1_7' title='bbox 1071 811 1187 876; x_wconf 87' lang='lat' dir='ltr'>ubi</span> <span class='ocrx_word' id='word_1_8' title='bbox 1246 811 1492 877; x_wconf 87' lang='lat' dir='ltr'>editur:</span> <span class='ocrx_word' id='word_1_9' title='bbox 1578 818 1666 877; x_wconf 90' lang='lat' dir='ltr'>ut</span> <span class='ocrx_word' id='word_1_10' title='bbox 1737 814 2252 898; x_wconf 74' lang='lat' dir='ltr'><strong>conquisitio</strong></span> <span class='ocrx_word' id='word_1_11' title='bbox 2320 814 2694 879; x_wconf 90' lang='lat' dir='ltr'>volonum</span> 
     </span>
     <span class='ocr_line' id='line_1_3' title="bbox 375 920 2726 1007; baseline -0 -19"><span class='ocrx_word' id='word_1_12' title='bbox 375 922 625 988; x_wconf 86' lang='lat' dir='ltr'>fieret</span> <span class='ocrx_word' id='word_1_13' title='bbox 676 922 894 1004; x_wconf 90' lang='lat' dir='ltr'>iique</span> <span class='ocrx_word' id='word_1_14' title='bbox 952 921 1047 986; x_wconf 90' lang='lat' dir='ltr'>ad</span> <span class='ocrx_word' id='word_1_15' title='bbox 1102 921 1338 1003; x_wconf 89' lang='lat' dir='ltr'>signa</span> <span class='ocrx_word' id='word_1_16' title='bbox 1399 921 2044 1002; x_wconf 73' lang='lat' dir='ltr'>reducerentur,</span> <span class='ocrx_word' id='word_1_17' title='bbox 2105 944 2309 1007; x_wconf 92' lang='lat' dir='ltr'>quum</span> <span class='ocrx_word' id='word_1_18' title='bbox 2366 924 2433 988; x_wconf 90' lang='lat' dir='ltr'>in</span> <span class='ocrx_word' id='word_1_19' title='bbox 2477 920 2530 986; x_wconf 93' lang='lat' dir='ltr'>P</span> <span class='ocrx_word' id='word_1_20' title='bbox 2575 943 2726 1005; x_wconf 70' lang='lat' dir='ltr'>pro,</span> 
     </span>
     <span class='ocr_line' id='line_1_4' title="bbox 374 1029 2700 1114; baseline -0.001 -18"><span class='ocrx_word' id='word_1_21' title='bbox 374 1030 630 1097; x_wconf 89' lang='lat' dir='ltr'>fieret</span> <span class='ocrx_word' id='word_1_22' title='bbox 694 1030 917 1114; x_wconf 92' lang='lat' dir='ltr'>iique</span> <span class='ocrx_word' id='word_1_23' title='bbox 977 1031 1066 1094; x_wconf 85' lang='lat' dir='ltr'>sit</span> <span class='ocrx_word' id='word_1_24' title='bbox 1118 1029 1543 1114; x_wconf 89' lang='lat' dir='ltr'>fiertique,</span> <span class='ocrx_word' id='word_1_25' title='bbox 1602 1030 2118 1097; x_wconf 86' lang='lat' dir='ltr'>Forchhammer</span> <span class='ocrx_word' id='word_1_26' title='bbox 2171 1030 2498 1098; x_wconf 72' lang='lat' dir='ltr'>intellexit</span> <span class='ocrx_word' id='word_1_27' title='bbox 2540 1030 2700 1096; x_wconf 90' lang='lat' dir='ltr'>scri-</span> 
     </span>
     <span class='ocr_line' id='line_1_5' title="bbox 374 1137 2698 1223; baseline 0 -19"><span class='ocrx_word' id='word_1_28' title='bbox 374 1139 665 1205; x_wconf 90' lang='lat' dir='ltr'>bendum</span> <span class='ocrx_word' id='word_1_29' title='bbox 709 1159 886 1204; x_wconf 90' lang='lat' dir='ltr'>esse:</span> <span class='ocrx_word' id='word_1_30' title='bbox 947 1137 1188 1203; x_wconf 79' lang='lat' dir='ltr'>fieret</span> <span class='ocrx_word' id='word_1_31' title='bbox 1232 1139 1713 1223; x_wconf 74' lang='lat' dir='ltr'>repertique.</span> <span class='ocrx_word' id='word_1_32' title='bbox 1826 1138 2074 1205; x_wconf 83' lang='lat' dir='ltr'>Oculus</span> <span class='ocrx_word' id='word_1_33' title='bbox 2117 1140 2187 1205; x_wconf 93' lang='lat' dir='ltr'>in</span> <span class='ocrx_word' id='word_1_34' title='bbox 2233 1161 2315 1206; x_wconf 89' lang='lat' dir='ltr'>er</span> <span class='ocrx_word' id='word_1_35' title='bbox 2348 1139 2698 1206; x_wconf 87' lang='lat' dir='ltr'>aberravit.</span> 
     </span>
     <span class='ocr_line' id='line_1_6' title="bbox 377 1245 2862 1334; baseline -0.002 -22"><span class='ocrx_word' id='word_1_36' title='bbox 377 1246 625 1329; x_wconf 94' lang='grc'>(1862.)</span> <span class='ocrx_word' id='word_1_37' title='bbox 704 1245 737 1329; x_wconf 65' lang='grc' dir='ltr'><strong>ἓ</strong></span> <span class='ocrx_word' id='word_1_38' title='bbox 784 1250 853 1311; x_wconf 82' lang='lat'>8:</span> <span class='ocrx_word' id='word_1_39' title='bbox 902 1246 1028 1312; x_wconf 89' lang='lat' dir='ltr'>Ita</span> <span class='ocrx_word' id='word_1_40' title='bbox 1070 1245 1236 1311; x_wconf 91' lang='lat' dir='ltr'>tria</span> <span class='ocrx_word' id='word_1_41' title='bbox 1277 1247 1671 1329; x_wconf 83' lang='lat' dir='ltr'>praetoria</span> <span class='ocrx_word' id='word_1_42' title='bbox 1716 1249 1939 1314; x_wconf 90' lang='lat' dir='ltr'>circa</span> <span class='ocrx_word' id='word_1_43' title='bbox 1983 1246 2330 1334; x_wconf 82' lang='lat' dir='ltr'>Capuam</span> <span class='ocrx_word' id='word_1_44' title='bbox 2378 1254 2679 1329; x_wconf 91' lang='lat' dir='ltr'>erecta,</span> <span class='ocrx_word' id='word_1_45' title='bbox 2722 1253 2862 1321; x_wconf 82' lang='grc'>(297)</span> 
     </span>
     <span class='ocr_line' id='line_1_7' title="bbox 378 1353 2701 1442; baseline 0.001 -22"><span class='ocrx_word' id='word_1_46' title='bbox 378 1363 547 1421; x_wconf 86' lang='lat' dir='ltr'>tres</span> <span class='ocrx_word' id='word_1_47' title='bbox 596 1353 727 1437; x_wconf 86' lang='lat' dir='ltr'>[et]</span> <span class='ocrx_word' id='word_1_48' title='bbox 776 1355 1194 1419; x_wconf 83' lang='lat' dir='ltr'>exercitus</span> <span class='ocrx_word' id='word_1_49' title='bbox 1242 1354 1599 1420; x_wconf 86' lang='lat' dir='ltr'>diversis</span> <span class='ocrx_word' id='word_1_50' title='bbox 1645 1356 2029 1441; x_wconf 89' lang='lat' dir='ltr'>partibus</span> <span class='ocrx_word' id='word_1_51' title='bbox 2075 1379 2276 1442; x_wconf 90' lang='lat' dir='ltr'>opus</span> <span class='ocrx_word' id='word_1_52' title='bbox 2323 1357 2701 1441; x_wconf 82' lang='lat' dir='ltr'>adgressi</span> 
     </span>
     <span class='ocr_line' id='line_1_8' title="bbox 374 1461 2699 1550; baseline 0 -21"><span class='ocrx_word' id='word_1_53' title='bbox 374 1469 498 1529; x_wconf 90' lang='lat' dir='ltr'>cet.</span> <span class='ocrx_word' id='word_1_54' title='bbox 608 1461 849 1529; x_wconf 87' lang='lat' dir='ltr'>Notavi</span> <span class='ocrx_word' id='word_1_55' title='bbox 916 1462 1312 1548; x_wconf 80' lang='lat' dir='ltr'>particulam</span> <span class='ocrx_word' id='word_1_56' title='bbox 1385 1484 1688 1547; x_wconf 87' lang='lat' dir='ltr'>pravam,</span> <span class='ocrx_word' id='word_1_57' title='bbox 1760 1466 1822 1530; x_wconf 91' lang='lat' dir='ltr'>si</span> <span class='ocrx_word' id='word_1_58' title='bbox 1891 1487 2013 1550; x_wconf 92' lang='lat' dir='ltr'>pro</span> <span class='ocrx_word' id='word_1_59' title='bbox 2089 1466 2334 1531; x_wconf 90' lang='lat' dir='ltr'>etiam</span> <span class='ocrx_word' id='word_1_60' title='bbox 2393 1466 2699 1549; x_wconf 88' lang='lat' dir='ltr'>accipias,</span> 
     </span>
     <span class='ocr_line' id='line_1_9' title="bbox 376 1571 2704 1657; baseline 0.001 -21"><span class='ocrx_word' id='word_1_61' title='bbox 376 1572 773 1657; x_wconf 85' lang='lat' dir='ltr'>praviorem,</span> <span class='ocrx_word' id='word_1_62' title='bbox 840 1571 896 1635; x_wconf 92' lang='lat' dir='ltr'>si</span> <span class='ocrx_word' id='word_1_63' title='bbox 954 1577 1127 1637; x_wconf 90' lang='lat' dir='ltr'>tres</span> <span class='ocrx_word' id='word_1_64' title='bbox 1187 1575 1267 1635; x_wconf 89' lang='lat' dir='ltr'>et</span> <span class='ocrx_word' id='word_1_65' title='bbox 1324 1593 1443 1656; x_wconf 89' lang='lat' dir='ltr'>pro</span> <span class='ocrx_word' id='word_1_66' title='bbox 1501 1579 1581 1637; x_wconf 92' lang='lat' dir='ltr'>et</span> <span class='ocrx_word' id='word_1_67' title='bbox 1639 1579 1810 1638; x_wconf 88' lang='lat' dir='ltr'>tres</span> <span class='ocrx_word' id='word_1_68' title='bbox 1868 1596 1908 1639; x_wconf 89' lang='lat' dir='ltr'>a</span> <span class='ocrx_word' id='word_1_69' title='bbox 1956 1574 2140 1639; x_wconf 91' lang='lat' dir='ltr'>Livio</span> <span class='ocrx_word' id='word_1_70' title='bbox 2186 1575 2254 1639; x_wconf 90' lang='lat' dir='ltr'>in</span> <span class='ocrx_word' id='word_1_71' title='bbox 2300 1594 2505 1657; x_wconf 91' lang='lat' dir='ltr'>prosa</span> <span class='ocrx_word' id='word_1_72' title='bbox 2549 1594 2704 1639; x_wconf 91' lang='lat' dir='ltr'>ora·</span> 
     </span>
     <span class='ocr_line' id='line_1_10' title="bbox 375 1678 2702 1766; baseline 0.002 -22"><span class='ocrx_word' id='word_1_73' title='bbox 375 1681 557 1745; x_wconf 89' lang='lat' dir='ltr'>tione</span> <span class='ocrx_word' id='word_1_74' title='bbox 611 1680 900 1764; x_wconf 87' lang='lat' dir='ltr'>positum</span> <span class='ocrx_word' id='word_1_75' title='bbox 955 1684 1164 1763; x_wconf 92' lang='lat' dir='ltr'>putes.</span> <span class='ocrx_word' id='word_1_76' title='bbox 1279 1678 1511 1745; x_wconf 88' lang='lat' dir='ltr'>Potest</span> <span class='ocrx_word' id='word_1_77' title='bbox 1565 1687 1792 1746; x_wconf 89' lang='lat' dir='ltr'>tamen</span> <span class='ocrx_word' id='word_1_78' title='bbox 1860 1681 2341 1766; x_wconf 88' lang='lat' dir='ltr'>transpositum</span> <span class='ocrx_word' id='word_1_79' title='bbox 2408 1703 2553 1748; x_wconf 86' lang='lat' dir='ltr'>esse</span> <span class='ocrx_word' id='word_1_80' title='bbox 2620 1689 2702 1749; x_wconf 87' lang='lat' dir='ltr'>et</span> 
     </span>
     <span class='ocr_line' id='line_1_11' title="bbox 377 1785 2701 1875; baseline 0.002 -22"><span class='ocrx_word' id='word_1_81' title='bbox 377 1786 488 1869; x_wconf 89' lang='lat' dir='ltr'>(et</span> <span class='ocrx_word' id='word_1_82' title='bbox 543 1786 762 1869; x_wconf 88' lang='lat' dir='ltr'>tres).</span> <span class='ocrx_word' id='word_1_83' title='bbox 864 1785 926 1870; x_wconf 63' lang='grc' dir='ltr'>[ξ</span> <span class='ocrx_word' id='word_1_84' title='bbox 976 1791 1084 1865; x_wconf 90' lang='grc'>11,</span> <span class='ocrx_word' id='word_1_85' title='bbox 1155 1786 1271 1852; x_wconf 93' lang='lat' dir='ltr'>ubi</span> <span class='ocrx_word' id='word_1_86' title='bbox 1329 1788 1397 1851; x_wconf 92' lang='lat' dir='ltr'>in</span> <span class='ocrx_word' id='word_1_87' title='bbox 1458 1787 1508 1852; x_wconf 91' lang='lat' dir='ltr'><strong>P</strong></span> <span class='ocrx_word' id='word_1_88' title='bbox 1566 1795 1700 1855; x_wconf 89' lang='lat' dir='ltr'>est:</span> <span class='ocrx_word' id='word_1_89' title='bbox 1784 1811 2142 1875; x_wconf 88' lang='lat' dir='ltr'>suasque</span> <span class='ocrx_word' id='word_1_90' title='bbox 2198 1812 2326 1857; x_wconf 88' lang='lat' dir='ltr'>res</span> <span class='ocrx_word' id='word_1_91' title='bbox 2382 1793 2701 1857; x_wconf 90' lang='lat' dir='ltr'>secuin-</span> 
     </span>
     <span class='ocr_line' id='line_1_12' title="bbox 378 1894 2702 1978; baseline 0.002 -18"><span class='ocrx_word' id='word_1_92' title='bbox 378 1895 661 1975; x_wconf 86' lang='lat' dir='ltr'>ferret,</span> <span class='ocrx_word' id='word_1_93' title='bbox 754 1894 1171 1960; x_wconf 87' lang='lat' dir='ltr'>efficiendum</span> <span class='ocrx_word' id='word_1_94' title='bbox 1240 1901 1385 1960; x_wconf 90' lang='lat' dir='ltr'>erat</span> <span class='ocrx_word' id='word_1_95' title='bbox 1451 1918 1727 1962; x_wconf 89' lang='lat' dir='ltr'>secum</span> <span class='ocrx_word' id='word_1_96' title='bbox 1802 1895 2148 1978; x_wconf 88' lang='lat' dir='ltr'>ferrent,</span> <span class='ocrx_word' id='word_1_97' title='bbox 2227 1921 2360 1965; x_wconf 92' lang='lat' dir='ltr'>non</span> <span class='ocrx_word' id='word_1_98' title='bbox 2427 1920 2702 1965; x_wconf 90' lang='lat' dir='ltr'>secum</span> 
     </span>
     <span class='ocr_line' id='line_1_13' title="bbox 377 2002 2701 2089; baseline 0.001 -20"><span class='ocrx_word' id='word_1_99' title='bbox 377 2003 561 2069; x_wconf 89' lang='lat' dir='ltr'>inde</span> <span class='ocrx_word' id='word_1_100' title='bbox 605 2002 937 2082; x_wconf 87' lang='lat' dir='ltr'>ferrent,</span> <span class='ocrx_word' id='word_1_101' title='bbox 983 2025 1103 2087; x_wconf 91' lang='lat' dir='ltr'>pro</span> <span class='ocrx_word' id='word_1_102' title='bbox 1151 2003 1333 2069; x_wconf 86' lang='lat' dir='ltr'>edita</span> <span class='ocrx_word' id='word_1_103' title='bbox 1375 2006 1711 2089; x_wconf 86' lang='lat' dir='ltr'>scriptura</span> <span class='ocrx_word' id='word_1_104' title='bbox 1754 2027 2026 2071; x_wconf 88' lang='lat' dir='ltr'>secum</span> <span class='ocrx_word' id='word_1_105' title='bbox 2072 2005 2531 2073; x_wconf 85' lang='lat' dir='ltr'>auferrent.</span> <span class='ocrx_word' id='word_1_106' title='bbox 2601 2008 2701 2072; x_wconf 84' lang='lat' dir='ltr'>Ex</span> 
     </span>
     <span class='ocr_line' id='line_1_14' title="bbox 379 2111 2579 2199; baseline 0.002 -24"><span class='ocrx_word' id='word_1_107' title='bbox 379 2133 437 2175; x_wconf 76' lang='grc' dir='ltr'>ι</span> <span class='ocrx_word' id='word_1_108' title='bbox 481 2119 710 2177; x_wconf 89' lang='lat' dir='ltr'>natum</span> <span class='ocrx_word' id='word_1_109' title='bbox 754 2112 848 2191; x_wconf 77' lang='lat' dir='ltr'>in,</span> <span class='ocrx_word' id='word_1_110' title='bbox 892 2118 1033 2177; x_wconf 94' lang='lat' dir='ltr'>tum</span> <span class='ocrx_word' id='word_1_111' title='bbox 1076 2111 1321 2177; x_wconf 86' lang='lat' dir='ltr'>lineola</span> <span class='ocrx_word' id='word_1_112' title='bbox 1367 2113 1602 2179; x_wconf 87' lang='lat' dir='ltr'>addita</span> <span class='ocrx_word' id='word_1_113' title='bbox 1649 2120 1753 2180; x_wconf 89' lang='lat' dir='ltr'>est</span> <span class='ocrx_word' id='word_1_114' title='bbox 1799 2113 2097 2196; x_wconf 88' lang='lat' dir='ltr'>(secum</span> <span class='ocrx_word' id='word_1_115' title='bbox 2144 2114 2268 2197; x_wconf 92' lang='lat' dir='ltr'>in).</span> <span class='ocrx_word' id='word_1_116' title='bbox 2365 2114 2579 2199; x_wconf 94' lang='grc'>1862.]</span> 
     </span>
    </p>

    <p class='ocr_par' dir='ltr' id='par_1_3' title="bbox 378 2219 2701 2738">
     <span class='ocr_line' id='line_1_15' title="bbox 552 2219 2700 2305; baseline 0.001 -20"><span class='ocrx_word' id='word_1_117' title='bbox 552 2219 707 2305; x_wconf 88' lang='lat' dir='ltr'>Cap.</span> <span class='ocrx_word' id='word_1_118' title='bbox 756 2225 868 2300; x_wconf 86' lang='grc'>24,</span> <span class='ocrx_word' id='word_1_119' title='bbox 929 2224 984 2298; x_wconf 87' lang='grc'>1,</span> <span class='ocrx_word' id='word_1_120' title='bbox 1031 2219 1146 2284; x_wconf 89' lang='lat' dir='ltr'>ubi</span> <span class='ocrx_word' id='word_1_121' title='bbox 1194 2219 1448 2285; x_wconf 87' lang='lat' dir='ltr'>editur:</span> <span class='ocrx_word' id='word_1_122' title='bbox 1518 2222 1682 2287; x_wconf 91' lang='lat' dir='ltr'>Iam</span> <span class='ocrx_word' id='word_1_123' title='bbox 1739 2224 1964 2288; x_wconf 90' lang='lat' dir='ltr'>mille</span> <span class='ocrx_word' id='word_1_124' title='bbox 2022 2230 2518 2288; x_wconf 89' lang='lat' dir='ltr'>armatorum</span> <span class='ocrx_word' id='word_1_125' title='bbox 2575 2246 2700 2289; x_wconf 90' lang='lat' dir='ltr'>ce-</span> 
     </span>
     <span class='ocr_line' id='line_1_16' title="bbox 378 2327 2700 2415; baseline 0.002 -22"><span class='ocrx_word' id='word_1_126' title='bbox 378 2334 670 2412; x_wconf 86' lang='lat' dir='ltr'>perant</span> <span class='ocrx_word' id='word_1_127' title='bbox 736 2334 1084 2412; x_wconf 87' lang='lat' dir='ltr'>partem,</span> <span class='ocrx_word' id='word_1_128' title='bbox 1152 2327 1287 2392; x_wconf 92' lang='lat' dir='ltr'>iam</span> <span class='ocrx_word' id='word_1_129' title='bbox 1346 2329 1721 2415; x_wconf 85' lang='lat' dir='ltr'>Heusinger</span> <span class='ocrx_word' id='word_1_130' title='bbox 1787 2331 2117 2398; x_wconf 83' lang='lat' dir='ltr'>intellexit</span> <span class='ocrx_word' id='word_1_131' title='bbox 2183 2331 2312 2396; x_wconf 93' lang='lat' dir='ltr'>dici</span> <span class='ocrx_word' id='word_1_132' title='bbox 2377 2331 2700 2414; x_wconf 87' lang='lat' dir='ltr'>debuisse,</span> 
     </span>
     <span class='ocr_line' id='line_1_17' title="bbox 378 2436 2699 2524; baseline 0.002 -23"><span class='ocrx_word' id='word_1_133' title='bbox 378 2437 566 2502; x_wconf 91' lang='lat' dir='ltr'>cuius</span> <span class='ocrx_word' id='word_1_134' title='bbox 624 2437 721 2501; x_wconf 91' lang='lat' dir='ltr'>rei</span> <span class='ocrx_word' id='word_1_135' title='bbox 777 2444 1036 2522; x_wconf 87' lang='lat' dir='ltr'>partem</span> <span class='ocrx_word' id='word_1_136' title='bbox 1083 2436 1419 2521; x_wconf 86' lang='lat' dir='ltr'>cepissent</span> <span class='ocrx_word' id='word_1_137' title='bbox 1464 2440 1738 2520; x_wconf 84' lang='lat' dir='ltr'>armati3</span> <span class='ocrx_word' id='word_1_138' title='bbox 1798 2445 2080 2524; x_wconf 87' lang='lat' dir='ltr'>apparet</span> <span class='ocrx_word' id='word_1_139' title='bbox 2126 2439 2483 2524; x_wconf 84' lang='lat' dir='ltr'>significari</span> <span class='ocrx_word' id='word_1_140' title='bbox 2529 2441 2699 2506; x_wconf 92' lang='lat' dir='ltr'>muri</span> 
     </span>
     <span class='ocr_line' id='line_1_18' title="bbox 379 2546 2701 2635; baseline 0.002 -26"><span class='ocrx_word' id='word_1_141' title='bbox 379 2552 638 2629; x_wconf 87' lang='lat' dir='ltr'>partem</span> <span class='ocrx_word' id='word_1_142' title='bbox 708 2565 986 2628; x_wconf 90' lang='lat' dir='ltr'>eumque</span> <span class='ocrx_word' id='word_1_143' title='bbox 1054 2546 1426 2628; x_wconf 84' lang='lat' dir='ltr'>genetivum</span> <span class='ocrx_word' id='word_1_144' title='bbox 1495 2547 1875 2613; x_wconf 89' lang='lat' dir='ltr'>addendum</span> <span class='ocrx_word' id='word_1_145' title='bbox 1933 2569 2078 2614; x_wconf 87' lang='lat' dir='ltr'>esse</span> <span class='ocrx_word' id='word_1_146' title='bbox 2134 2554 2291 2635; x_wconf 90' lang='lat' dir='ltr'>post</span> <span class='ocrx_word' id='word_1_147' title='bbox 2347 2555 2701 2614; x_wconf 87' lang='lat' dir='ltr'>armato-</span> 
     </span>
     <span class='ocr_line' id='line_1_19' title="bbox 381 2652 1430 2738; baseline 0.003 -21"><span class='ocrx_word' id='word_1_148' title='bbox 381 2675 549 2719; x_wconf 90' lang='lat' dir='ltr'>rum</span> <span class='ocrx_word' id='word_1_149' title='bbox 595 2653 792 2736; x_wconf 90' lang='lat' dir='ltr'>(rum</span> <span class='ocrx_word' id='word_1_150' title='bbox 838 2652 1091 2736; x_wconf 92' lang='lat' dir='ltr'>muri).</span> <span class='ocrx_word' id='word_1_151' title='bbox 1185 2653 1430 2738; x_wconf 91' lang='grc'>(1862.)</span> 
     </span>
    </p>

    <p class='ocr_par' dir='ltr' id='par_1_4' title="bbox 381 2761 2703 4358">
     <span class='ocr_line' id='line_1_20' title="bbox 553 2761 2703 2849; baseline 0.002 -23"><span class='ocrx_word' id='word_1_152' title='bbox 553 2761 712 2845; x_wconf 89' lang='lat' dir='ltr'>Cap.</span> <span class='ocrx_word' id='word_1_153' title='bbox 761 2765 863 2842; x_wconf 87' lang='grc'>26,</span> <span class='ocrx_word' id='word_1_154' title='bbox 926 2766 1033 2826; x_wconf 76' lang='grc' dir='ltr'>12τ</span> <span class='ocrx_word' id='word_1_155' title='bbox 1091 2761 1346 2829; x_wconf 89' lang='lat' dir='ltr'>Multo</span> <span class='ocrx_word' id='word_1_156' title='bbox 1406 2766 1855 2830; x_wconf 82' lang='lat' dir='ltr'>tamen-vis</span> <span class='ocrx_word' id='word_1_157' title='bbox 1901 2766 2156 2832; x_wconf 89' lang='lat' dir='ltr'>maior</span> <span class='ocrx_word' id='word_1_158' title='bbox 2199 2766 2461 2849; x_wconf 91' lang='lat' dir='ltr'>pestis</span> <span class='ocrx_word' id='word_1_159' title='bbox 2508 2764 2703 2831; x_wconf 88' lang='lat' dir='ltr'>Poe-</span> 
     </span>
     <span class='ocr_line' id='line_1_21' title="bbox 381 2872 2700 2955; baseline 0.002 -21"><span class='ocrx_word' id='word_1_160' title='bbox 381 2891 658 2935; x_wconf 88' lang='lat' dir='ltr'>norum</span> <span class='ocrx_word' id='word_1_161' title='bbox 725 2876 1005 2936; x_wconf 88' lang='lat' dir='ltr'>castra</span> <span class='ocrx_word' id='word_1_162' title='bbox 1073 2892 1308 2955; x_wconf 89' lang='lat' dir='ltr'>quam</span> <span class='ocrx_word' id='word_1_163' title='bbox 1379 2872 1748 2938; x_wconf 87' lang='lat' dir='ltr'>Romana</span> <span class='ocrx_word' id='word_1_164' title='bbox 1814 2872 1948 2937; x_wconf 90' lang='lat' dir='ltr'>diu</span> <span class='ocrx_word' id='word_1_165' title='bbox 2018 2873 2700 2939; x_wconf 91' lang='lat' dir='ltr'>circumsedendo</span> 
     </span>
     <span class='ocr_line' id='line_1_22' title="bbox 384 2965 2700 3064; baseline 0.002 -22"><span class='ocrx_word' id='word_1_166' title='bbox 384 2965 834 3062; x_wconf 70' lang='lat' dir='ltr'>Syracusas</span> <span class='ocrx_word' id='word_1_167' title='bbox 903 2978 1098 3044; x_wconf 82' lang='lat' dir='ltr'>caelo</span> <span class='ocrx_word' id='word_1_168' title='bbox 1168 2981 1575 3064; x_wconf 88' lang='lat' dir='ltr'>aquisque</span> <span class='ocrx_word' id='word_1_169' title='bbox 1648 2980 2100 3046; x_wconf 81' lang='lat' dir='ltr'>adsuerant</span> <span class='ocrx_word' id='word_1_170' title='bbox 2172 2982 2447 3064; x_wconf 88' lang='lat' dir='ltr'>magis.</span> <span class='ocrx_word' id='word_1_171' title='bbox 2572 2982 2700 3046; x_wconf 82' lang='lat' dir='ltr'>Ex·</span> 
     </span>
     <span class='ocr_line' id='line_1_23' title="bbox 381 3085 2702 3173; baseline 0.001 -22"><span class='ocrx_word' id='word_1_172' title='bbox 381 3085 620 3151; x_wconf 88' lang='lat' dir='ltr'>cidisse</span> <span class='ocrx_word' id='word_1_173' title='bbox 664 3085 937 3151; x_wconf 86' lang='lat' dir='ltr'>verbum</span> <span class='ocrx_word' id='word_1_174' title='bbox 982 3094 1297 3171; x_wconf 81' lang='lat' dir='ltr'>apparet3</span> <span class='ocrx_word' id='word_1_175' title='bbox 1368 3088 1742 3173; x_wconf 90' lang='lat' dir='ltr'>supplenda</span> <span class='ocrx_word' id='word_1_176' title='bbox 1800 3089 2013 3154; x_wconf 89' lang='lat' dir='ltr'>oratio</span> <span class='ocrx_word' id='word_1_177' title='bbox 2073 3090 2144 3153; x_wconf 92' lang='lat' dir='ltr'>in</span> <span class='ocrx_word' id='word_1_178' title='bbox 2202 3088 2378 3155; x_wconf 90' lang='lat' dir='ltr'>hunc</span> <span class='ocrx_word' id='word_1_179' title='bbox 2434 3089 2702 3155; x_wconf 93' lang='lat' dir='ltr'>modum</span> 
     </span>
     <span class='ocr_line' id='line_1_24' title="bbox 381 3193 2701 3280; baseline 0 -23"><span class='ocrx_word' id='word_1_180' title='bbox 381 3193 669 3258; x_wconf 87' lang='lat' dir='ltr'>videtur:</span> <span class='ocrx_word' id='word_1_181' title='bbox 739 3228 826 3238; x_wconf 91' lang='lat'><em>—</em></span> <span class='ocrx_word' id='word_1_182' title='bbox 881 3193 1333 3262; x_wconf 90' lang='lat' dir='ltr'>Poenorum</span> <span class='ocrx_word' id='word_1_183' title='bbox 1401 3204 1677 3261; x_wconf 86' lang='lat' dir='ltr'>castra</span> <span class='ocrx_word' id='word_1_184' title='bbox 1743 3216 1972 3280; x_wconf 88' lang='lat' dir='ltr'>quam</span> <span class='ocrx_word' id='word_1_185' title='bbox 2028 3196 2385 3261; x_wconf 87' lang='lat' dir='ltr'>Romana</span> <span class='ocrx_word' id='word_1_186' title='bbox 2454 3197 2701 3259; x_wconf 74' lang='lat' dir='ltr'>cerri-</span> 
     </span>
     <span class='ocr_line' id='line_1_25' title="bbox 382 3302 2700 3382; baseline 0.003 -19"><span class='ocrx_word' id='word_1_187' title='bbox 382 3308 678 3382; x_wconf 54' lang='lat' dir='ltr'>paci-an</span> <span class='ocrx_word' id='word_1_188' title='bbox 747 3322 910 3365; x_wconf 70' lang='lat' dir='ltr'>aa·</span> <span class='ocrx_word' id='word_1_189' title='bbox 968 3303 1103 3368; x_wconf 89' lang='lat' dir='ltr'>diu</span> <span class='ocrx_word' id='word_1_190' title='bbox 1161 3303 1824 3370; x_wconf 90' lang='lat' dir='ltr'>circumsedendo</span> <span class='ocrx_word' id='word_1_191' title='bbox 1873 3311 1996 3369; x_wconf 88' lang='lat' dir='ltr'>cet.</span> <span class='ocrx_word' id='word_1_192' title='bbox 2084 3304 2429 3369; x_wconf 87' lang='lat' dir='ltr'>Aberravit</span> <span class='ocrx_word' id='word_1_193' title='bbox 2474 3302 2700 3369; x_wconf 87' lang='lat' dir='ltr'>oculus</span> 
     </span>
     <span class='ocr_line' id='line_1_26' title="bbox 381 3409 2699 3496; baseline 0.001 -22"><span class='ocrx_word' id='word_1_194' title='bbox 381 3430 422 3474; x_wconf 92' lang='lat' dir='ltr'>a</span> <span class='ocrx_word' id='word_1_195' title='bbox 486 3431 587 3475; x_wconf 86' lang='lat' dir='ltr'>na</span> <span class='ocrx_word' id='word_1_196' title='bbox 654 3409 748 3492; x_wconf 92' lang='lat' dir='ltr'>(in</span> <span class='ocrx_word' id='word_1_197' title='bbox 815 3410 1191 3494; x_wconf 89' lang='lat' dir='ltr'>Romana)</span> <span class='ocrx_word' id='word_1_198' title='bbox 1261 3412 1347 3477; x_wconf 90' lang='lat' dir='ltr'>ad</span> <span class='ocrx_word' id='word_1_199' title='bbox 1412 3434 1607 3477; x_wconf 90' lang='lat' dir='ltr'>nam.</span> <span class='ocrx_word' id='word_1_200' title='bbox 1723 3412 1799 3476; x_wconf 89' lang='lat' dir='ltr'>In</span> <span class='ocrx_word' id='word_1_201' title='bbox 1855 3411 2168 3477; x_wconf 90' lang='lat' dir='ltr'>Gronovii</span> <span class='ocrx_word' id='word_1_202' title='bbox 2238 3411 2699 3496; x_wconf 85' lang='lat' dir='ltr'>supplemento</span> 
     </span>
     <span class='ocr_line' id='line_1_27' title="bbox 382 3518 2702 3604; baseline 0.001 -22"><span class='ocrx_word' id='word_1_203' title='bbox 382 3539 587 3583; x_wconf 91' lang='lat' dir='ltr'>unum</span> <span class='ocrx_word' id='word_1_204' title='bbox 664 3518 933 3584; x_wconf 90' lang='lat' dir='ltr'>verbum</span> <span class='ocrx_word' id='word_1_205' title='bbox 1009 3519 1423 3585; x_wconf 90' lang='lat' dir='ltr'>incommode</span> <span class='ocrx_word' id='word_1_206' title='bbox 1490 3521 1874 3604; x_wconf 86' lang='lat' dir='ltr'>parenthesi</span> <span class='ocrx_word' id='word_1_207' title='bbox 1943 3540 1984 3584; x_wconf 89' lang='lat' dir='ltr'>a</span> <span class='ocrx_word' id='word_1_208' title='bbox 2050 3519 2310 3604; x_wconf 87' lang='lat' dir='ltr'>reliqua</span> <span class='ocrx_word' id='word_1_209' title='bbox 2375 3520 2702 3585; x_wconf 86' lang='lat' dir='ltr'>sententia</span> 
     </span>
     <span class='ocr_line' id='line_1_28' title="bbox 384 3624 2701 3709; baseline 0.001 -19"><span class='ocrx_word' id='word_1_210' title='bbox 384 3625 737 3691; x_wconf 87' lang='lat' dir='ltr'>divellitur.</span> <span class='ocrx_word' id='word_1_211' title='bbox 852 3624 913 3709; x_wconf 63' lang='grc' dir='ltr'>[ξ</span> <span class='ocrx_word' id='word_1_212' title='bbox 985 3631 1063 3691; x_wconf 93' lang='grc'>10</span> <span class='ocrx_word' id='word_1_213' title='bbox 1131 3628 1197 3692; x_wconf 91' lang='lat' dir='ltr'>in</span> <span class='ocrx_word' id='word_1_214' title='bbox 1252 3627 1379 3693; x_wconf 89' lang='lat' dir='ltr'>hac</span> <span class='ocrx_word' id='word_1_215' title='bbox 1432 3628 1787 3693; x_wconf 88' lang='lat' dir='ltr'>verborum</span> <span class='ocrx_word' id='word_1_216' title='bbox 1847 3629 2339 3693; x_wconf 88' lang='lat' dir='ltr'>coniunctione:</span> <span class='ocrx_word' id='word_1_217' title='bbox 2405 3663 2492 3672; x_wconf 90' lang='lat'>—</span> <span class='ocrx_word' id='word_1_218' title='bbox 2546 3648 2701 3692; x_wconf 91' lang='lat' dir='ltr'>non</span> 
     </span>
     <span class='ocr_line' id='line_1_29' title="bbox 383 3734 2701 3821; baseline 0.001 -23"><span class='ocrx_word' id='word_1_219' title='bbox 383 3734 608 3801; x_wconf 93' lang='lat' dir='ltr'>modo</span> <span class='ocrx_word' id='word_1_220' title='bbox 704 3734 1078 3799; x_wconf 90' lang='lat' dir='ltr'>lacrimis</span> <span class='ocrx_word' id='word_1_221' title='bbox 1167 3736 1553 3819; x_wconf 92' lang='lat' dir='ltr'>iustoque</span> <span class='ocrx_word' id='word_1_222' title='bbox 1647 3736 2167 3819; x_wconf 88' lang='lat' dir='ltr'>comploratu</span> <span class='ocrx_word' id='word_1_223' title='bbox 2246 3756 2701 3821; x_wconf 91' lang='lat' dir='ltr'>proseque-</span> 
     </span>
     <span class='ocr_line' id='line_1_30' title="bbox 383 3841 2700 3928; baseline 0 -21"><span class='ocrx_word' id='word_1_224' title='bbox 383 3849 677 3907; x_wconf 82' lang='lat' dir='ltr'>rentur</span> <span class='ocrx_word' id='word_1_225' title='bbox 733 3848 1126 3923; x_wconf 90' lang='lat' dir='ltr'>mortuos,</span> <span class='ocrx_word' id='word_1_226' title='bbox 1197 3843 1342 3908; x_wconf 91' lang='lat' dir='ltr'>sed</span> <span class='ocrx_word' id='word_1_227' title='bbox 1397 3865 1488 3908; x_wconf 92' lang='lat' dir='ltr'>ne</span> <span class='ocrx_word' id='word_1_228' title='bbox 1551 3841 1954 3910; x_wconf 86' lang='lat' dir='ltr'>efferrent</span> <span class='ocrx_word' id='word_1_229' title='bbox 2011 3844 2328 3928; x_wconf 87' lang='lat' dir='ltr'>quidem</span> <span class='ocrx_word' id='word_1_230' title='bbox 2387 3850 2524 3908; x_wconf 87' lang='lat' dir='ltr'>aut</span> <span class='ocrx_word' id='word_1_231' title='bbox 2578 3864 2700 3908; x_wconf 88' lang='lat' dir='ltr'>se·-</span> 
     </span>
     <span class='ocr_line' id='line_1_31' title="bbox 383 3951 2702 4036; baseline 0 -20"><span class='ocrx_word' id='word_1_232' title='bbox 383 3951 743 4034; x_wconf 87' lang='lat' dir='ltr'>pelirent</span> <span class='ocrx_word' id='word_1_233' title='bbox 781 3972 1052 4035; x_wconf 90' lang='lat' dir='ltr'>prorsus</span> <span class='ocrx_word' id='word_1_234' title='bbox 1087 3957 1320 4018; x_wconf 89' lang='lat' dir='ltr'>contra</span> <span class='ocrx_word' id='word_1_235' title='bbox 1356 3973 1547 4018; x_wconf 92' lang='lat' dir='ltr'>usum</span> <span class='ocrx_word' id='word_1_236' title='bbox 1582 3953 1909 4017; x_wconf 85' lang='lat' dir='ltr'>omittitur</span> <span class='ocrx_word' id='word_1_237' title='bbox 1942 3953 2206 4036; x_wconf 88' lang='lat' dir='ltr'>negatio</span> <span class='ocrx_word' id='word_1_238' title='bbox 2242 3957 2396 4017; x_wconf 87' lang='lat' dir='ltr'>ante</span> <span class='ocrx_word' id='word_1_239' title='bbox 2420 3971 2702 4035; x_wconf 88' lang='lat' dir='ltr'>prose-</span> 
     </span>
     <span class='ocr_line' id='line_1_32' title="bbox 384 4056 2701 4144; baseline 0 -20"><span class='ocrx_word' id='word_1_240' title='bbox 384 4064 854 4142; x_wconf 89' lang='lat' dir='ltr'>querentur.</span> <span class='ocrx_word' id='word_1_241' title='bbox 966 4058 1000 4142; x_wconf 69' lang='grc' dir='ltr'><strong>ἓ</strong></span> <span class='ocrx_word' id='word_1_242' title='bbox 1075 4064 1153 4125; x_wconf 87' lang='grc'>14</span> <span class='ocrx_word' id='word_1_243' title='bbox 1209 4060 1542 4144; x_wconf 85' lang='lat' dir='ltr'>particula</span> <span class='ocrx_word' id='word_1_244' title='bbox 1610 4067 1691 4125; x_wconf 90' lang='lat' dir='ltr'>et</span> <span class='ocrx_word' id='word_1_245' title='bbox 1757 4065 1912 4125; x_wconf 90' lang='lat' dir='ltr'>ante</span> <span class='ocrx_word' id='word_1_246' title='bbox 1971 4056 2701 4143; x_wconf 88' lang='lat' dir='ltr'>Carthaginienses</span> 
     </span>
     <span class='ocr_line' id='line_1_33' title="bbox 384 4166 2703 4234; baseline 0.001 -4"><span class='ocrx_word' id='word_1_247' title='bbox 384 4166 616 4231; x_wconf 89' lang='lat' dir='ltr'>addita</span> <span class='ocrx_word' id='word_1_248' title='bbox 682 4167 862 4233; x_wconf 89' lang='lat' dir='ltr'>tollit</span> <span class='ocrx_word' id='word_1_249' title='bbox 933 4167 1351 4233; x_wconf 88' lang='lat' dir='ltr'>manifestam</span> <span class='ocrx_word' id='word_1_250' title='bbox 1422 4169 1836 4233; x_wconf 84' lang='lat' dir='ltr'>notationem</span> <span class='ocrx_word' id='word_1_251' title='bbox 1917 4168 2264 4234; x_wconf 63' lang='lat' dir='ltr'>contrariae</span> <span class='ocrx_word' id='word_1_252' title='bbox 2331 4167 2703 4233; x_wconf 86' lang='lat' dir='ltr'>Siculorum</span> 
     </span>
     <span class='ocr_line' id='line_1_34' title="bbox 383 4271 2448 4358; baseline 0.001 -19"><span class='ocrx_word' id='word_1_253' title='bbox 383 4279 451 4339; x_wconf 89' lang='lat' dir='ltr'>et</span> <span class='ocrx_word' id='word_1_254' title='bbox 499 4271 1145 4358; x_wconf 88' lang='lat' dir='ltr'>Carthaginiensium</span> <span class='ocrx_word' id='word_1_255' title='bbox 1189 4275 1490 4342; x_wconf 83' lang='lat' dir='ltr'>fortunae.</span> <span class='ocrx_word' id='word_1_256' title='bbox 1589 4274 1803 4358; x_wconf 69' lang='lat'>1862]</span> <span class='ocrx_word' id='word_1_257' title='bbox 2445 4353 2448 4356; x_wconf 42' lang='grc'><strong>,</strong></span> 
     </span>
    </p>

    <p class='ocr_par' dir='ltr' id='par_1_5' title="bbox 383 4382 2701 4574">
     <span class='ocr_line' id='line_1_35' title="bbox 558 4382 2699 4469; baseline -0.001 -21"><span class='ocrx_word' id='word_1_258' title='bbox 558 4382 716 4467; x_wconf 88' lang='lat' dir='ltr'>Cap.</span> <span class='ocrx_word' id='word_1_259' title='bbox 765 4388 878 4464; x_wconf 89' lang='grc'>28,</span> <span class='ocrx_word' id='word_1_260' title='bbox 939 4390 976 4449; x_wconf 89' lang='grc'>6</span> <span class='ocrx_word' id='word_1_261' title='bbox 1037 4385 1147 4468; x_wconf 91' lang='lat' dir='ltr'>(de</span> <span class='ocrx_word' id='word_1_262' title='bbox 1203 4384 1440 4469; x_wconf 86' lang='lat' dir='ltr'>legatis</span> <span class='ocrx_word' id='word_1_263' title='bbox 1498 4383 1867 4450; x_wconf 87' lang='lat' dir='ltr'>Siculorum</span> <span class='ocrx_word' id='word_1_264' title='bbox 1923 4383 2370 4467; x_wconf 83' lang='lat' dir='ltr'>Syracusanos</span> <span class='ocrx_word' id='word_1_265' title='bbox 2427 4382 2699 4448; x_wconf 83' lang='lat' dir='ltr'>hortan-</span> 
     </span>
     <span class='ocr_line' id='line_1_36' title="bbox 383 4489 2701 4574; baseline -0 -19"><span class='ocrx_word' id='word_1_266' title='bbox 383 4489 597 4572; x_wconf 88' lang='lat' dir='ltr'>tibus,</span> <span class='ocrx_word' id='word_1_267' title='bbox 654 4497 729 4557; x_wconf 90' lang='lat' dir='ltr'>ut</span> <span class='ocrx_word' id='word_1_268' title='bbox 773 4512 843 4557; x_wconf 90' lang='lat' dir='ltr'>se</span> <span class='ocrx_word' id='word_1_269' title='bbox 886 4494 1200 4559; x_wconf 88' lang='lat' dir='ltr'>Romanis</span> <span class='ocrx_word' id='word_1_270' title='bbox 1248 4490 1623 4574; x_wconf 88' lang='lat' dir='ltr'>dederent):</span> <span class='ocrx_word' id='word_1_271' title='bbox 1681 4492 2209 4558; x_wconf 87' lang='lat' dir='ltr'>multitudine</span> <span class='ocrx_word' id='word_1_272' title='bbox 2255 4490 2352 4556; x_wconf 92' lang='lat' dir='ltr'>ad</span> <span class='ocrx_word' id='word_1_273' title='bbox 2397 4491 2701 4556; x_wconf 90' lang='lat' dir='ltr'>contio-</span> 
     </span>
    </p>
   </div>
  </div>
 </body>
</html>
