3230 5282
422 605 549 658 Lib.
588 603 782 657 XXVI.
1514 589 1639 650 378

421 775 805 855 ditmead,
874 774 1047 839 unde
1106 772 1278 839 effici
1330 772 1623 837 videtur:
1678 808 1764 818 --
1821 772 2242 839 descendit
2300 774 2605 856 (010111-
2649 811 2737 822 -

422 882 845 964 credebat)
893 888 972 948 et
1015 881 1320 947 relicto
1359 887 1481 946 cet.
1531 880 1777 961 (1863.)
1844 880 2096 946 Eodem
2143 881 2736 966 08111ωὲ81ομ8-

417 998 529 1056 tur
583 991 721 1056 haec
776 990 888 1072 (de
950 989 1255 1074 Philippo
1314 989 1679 1054 Macedone
1736 994 1804 1052 et
1846 987 2076 1054 Maedis
2130 990 2199 1052 111
2256 1011 2531 1073 regnum
2590 992 2731 1056 eius

419 1101 785 1178 incurrere,
845 1119 1044 1180 quum
1090 1098 1249 1163 alibi
1298 1102 1662 1180 occupatus
1709 1103 1914 1176 esset,
1970 1097 2242 1178 solitis):
2312 1096 2520 1161 Fran
2536 1119 2729 1181 gen·

420 1208 565 1271 das
633 1207 894 1292 igitur
960 1212 1279 1270 vastare
1337 1225 1571 1287 agros
1634 1210 1712 1268 et
1765 1204 2038 1269 urbem
2095 1205 2729 1288 Iamphorynam,

419 1322 659 1397 caput
715 1334 1145 1395 arcemque
1206 1311 1576 1389 Maedicae,
1652 1332 2125 1396 oppugnare
2183 1315 2484 1396 coepit.
2601 1312 2726 1392 Sic,

419 1423 712 1507 exceptis
778 1421 1127 1486 levissimis
1185 1420 1519 1485 erroribus
1576 1420 1646 1483 in
1703 1421 2012 1484 extremis
2067 1421 2283 1485 verbis
2343 1421 2549 1500 (velut
2603 1442 2729 1484 ar-

417 1530 796 1613 gemque),
842 1531 893 1594 P
941 1531 1275 1613 ceterique
1323 1528 1580 1593 codices
1628 1527 1830 1611 paulo
1878 1528 2204 1593 meliores.
2283 1528 2472 1606 Quod
2516 1550 2727 1611 nuper

419 1640 706 1723 positum
777 1643 877 1703 est
932 1636 1026 1719 (et
1086 1639 1219 1701 iam
1275 1636 1452 1721 apud
1512 1635 2129 1701 Drakenborchium
2188 1658 2222 1700 e
2282 1636 2493 1701 tribus
2548 1637 2727 1701 codi-

417 1747 602 1811 cibus
649 1746 1024 1810 recentibus
1080 1744 1496 1825 adnotatur):
1567 1744 1681 1808 Ad
1724 1743 2220 1823 frangendos
2264 1745 2556 1827 igitur,
2624 1745 2730 1808 vix

416 1854 521 1918 hic
567 1854 696 1919 dici
740 1855 981 1919 omisso
1027 1853 1409 1936 pronomine
1456 1851 1654 1933 (eos)
1704 1854 1950 1933 potuit,
2018 1853 2330 1934 quoniam
2385 1874 2578 1934 gens
2639 1873 2730 1917 ea

239 1973 388 2042 (309)
428 1963 783 2044 praecessit.
896 1962 1122 2025 Fuisse
1189 1960 1449 2043 videtur
1507 1967 1652 2025 aut:
1720 1959 1832 2024 Ad
1901 1959 2406 2041 frangendas
2475 1961 2730 2043 igitur

418 2070 623 2132 vires
690 2075 1015 2134 vastare
1085 2090 1321 2151 agros
1378 2075 1498 2133 aut
1555 2069 1806 2151 potius:
1875 2068 2407 2150 Frangendas
2474 2068 2732 2150 igitur

418 2178 619 2241 vires
678 2184 890 2239 ratus
947 2182 1275 2241 vastare
1334 2197 1574 2259 agros
1635 2183 1757 2240 cet.
1872 2174 2154 2254 Deinde,
2212 2182 2564 2259 postquam
2610 2175 2642 2257 ἓ
2691 2180 2727 2239 9

415 2287 636 2351 Livius
686 2285 967 2370 Scopam
1022 2285 1340 2364 narravit,
1408 2290 1667 2348 armata
1723 2285 1900 2349 omni
1943 2283 2316 2349 AEtolorum
2370 2284 2730 2360 iuventute,

416 2393 720 2459 bellum
752 2392 1063 2458 inferre
1097 2393 1573 2458 Acarnaniae
1628 2412 1989 2475 parasse,
2046 2398 2412 2475 sequuntur
2457 2389 2490 2473 ξ
2540 2395 2619 2455 10
2664 2392 2730 2454 111

419 2502 753 2566 codicibus
800 2500 948 2581 (PM
995 2501 1213 2579 Cant„
1280 2501 1434 2565 Lov.
1491 2505 1554 2579 1,
1617 2503 1672 2579 3,
1730 2505 1788 2578 5,
1847 2499 2026 2580 aliis)
2073 2499 2245 2564 haec:
2315 2498 2728 2563 Adversus

420 2609 626 2694 quod
683 2631 761 2675 se
807 2609 1313 2673 Acarnanum
1368 2628 1594 2691 gens,
1655 2616 1736 2674 et
1794 2607 2115 2673 viribus
2167 2609 2422 2692 impar
2469 2605 2732 2686 (Weiss

419 2738 498 2782 ex
557 2718 606 2781 P
666 2715 883 2782 adfert
940 2717 1363 2800 imparem)
1433 2722 1515 2781 et
1579 2717 1733 2781 iam
1803 2715 2211 2780 Oeniadas
2279 2715 2733 2796 Nasumque

420 2827 713 2891 amissa
748 2846 1092 2890 cernens
1128 2825 1652 2908 Romanaque
1698 2826 2038 2907 insuper
2074 2844 2293 2889 arma
2327 2823 2735 2904 ingruere,

417 2936 543 2998 ira
585 2935 843 3016 magis
891 2934 1243 2998 instruit
1287 2953 1516 3015 quam
1560 2932 1912 2997 consilio
1958 2931 2280 2996 bellum.
2351 2929 2736 3013 Superiores

417 3043 739 3107 fecerant:
789 3041 1199 3105 Adversus
1246 3040 1455 3122 quod
1479 3040 1993 3104 Acarnanum
2028 3060 2234 3123 genS‚
2280 3039 2547 3102 Weiss:
2594 3037 2738 3101 Ad-

418 3173 695 3215 versus
743 3148 955 3234 quod
1000 3169 1080 3214 se
1114 3149 1627 3226 >Acarnanum
1677 3169 1868 3240 gens
1903 3183 1989 3193 ——
2026 3148 2417 3231 imparem
2455 3181 2530 3191 —
2572 3166 2737 3209 cer·

418 3280 614 3322 nens
652 3264 773 3321 cet.
842 3257 920 3321 In
954 3263 1235 3338 utraque
1261 3257 1589 3339 scriptura
1624 3255 1754 3321 duo
1791 3260 1947 3320 sunt
1969 3255 2206 3320 vitiose
2231 3254 2439 3319 dicta:
2484 3254 2736 3336 impar

419 3366 805 3430 adversus
862 3363 1171 3428 bellum
1229 3371 1325 3429 et:
1407 3363 1797 3428 adversus
1867 3362 2079 3445 quod
2138 3361 2443 3427 bellum
2486 3396 2572 3406 --
2616 3362 2738 3425 in·

423 3473 680 3537 struit
716 3471 1037 3536 be'llum.
1097 3472 1319 3536 Livius
1354 3473 1744 3555 scripserat:
1780 3470 2190 3535 Adversus
2214 3489 2398 3547 qnos
2423 3467 2736 3549 (AEtolos)

420 3580 925 3645 Acarnanum
963 3602 1175 3662 gene,
1222 3586 1300 3644 et
1337 3579 1652 3644 viribus
1687 3580 1952 3662 impar
1986 3579 2246 3643 etiam
2276 3613 2365 3621 —
2399 3596 2737 3641 cernens

418 3724 524 3764 —-‚
562 3688 907 3752 instruit
938 3723 1026 3732 —
1060 3688 1384 3752 bellum.
1459 3686 1783 3764 Quodse
1833 3692 2051 3751 ortum
2083 3688 2175 3750 ‘ex
2212 3707 2435 3749 errore
2472 3683 2738 3768 (quod)

421 3802 492 3860 et
538 3797 945 3860 correctione
993 3794 1095 3875 (8),
1141 3795 1357 3859 vocali
1404 3816 1601 3878 prave
1638 3793 1886 3859 addita.
1950 3793 2089 3876 [Sic
2125 3794 2229 3857 ed.
2263 3793 2314 3858 F
2318 3793 2458 3857 rob.
2526 3788 2737 3873 1531]

422 3903 627 3969 Paulo
663 3911 818 3987 post
853 3900 913 3985 (ἓ
956 3906 1081 3985 13),
1118 3903 1229 3967 ubi
1265 3904 1409 3967 inP
1437 3909 1570 3967 est:
1611 3900 2739 3985 adliberentqhumatistitu-

420 4011 597 4091 lum,
642 4012 709 4076 in
754 4011 951 4075 editis
999 4011 1676 4095 adhiberentque,
1724 4010 1902 4092 quod
1950 4010 2032 4074 de
2077 4009 2272 4074 titulo
2321 4009 2448 4073 dici
2494 4009 2738 4090 nequit,

423 4118 698 4184 subesse
744 4120 1033 4184 videtur:
1080 4118 1663 4201 adderentque.
1733 4116 2436 4200 [Adfigerentque.
2505 4112 2716 4197 1863]

595 4226 753 4310 Cap.
823 4232 934 4301 26,
1011 4232 1081 4290 6:
1188 4228 1535 4291 erimina
1617 4227 1842 4291 edita
1920 4225 2122 4291 ficta
2198 4225 2294 4290 ab
2380 4225 2740 4289 inimicis

423 4334 775 4417 vulgare.
881 4334 989 4400 Sic
1053 4335 1346 4412 codiceS,
1404 4334 1813 4400 intolerabili
1860 4334 2214 4419 asyndet03
2273 4335 2499 4416 itaque
2547 4333 2741 4414 vulgo
2825 4399 2836 4405 ,

424 4442 646 4507 editur
701 4443 929 4508 edita
983 4439 1378 4528 fictaque;
1456 4443 1572 4507 sed
1633 4441 1734 4507 vel
1780 4443 1873 4507 sic
1919 4440 2196 4507 offendit
2241 4441 2746 4524 participiorum
