3230 5282
1454 584 1536 645 97
2388 595 2514 653 Lib.
2552 596 2649 652 111.

334 768 687 834 sententiae
754 772 1076 846 retracto,
1145 772 1214 831 et
1280 767 1459 832 verbi
1527 769 1822 852 pravitas
1879 766 2070 849 (nihil
2127 774 2230 835 est
2287 769 2459 834 enim
2514 768 2650 835 ad-

331 874 551 941 ferre
595 875 1049 960 praeiudicium
1093 874 1219 955 rei)
1267 881 1335 940 et
1381 873 1662 954 codiceS,
1721 876 1789 939 in
1836 875 2074 959 quibus
2120 876 2439 958 omnibuS‚
2486 898 2649 961 quo-

332 1004 482 1047 rum
538 982 809 1066 quidem
865 983 1086 1065 aliqua
1142 989 1246 1047 est
1290 983 1654 1048 auctoritas
1701 982 2145 1065 (MRPLlHl,
2204 984 2388 1067 cet),
2445 985 2650 1069 scrip-

333 1097 479 1155 tum
548 1098 653 1158 est
719 1089 1062 1171 auferri3
1141 1110 1542 1175 quamquam
1610 1089 1788 1173 quod
1853 1091 1980 1156 hoc
2044 1093 2260 1175 ipsum
2324 1092 2650 1158 Weissen-

333 1196 613 1263 bornius
690 1201 760 1263 in
838 1198 1129 1265 editione
1195 1197 1657 1264 Teubneriana
1733 1198 1980 1278 tenuit,
2057 1199 2364 1264 Hertzius
2430 1206 2651 1265 autem

335 1302 525 1369 inde:
584 1308 979 1371 neminem
1034 1306 1599 1390 praeiudicium
1655 1307 1777 1370 rei
1831 1312 2079 1371 tantae
2124 1305 2651 1373 auferre'effe-

331 1413 460 1492 cit,
517 1434 650 1478 non
706 1415 921 1479 minus
966 1434 1166 1497 quam
1211 1412 1534 1479 adferre
1580 1415 1887 1479 vitiosum
1934 1406 2067 1495 est3
2122 1435 2277 1479 nam
2324 1414 2651 1479 auferre

331 1519 902 1603 praeiudicium
967 1522 1025 1586 is
1094 1521 1355 1587 demum
1422 1521 1553 1586 dici
1609 1526 1859 1606 potest,
1927 1522 2042 1604 qui
2097 1522 2308 1587 victor
2350 1543 2393 1586 a
2434 1521 2652 1586 iudice

334 1627 623 1694 discedit
679 1650 829 1694 cum
877 1631 1209 1694 sententia
1254 1629 1382 1694 sibi
1427 1629 1511 1694 ad
1556 1649 1696 1694 rem
1740 1635 1977 1711 postea
2020 1628 2439 1694 iudicandam
2482 1629 2652 1707 utili,

330 1735 524 1799 cuius
579 1735 744 1800 nihil
804 1734 1015 1801 simile
1070 1737 1134 1801 h.
1179 1737 1221 1800 1.
1271 1737 1549 1820 cogitari
1605 1742 1847 1819 potest.
1960 1736 2062 1817 (In
2108 1735 2322 1801 altera
2367 1735 2652 1801 editione

332 1842 910 1908 Weissenbornius
958 1845 1253 1929 scripsit:
1313 1849 1665 1908 ceterum
1710 1844 2430 1909 minime—verum
2476 1864 2652 1908 esse

333 1949 911 2034 praeiudicium
999 1956 1249 2016 tantae
1334 1952 1452 2016 rei
1545 1947 1887 2030 auferri,
1978 1949 2207 2016 relicto
2289 1972 2399 2031 eo,
2477 1949 2654 2034 quod

328 2058 620 2122 maxime
687 2078 959 2142 pravum
1016 2065 1185 2139 erat,
1250 2059 1413 2124 mire
1480 2064 1804 2143 praeterea
1869 2059 2188 2123 minime
2256 2065 2323 2124 et
2387 2079 2654 2124 verum

331 2164 728 2247 distractis)
841 2162 1018 2248 [Alia
1071 2166 1279 2232 nihilo
1334 2166 1613 2232 meliora
1669 2168 1736 2230 in
1791 2165 1994 2230 tertia
2048 2165 2338 2232 editione
2385 2174 2648 2231 secutus

329 2270 489 2355 est]
559 2272 749 2339 Viam
792 2275 929 2338 veri
974 2274 1344 2339 inveniendi
1392 2273 1686 2340 ostendit
1730 2274 2265 2357 antiquissimum
2309 2273 2655 2358 vestigium

335 2383 410 2445 in
458 2379 604 2446 cod.
651 2380 721 2445 M
767 2388 1130 2462 servatum,
1190 2383 1257 2446 in
1303 2402 1434 2465 quo
1483 2402 1524 2446 a
1567 2382 1781 2466 prima
1822 2402 2019 2446 manu
2066 2402 2197 2446 non
2243 2382 2651 2460 neminem,

339 2488 464 2553 sed
544 2489 845 2553 nemini
924 2490 1246 2574 scriptum
1313 2494 1446 2569 est,
1527 2488 1708 2572 quod
1776 2488 1992 2554 altera
2057 2508 2292 2554 manus
2357 2489 2426 2552 in
2492 2485 2654 2552 illud

333 2598 644 2662 mutavit.
757 2595 1037 2680 Scripsit
1092 2596 1347 2662 Livius:
1419 2591 1795 2662 Ceterum
1838 2633 1925 2644 —-
1971 2596 2281 2677 etenim,
2347 2597 2653 2662 maiore

333 2725 542 2770 cura
609 2705 1040 2790 occupatis
1109 2705 1430 2785 animis,
1497 2725 1768 2770 verum
1825 2726 2028 2786 esse,
2095 2704 2654 2790 praeiudicium

331 2818 592 2877 tantae
648 2814 766 2877 rei
825 2813 998 2875 haut
1054 2813 1265 2893 fleri,
1322 2849 1406 2858 —-
1451 2813 1612 2878 sibi
1672 2812 2005 2896 placere
2061 2819 2182 2878 cet.
2293 2812 2394 2876 Ex
2437 2812 2653 2890 haut,

331 2919 526 3004 quod
580 2922 648 2983 in
704 2920 849 2984 cod.
897 2921 1255 3005 archetypo
1313 2920 1512 2986 scribi
1571 2920 1841 2986 solitum
1898 2942 2044 2986 esse
2102 2920 2170 2985 M
2228 2925 2296 2985 et
2337 2919 2388 2983 P
2436 2925 2656 2985 osten-

332 3027 526 3104 dunt,
574 3028 932 3110 saepissime
981 3034 1197 3093 ortum
1243 3034 1346 3094 est
1390 3033 1529 3093 aut
1576 3027 1679 3108 (ut
1722 3029 1790 3092 in
1835 3027 1886 3091 P
1934 3049 1986 3092 c.
2034 3032 2135 3109 43,
2181 3033 2220 3091 4
2268 3031 2407 3092 aut
2449 3025 2656 3090 inul-

338 3142 531 3212 tum,
577 3134 751 3215 VIII,
799 3139 898 3213 33,
942 3139 1025 3197 22
1071 3138 1138 3200 in
1182 3135 1372 3200 Mm.1
1415 3135 1592 3198 Pm.l
1646 3133 2066 3200 aufrustra
2109 3156 2229 3219 pro
2272 3135 2471 3200 haut
2514 3132 2654 3216 fr.).

516 3242 730 3326 Atque
804 3242 905 3307 hae
988 3243 1253 3326 quidem
1333 3249 1470 3307 tres
1549 3263 1825 3326 prorsus
1904 3248 2098 3308 certae
2166 3242 2656 3308 emendationes

335 3356 530 3430 sunt3
598 3350 760 3415 illud
809 3348 1139 3415 difficilius
1185 3349 1272 3415 ad
1318 3349 1880 3434 persuadendum,
1939 3349 2114 3432 quod
2160 3352 2228 3415 in
2272 3350 2396 3416 hoc
2442 3351 2656 3433 capite

339 3479 551 3540 supra
621 3455 653 3540 ἓ
722 3461 791 3538 2,
870 3456 982 3522 ubi
1054 3458 1303 3522 editur:
1383 3459 1653 3524 oratio
1734 3454 1895 3522 fuit
1970 3457 2357 3540 precibus
2427 3478 2658 3541 quam

336 3567 616 3647 iurgio
664 3565 992 3643 similis,
1061 3564 1478 3631 scribendum
1524 3565 1691 3646 dico,
1761 3564 2315 3649 quemadmodum
2360 3567 2658 3649 primum,

338 3678 422 3736 ut
464 3672 743 3753 videtur,
799 3674 866 3736 in
913 3672 1202 3738 editione
1247 3673 1659 3738 Ascensiana
1703 3694 1760 3737 a.
1814 3676 1976 3736 1513
2024 3674 2401 3738 coniectura
2444 3694 2658 3738 emen-

337 3780 572 3845 datum
621 3786 752 3845 est:
801 3780 1168 3859 similior,
1214 3783 1524 3845 retractis
1570 3780 1830 3859 litteris,
1876 3801 2018 3863 quae
2064 3787 2336 3864 propter
2380 3801 2659 3864 sequens

338 3889 661 3952 orantis
731 3889 986 3952 omissae
1058 3895 1232 3953 sunt.
1344 3889 1511 3953 Nam
1568 3886 1747 3972 quod
1813 3888 2060 3971 magis
2118 3888 2333 3954 omitti
2391 3888 2649 3968 dicitur,
2686 3906 2795 3974 (81)

336 3993 594 4061 frustra
637 4016 919 4078 quaeraS,
967 3995 1080 4060 ubi
1125 3995 1345 4061 Livius
1390 3997 1458 4060 in
1502 3996 1625 4060 tali
1673 3995 1994 4061 orationis
2038 3996 2254 4061 forma
2299 3995 2658 4076 (adiunctis

339 4105 647 4188 proxime
697 4103 781 4168 ad
828 4103 1040 4185 ipsum
1087 4103 1479 4168 adiectivum
1525 4103 1725 4168 rebus
1773 4102 2198 4186 comparatis)
2245 4103 2341 4167 ita
2387 4103 2660 4184 dixerit3

342 4209 550 4276 habet
604 4213 781 4275 enim
826 4211 966 4276 haec
1013 4212 1283 4275 licentia
1329 4232 1480 4275 suas
1527 4232 1791 4288 causaS‚
1852 4231 2007 4275 suos
2054 4210 2235 4275 fines.
2338 4211 2662 4294 Equidem

340 4339 428 4383 ne
474 4319 560 4383 de
607 4318 832 4381 XXIII
879 4320 1146 4401 quidem
1194 4324 1295 4396 43,
1363 4323 1437 4380 13
1485 4327 1602 4382 aut
1649 4316 1945 4395 XXVIII,
1994 4323 2097 4395 44,
2147 4323 2183 4381 9
2230 4321 2666 4402 suspicionem

339 4426 644 4491 excludo.
758 4425 1080 4507 (XXXVI,
1145 4432 1241 4510 17,
1303 4430 1338 4490 3
1387 4426 1566 4491 solus
1613 4425 1756 4490 cod.
1804 4424 1973 4507 Mog.
2022 4433 2197 4490 recte
2244 4428 2661 4508 inexsupe-

2170 4545 2205 4597 '7
