3230 5282
1501 561 1537 622 6
1549 563 1577 622 1
1589 561 1625 622 3
2405 574 2529 629 Lib.
2567 574 2709 629 XLI.

409 743 595 808 utin
644 742 868 809 codice
937 750 1066 809 est:
1137 745 1311 810 sine
1378 746 1761 812 missione
1818 747 2094 826 etiam,
2163 754 2241 812 et
2297 745 2714 814 familiare

418 850 678 919 oculis
726 858 871 931 cet„
918 873 1116 935 prave
1161 855 1396 937 positis
1440 854 1876 939 particulis.¹)

592 958 746 1044 Cap.
796 964 895 1040 22,
944 964 1002 1039 6,
1049 960 1165 1025 ubi
1210 962 1429 1028 editur
1474 961 1583 1044 (de
1618 963 1856 1028 Perseo
1905 983 2050 1028 cum
2097 964 2386 1029 exercitu
2420 964 2715 1049 Delphos

412 1068 633 1135 subito
679 1067 1040 1152 profecto):
1088 1071 1260 1135 sine
1309 1070 1591 1137 damno
1638 1072 2096 1153 iniuriaque
2132 1092 2527 1154 agrorum,
2573 1093 2716 1157 per

408 1198 612 1260 quos
680 1179 845 1242 iter
912 1177 1149 1258 fecit,
1216 1180 1295 1244 in
1338 1200 1666 1261 regnum
1709 1179 1991 1257 rediit,
2058 1180 2124 1244 in
2192 1179 2445 1260 codice,
2507 1187 2583 1245 ut
2647 1181 2714 1245 in

407 1286 720 1370 proximis
789 1286 1236 1370 superioribus
1306 1293 1371 1352 et
1439 1288 1878 1371 sequentibus
1944 1287 2274 1367 versibuS,
2333 1288 2719 1354 membrana

409 1393 714 1458 mutilata
759 1393 992 1458 litterae
1050 1394 1306 1476 aliquot
1371 1417 1502 1461 non
1561 1402 1854 1478 exstant3
1923 1397 2017 1462 sic
2084 1405 2307 1461 autem
2374 1395 2711 1461 scribitur:

405 1503 581 1567 sine
630 1502 914 1566 damno
960 1503 1350 1586 iniuriaq.
1387 1504 1421 1542 *
1452 1526 1621 1569 rum
1661 1503 1928 1586 (desunt
1976 1504 2228 1586 aliquot
2266 1502 2528 1584 litterae)
2576 1525 2715 1587 per

404 1632 736 1694 quorum
782 1611 942 1674 iter
984 1610 1203 1689 fecit,
1250 1612 1329 1676 in
1374 1633 1511 1695 reg
1556 1611 1591 1649 '¹‘
1638 1611 1904 1694 (desunt
1938 1612 2190 1694 aliquot
2221 1610 2484 1694 litterae)
2525 1613 2714 1677 edit.

279 1723 292 1739 '
401 1719 618 1784 Livius
655 1720 992 1802 scripsisse
1026 1720 1313 1785 videtur:
1351 1722 1515 1786 sine
1554 1720 1836 1786 damno
1881 1721 2348 1802 iniuriaque
2385 1722 2716 1808 populo-

402 1850 568 1893 rum
630 1825 881 1911 [potius
939 1826 1256 1910 eorum]‚
1315 1851 1457 1912 per
1503 1850 1836 1911 quorum
1881 1828 2101 1894 fines
2146 1829 2309 1895 iter
2353 1829 2592 1911 fecit,
2636 1832 2717 1896 in

402 1957 736 2020 regnum
780 1935 1048 2001 rediit.
1139 1936 1287 2001 Non
1335 1937 1491 2002 solis
1538 1938 1712 2020 agris
1759 1937 2127 2022 periculum
2175 1938 2411 2020 erat.²)

583 2043 738 2128 Cap.
787 2047 888 2122 23,
949 2048 985 2106 6
1036 2043 1130 2123 (in
1186 2047 1483 2111 oratione
1544 2044 1914 2111 Callicratis
1982 2047 2049 2110 in
2111 2047 2391 2113 concilio
2450 2033 2717 2114 Achaeo-

405 2176 549 2218 rum
594 2160 826 2219 contra
869 2151 1131 2217 litteras
1177 2153 1402 2218 Persei
1458 2154 1689 2237 regis):
1737 2155 1931 2220 Nam
1989 2155 2124 2237 qui
2179 2154 2511 2239 regibus
2555 2154 2716 2221 Ma-

403 2263 788 2328 cedonum
832 2259 1586 2344 Macedonibusque
1632 2264 1843 2346 ipsis
1887 2262 2205 2328 finibus
2239 2261 2717 2327 interdixis-

402 2392 690 2442 semus,
737 2390 1216 2451 manereque
1261 2369 1340 2434 id
1387 2370 1803 2436 decretum
1839 2371 2190 2449 scilicet,
2237 2391 2329 2436 ne
2366 2371 2700 2436 nuntios
2739 2383 2886 2452 (504)

403 2479 1023 2543 admitteremus
1068 2498 1359 2560 regum,
1407 2499 1549 2562 per
1596 2499 1792 2561 quos
1839 2479 2311 2563 aliquorum
2352 2500 2444 2544 ex
2479 2478 2717 2570 nobis

402 2587 653 2653 animi
700 2585 1391 2665 sollicitarentur,
1437 2588 1495 2652 ii
1530 2588 2158 2654 contionantem
2196 2585 2710 2670 quodammo-

402 2696 495 2762 do
542 2696 953 2761 absentem
998 2694 1375 2760 audimus
1419 2717 1689 2778 regem
1736 2702 1842 2767 et,
1891 2696 1957 2760 si
2004 2696 2132 2761 dis
2179 2695 2482 2778 placet,
2529 2716 2710 2761 ora-

400 2805 516 2870 tio
531 2827 574 2869 n
590 2825 699 2869 em
730 2825 764 2867 e
780 2804 801 2867 i
817 2825 860 2867 u
877 2824 907 2868 s
934 2825 1023 2886 pr
1039 2825 1074 2868 o
1090 2802 1130 2867 b
1150 2823 1268 2867 am
1283 2825 1325 2867 u
1341 2826 1392 2868 s.
1416 2804 1493 2869 In
1511 2805 1736 2870 codice
1756 2803 2008 2868 nullum
2026 2811 2127 2868 est
2146 2804 2367 2868 mendi
2387 2803 2719 2868 indicium.

402 2911 726 2997 Corrupta
770 2918 988 2976 tamen
1035 2932 1179 2975 esse
1210 2910 1359 2975 illa:
1405 2933 1889 2996 manereque
1934 2910 2018 2975 id
2065 2911 2492 2977 decretum
2528 2911 2718 2976 multi

401 3028 551 3105 post
599 3019 936 3100 Sigonium
979 3025 1094 3083 aut
1139 3039 1362 3085 omnes
1407 3019 1912 3099 intellexerunt3
1980 3017 2095 3083 sed
2157 3040 2303 3102 quae
2370 3019 2457 3083 ad
2504 3040 2720 3084 emen-

400 3129 687 3195 dandum
753 3127 971 3192 locum
1039 3114 1511 3209 excogitarunt,
1580 3148 1623 3192 a
1686 3136 1867 3192 recto
1940 3126 2287 3205 aberrant3
2355 3147 2513 3190 nam
2569 3126 2717 3211 ipsa

396 3237 702 3302 manendi
746 3236 926 3301 notio
973 3234 1191 3300 aliena
1233 3242 1365 3315 est3
1433 3235 1593 3319 quid
1640 3237 1814 3300 enim
1885 3256 2047 3319 opus
2098 3240 2198 3299 est
2243 3232 2403 3313 dici,
2450 3235 2559 3316 qui
2607 3234 2717 3299 de-

399 3352 653 3411 cretum
698 3344 914 3419 faciat,
965 3364 1113 3407 eum
1163 3343 1233 3408 id
1280 3365 1541 3408 manere
1586 3342 1802 3408 velle?
1848 3349 1966 3408 aut
2011 3341 2168 3426 quid
2215 3342 2302 3406 ad
2345 3341 2517 3406 hanc
2565 3362 2719 3407 con-

406 3454 763 3519 trariorum
806 3451 1195 3517 relationem
1242 3451 1398 3516 addi
1436 3460 1615 3517 recte
1654 3458 1902 3535 potest:
1952 3451 2086 3535 qui
2129 3486 2209 3495 —
2245 3451 2717 3516 interdixis-

402 3582 698 3628 semus,
764 3595 850 3605 —
915 3561 976 3624 ii
1047 3595 1121 3604 —
1194 3560 1622 3625 audimus?
1709 3559 1926 3625 Verba
1969 3559 2085 3623 illa
2138 3560 2513 3625 necessario
2561 3581 2706 3624 cum

466 3755 517 3821 ¹)
555 3753 687 3823 Cap.
727 3757 810 3818 21,
848 3754 881 3805 2
919 3752 1130 3806 excidit
1164 3730 1458 3807 numerus·
1481 3754 1763 3808 sociorum
1809 3753 2020 3822 legioni
2067 3752 2414 3806 additorum:
2471 3752 2718 3820 equiti-

541 3839 661 3893 bus
701 3838 1078 3921 (sociorum
1116 3872 1145 3903 2.
1181 3837 1501 3892 millibus
1537 3837 1867 3907 peditum,
1902 3871 1931 3903 ,μ
1959 3837 2363 3906 equitibus).
2410 3834 2625 3905 [Potius
2645 3836 2716 3890 ad

543 3925 728 3978 socios
783 3925 1070 3993 pertinent
1116 3924 1224 3992 ipsi
1267 3925 1486 3978 numeri
1530 3925 1589 3977 in
1625 3924 1822 3978 codice
1858 3923 2028 3992 positi
2076 3923 2460 3992 scriptumque
2506 3923 2586 3976 ita
2619 3921 2704 3975 fu-

538 4016 684 4065 erat:
741 4009 1343 4079 conscripserunt,
1410 4015 1477 4063 et
1530 4010 1792 4064 socium
1842 4008 2092 4063 Latini
2138 4007 2437 4062 nominis
2486 4006 2704 4061 Vmil.

645 4139 656 4149 .
720 4100 744 4148 1
854 4136 866 4148 .

448 4183 497 4251 2)
535 4102 642 4253 §celt
672 4093 1235 4252 prgssssscierant,
1286 4179 1438 4249 quod
1483 4197 1515 4233 a
1552 4177 1792 4246 Grynaeo
1831 4196 2024 4234 omnes
2062 4182 2387 4245 tenuerunt,
2411 4177 2706 4233 restituen-

553 4269 684 4323 dum
722 4285 750 4320 e
789 4267 983 4321 codice
1022 4266 1257 4334 simplex
1291 4263 1703 4357 scierant‚·h.
1736 4280 1801 4331 e.‚
1842 4268 2247 4333 cognoverant;
2286 4262 2384 4317 cfr.
2423 4262 2494 4330 11,
2535 4267 2616 4332 11,
2655 4265 2705 4331 6,

539 4354 652 4421 XL,
693 4357 778 4419 25,
823 4355 901 4421 10,
941 4351 1052 4406 Cic.
1093 4351 1258 4404 Rosc.
1294 4351 1418 4403 Am.
1457 4351 1525 4403 97
1564 4354 1623 4405 et
1659 4349 1953 4418 aliquoties
1994 4348 2143 4417 apud
2178 4348 2417 4402 eundem
2453 4349 2704 4403 scitum

542 4446 671 4499 est,
710 4437 859 4506 apud
892 4436 1113 4491 Livium
1149 4434 1362 4503 XXIII,
1399 4437 1484 4504 39,
1530 4438 1572 4487 1.

547 4896 1598 5170 s*
