3230 5282
621 602 745 657 Lib.
782 602 930 657 XXI„
1715 593 1840 654 258

621 775 1170 858 hominesque,
1220 781 1768 842 et—eventus
1813 775 2040 857 belli,
2084 777 2309 843 velut
2353 798 2628 860 aequus
2674 777 2943 858 iudex,

620 883 831 949 unde
876 884 1001 949 ius
1049 883 1359 963 stabat,
1419 885 1494 949 ei
1536 884 1971 949 victoriam
2016 884 2272 965 dedit,
2332 906 2734 977 quamquam
2780 888 2935 964 scio,

451 1001 591 1067 (211)
630 1013 827 1074 quam
884 1012 1061 1076 saepe
1106 991 1326 1055 Livius
1383 991 1864 1075 amplificandae
1918 995 2016 1057 rei
2074 1014 2277 1060 causa
2329 994 2456 1059 hac
2503 993 2773 1059 deorum
2812 994 2942 1059 ho·

621 1101 1001 1183 minumque
1048 1098 1468 1183 copulatione
1511 1106 1772 1181 utatur,
1842 1121 2044 1183 cogor
2096 1108 2318 1167 tamen
2372 1102 2545 1167 tueri
2605 1102 2945 1167 coniectu-

618 1228 761 1271 ram
818 1213 972 1273 ante
1027 1207 1303 1289 triginta
1345 1228 1554 1272 annos
1599 1209 2006 1292 propositam
2048 1211 2533 1294 repetitamque
2578 1210 2646 1274 in
2693 1208 2938 1294 Opusc.

623 1315 848 1381 alteris
894 1337 956 1399 p.
1004 1318 1158 1395 3603
1216 1336 1370 1380 nam
1414 1336 1632 1398 neque
1678 1316 2009 1382 obiectum
2053 1317 2284 1383 abesse
2329 1324 2547 1401 potest
2589 1339 2805 1401 neque
2851 1318 2939 1383 ab

624 1423 924 1489 omnibus
970 1425 1231 1489 omnino
1274 1424 1427 1489 victi
1453 1421 2033 1508 Carthaginienses
2067 1432 2247 1491 recte
2284 1425 2618 1507 dicuntur3
2664 1424 2944 1491 Cartha-

620 1531 947 1615 ginienses
991 1553 1124 1596 non
1168 1553 1315 1596 cum
1360 1531 1516 1597 solis
1562 1532 1896 1613 Romanis,
1943 1533 2060 1599 sed
2106 1554 2254 1598 cum
2299 1534 2398 1599 dis
2442 1535 2645 1598 etiam
2687 1532 2939 1599 bellum

618 1638 957 1719 habuisse,
1013 1640 1210 1704 aliter
1268 1622 1619 1704 dicendum
1664 1646 1825 1705 erat.
1936 1641 2140 1706 Recte
2188 1642 2496 1707 dicuntur
2541 1642 2608 1706 di
2652 1635 2945 1707 foederis

497 1737 504 1744 ’
617 1748 795 1832 rupti
851 1746 1104 1814 ultores
1147 1747 1447 1812 homines
1494 1745 2134 1831 (Carthaginienses)
2180 1750 2432 1815 vicisse.
2544 1748 2937 1815 Tollendum

618 1857 822 1939 igitur
868 1861 970 1922 est
1013 1876 1183 1938 que.

794 1961 988 2047 *Cap.
1041 1967 1152 2043 13,
1224 1968 1252 2027 1
1315 1969 1384 2029 et
1439 1966 1477 2026 2
1538 1962 1631 2045 (in
1679 1965 1979 2030 oratione
2024 1964 2277 2046 Alorci,
2348 1966 2459 2048 qui
2506 1966 2941 2050 permittente

619 2071 993 2137 Hannibale
1039 2071 1126 2136 ad
1171 2071 1595 2155 SaguntinOS,
1655 2093 1931 2155 quorum
1975 2072 2242 2156 publice
2287 2074 2535 2138 amicus
2581 2079 2647 2139 et
2690 2072 2938 2157 hospes

622 2186 786 2260 erat,
843 2181 1026 2265 pacis
1072 2179 1489 2245 condiciones
1533 2178 1972 2262 perferebat):
2031 2179 2113 2245 Si
2170 2181 2367 2246 civis
2422 2187 2695 2246 vester
2738 2181 2935 2247 Alco

622 2325 709 2333 —
763 2288 994 2372 pacis
1066 2287 1589 2353 condiciones
1658 2286 1754 2352 ab
1814 2286 2272 2354 Hannibale
2328 2288 2424 2353 ad
2477 2294 2611 2353 vos
2665 2293 2936 2354 rettu-

621 2396 899 2475 lisset,
969 2414 1661 2479 supervacaneum
1716 2394 1869 2460 hoc
1922 2394 2115 2460 mihi
2172 2395 2475 2462 fuisset
2529 2397 2718 2477 iter,
2779 2420 2935 2481 quo

622 2524 770 2568 nec
827 2509 1110 2569 orator
1152 2501 1648 2568 Hannibalis
1691 2524 1833 2568 nec
1876 2503 2310 2587 transfuga
2353 2504 2449 2569 ad
2495 2525 2630 2570 vos
2672 2505 2939 2570 venis-

624 2631 817 2692 sem3
879 2632 1114 2695 quum
1166 2610 1310 2676 ille
1367 2615 1506 2676 aut
1560 2616 1833 2677 vestra
1878 2616 2020 2677 aut
2064 2632 2208 2677 sua
2254 2611 2494 2697 c-ulpa
2535 2614 2938 2678 manserit

624 2719 837 2803 apud
903 2718 1219 2784 hostem
1285 2755 1401 2799 —,
1471 2741 1618 2802 ego
1666 2725 1788 2784 cet.
1899 2719 2217 2799 Primum,
2286 2722 2397 2804 qui
2466 2722 2596 2786 iter
2661 2720 2933 2805 aliquod

624 2833 1045 2911 suscepturus
1101 2849 1232 2893 non
1287 2826 1441 2908 fuit,
1509 2828 1731 2910 inepte
1790 2826 2005 2907 addit,
2072 2848 2141 2891 se
2197 2829 2266 2892 in
2321 2828 2435 2893 illo
2490 2828 2726 2895 itinere
2773 2828 2932 2911 (nou

622 2935 954 3021 suscepto)
1032 2936 1202 3001 hanc
1265 2934 1368 3000 vel
1434 2934 1620 2999 illam
1686 2955 2036 3018 personam
2103 2957 2232 3000 non
2299 2942 2632 3018 gesturum
2696 2934 2933 3016 fuisse3

621 3044 875 3123 deinde,
946 3046 1059 3128 qui
1120 3045 1214 3109 sic
1274 3043 1462 3122 dicit,
1532 3062 1633 3122 se,
1702 3042 1757 3106 si
1816 3042 1973 3126 quid
2032 3041 2211 3106 aliud
2270 3043 2643 3124 accidisset,
2711 3064 2927 3126 neque

624 3159 948 3217 oratorem
1006 3151 1394 3218 Hannibalis
1460 3171 1674 3233 neque
1740 3148 2148 3233 transfugam
2217 3150 2508 3216 futurum
2573 3151 2808 3232 fuisse,
2873 3152 2934 3217 is

619 3260 989 3326 necessario
1052 3257 1404 3341 significat,
1473 3279 1541 3323 se
1607 3278 1781 3323 nunc
1848 3256 2356 3323 alterumutrum
2423 3280 2570 3324 esse
2637 3266 2705 3324 et
2757 3258 2929 3324 hanc

618 3365 864 3432 habere
909 3366 1197 3444 itineris,
1267 3363 1444 3449 quod
1500 3366 1795 3450 alioquin
1841 3387 2396 3449 supervacaneum
2438 3364 2703 3444 fuisset,
2773 3386 2927 3431 cau-

620 3495 779 3539 sam.
881 3473 1082 3556 Atqui
1136 3472 1262 3538 hoc
1316 3470 1887 3540 vehementissime
1930 3472 2209 3538 Alorcus
2254 3480 2454 3557 negat
2497 3479 2593 3554 et,
2661 3480 2737 3539 ut
2782 3494 2927 3538 ora·

617 3582 782 3646 tioni
840 3581 1260 3665 consiliisque
1317 3581 1456 3646 suis
1515 3579 1693 3663 apud
1740 3579 2133 3663 Saguntinos
2189 3580 2385 3647 fidem
2428 3581 2659 3662 faciat,
2716 3602 2789 3646 se
2833 3581 2929 3645 ait
2970 3656 2978 3664 ⁸

617 3710 830 3775 neque
885 3695 1215 3755 oratorem
1258 3686 1652 3753 Hannibalis
1707 3709 1918 3771 neque
1963 3710 2191 3754 rursus
2234 3687 2642 3772 transfugam
2689 3689 2930 3767 venire,

620 3796 1041 3864 consiliorum
1085 3794 1479 3860 Hannibalis
1526 3795 1827 3877 ignarum
1872 3816 1994 3861 nec
2040 3796 2127 3861 ad
2171 3816 2399 3881 pacem
2445 3795 2923 3862 conciliandam

619 3912 875 3990 aptum,
957 3904 1074 3971 sed
1140 3924 1318 3985 eum,
1397 3903 1509 3986 qui
1590 3909 1660 3969 et
1736 3904 2110 3969 consultum
2189 3902 2568 3987 Saguntinis
2634 3903 2793 3969 velit
2856 3908 2926 3968 et

614 4014 796 4098 pacis
861 4034 1052 4078 veras
1119 4011 1539 4078 condiciones
1608 4010 1886 4076 adferat.
1910 4010 1969 4093 ¹)
2090 4011 2325 4094 Itaque
2390 4012 2761 4077 necessario
2827 4011 2921 4076 in·

617 4121 898 4186 dicativa
943 4121 1154 4186 oratio
1202 4139 1345 4185 esse
1391 4118 1618 4198 debet,
1677 4116 1917 4199 fietque
1952 4119 2347 4199 rectissima,
2410 4140 2489 4184 ex
2532 4139 2662 4184 uno
2707 4117 2924 4196 verb0,

671 4377 717 4445 ¹)
755 4373 1256 4446 [Quemadmodum
1308 4371 1801 4428 Weissenbornius
1852 4389 2002 4429 nunc
2057 4371 2232 4439 (1870)
2285 4372 2457 4428 verba
2512 4377 2769 4441 enarrat,
2834 4372 2917 4425 in·

751 4463 943 4533 tellegi
976 4455 1298 4531 nequeunt-J
