3230 5282
1485 569 1565 630 79
2451 583 2575 637 Lib.
2614 584 2683 638 11.

356 758 593 834 ἃγοηὸς
656 782 766 833 μου
833 760 1036 829 σχολὴν
1104 749 1181 815 ὧν
1261 759 1314 815 οἱ
1381 740 1627 816 πλεῖστοι
1683 759 1855 816 ἕνεκεν
1912 759 2303 830 ἀσχολοῦνται,
2370 764 2684 838 παραγένου

357 868 504 942 πρός
547 859 663 943 με).
753 861 935 927 Idem
980 861 1061 926 de
1106 861 1404 927 R.P.111
1448 861 1525 926 fr.
1581 868 1648 926 1:
1695 883 1846 926 non
1892 869 1981 927 ut
2025 882 2066 926 a
2109 869 2367 928 matre
2414 864 2552 928 sed
2596 872 2683 928 ut

356 991 401 1034 a
447 990 803 1035 noverca
857 975 1156 1035 natura
1211 969 1550 1048 editum,
1607 970 1735 1035 hoc
1782 974 1914 1035 est:
1974 990 2015 1034 a
2057 976 2352 1036 nat-ura
2395 993 2548 1037 non
2594 979 2684 1037 ut

354 1098 399 1141 a
459 1084 720 1141 matre
778 1077 917 1142 Sed
963 1084 1050 1141 ut
1096 1097 1137 1140 a
1179 1068 1348 1143 nov,
1397 1076 1527 1158 (οὔχ
1575 1083 1769 1158 ὥσπερ
1815 1088 1872 1139 ἐκ
1914 1084 2115 1159 μητρὸς
2160 1083 2273 1140 ἀλλ’
2322 1089 2378 1140 ἐκ
2419 1087 2682 1162 μητρυιᾶς

354 1194 454 1259 τῆς
499 1184 779 1265 &mach
869 1183 1140 1249 Ovidius
1209 1186 1400 1269 epist.
1461 1184 1787 1268 (Heroid.)
1846 1184 2032 1266 VIII,
2108 1191 2260 1250 110:
2343 1185 2678 1271 Quaque

354 1293 590 1371 licet,
646 1292 874 1376 fugio
922 1293 1139 1357 sicut
1185 1292 1282 1357 ab
1327 1293 1566 1358 hoste
1610 1294 1802 1373 viro,
1849 1293 1918 1357 id
1963 1299 2124 1359 est:-
2156 1315 2196 1359 a
2240 1295 2414 1360 viro
2464 1297 2681 1361 sicut

354 1401 460 1465 ab
519 1400 779 1466 hoste.
890 1399 1043 1484 Ipse
1104 1401 1387 1484 denique
1436 1400 1664 1466 Livius
1709 1400 1851 1482 VH,
1903 1405 1982 1466 30
2029 1408 2193 1466 extr.
2242 1402 2335 1467 sic
2381 1403 2676 1488 scripsit:

355 1516 453 1573 ut
511 1514 652 1573 aut
697 1508 791 1573 de
838 1509 1146 1574 vestris
1192 1508 1502 1574 futuris
1551 1509 1807 1574 sociis
1853 1516 1992 1575 aut
2035 1498 2432 1593 nusquam
2476 1510 2677 1577 ullis

350 1616 674 1681 suturis
729 1615 966 1682 nobis
1025 1616 1473 1696 consulite,
1528 1617 1589 1681 h.
1639 1637 1728 1695 e.,
1789 1616 1882 1681 de
1939 1617 2174 1682 nobis
2230 1624 2316 1682 ut
2372 1625 2509 1685 aut
2553 1627 2673 1685 cet.

353 1732 425 1789 et
473 1723 773 1803 XXXIX,
833 1728 934 1803 28,
1001 1730 1110 1788 11:
1170 1723 1565 1789 Eumenes
1610 1730 1998 1807 tanquam
2044 1724 2141 1788 ad
2185 1725 2676 1792 Antiochum

353 1815 889 1916 spoliandum
968 1853 1084 1897 me
1164 1832 1423 1911 venit,
1503 1831 1619 1897 ubi
1696 1831 2278 1898 Drakenborchius
2346 1854 2381 1897 e
2449 1834 2674 1900 codice

356 1939 588 2006 infimo
637 1947 869 2005 contra
915 1946 1171 2007 ceteros
1220 1959 1446 2005 omnes
1495 1938 1705 2004 dedit:
1788 1945 2176 2022 tanquam
2233 1941 2328 2005 ad
2388 1941 2674 2008 Antio-

352 2049 589 2113 chum
646 2047 742 2112 ad
800 2047 1323 2130 spoliandum
1379 2068 1495 2112 me
1551 2048 1805 2127 venit3
1872 2048 1988 2139 sed
2046 2049 2246 2113 etiam
2303 2049 2673 2134 spolian-

353 2157 537 2220 dum
595 2154 679 2219 ad
726 2154 1121 2220 Antiochum
1175 2156 1500 2240 pertinet,
1551 2155 1679 2220 hac
1723 2157 2082 2221 sententia:
2151 2157 2247 2221 ad
2293 2178 2438 2237 me,
2493 2164 2672 2223 tan-

353 2284 593 2347 quam
639 2262 738 2327 ad
782 2262 1300 2341 Antiochum,
1356 2261 1902 2346 spoliandum.
2008 2262 2138 2329 Sed
2184 2286 2313 2346 quo
2363 2265 2671 2331 dubitan-

351 2373 492 2436 tius
548 2372 615 2435 in
659 2370 787 2436 hoc
828 2370 979 2436 loco
1028 2369 1107 2434 de
1149 2391 1296 2435 mea
1341 2370 1716 2453 suspicione
1763 2371 1927 2451 dixi,
1984 2391 2063 2438 eo
2109 2372 2558 2439 vehementius
2606 2381 2673 2439 et

351 2479 811 2563 indignantius
868 2497 1261 2562 conquerar,
1328 2478 1631 2560 proximo
1702 2480 2043 2561 superiore
2108 2501 2302 2545 versu
2359 2502 2478 2565 per
2538 2480 2669 2547 duo

351 2587 628 2667 saecula,
707 2588 761 2652 si
826 2585 1111 2651 Bekkeri
1191 2585 1546 2652 editionem
1627 2586 1949 2670 excipias,
2027 2588 2301 2654 retineri
2366 2590 2434 2654 in
2505 2589 2669 2655 Livii

354 2698 659 2762 oratione
728 2693 989 2760 foedum
1055 2694 1392 2759 mendum:
1477 2701 1666 2780 post
1733 2701 2149 2779 acceptam
2216 2698 2661 2780 proximam
2698 2709 2808 2778 (65)

350 2823 664 2888 pugnae,
705 2801 1048 2879 cladem,
1120 2802 1298 2885 quod
1359 2802 1727 2868 Gronovius
1786 2804 2155 2888 certissima
2212 2805 2669 2871 emendatione

360 2910 757 2977 sustulerat:
827 2914 1018 2993 post
1084 2917 1502 2995 acceptam
1569 2911 1938 2994 proxima
2003 2931 2269 2994 pugna
2334 2911 2663 2977 cladem.

352 3019 728 3083 Tantumne
787 3017 1073 3082 valuisse
1125 3016 1437 3083 lineolam
1484 3018 1800 3097 additam,
1847 3020 2216 3101 praesertim
2261 3019 2667 3103 praecedente

352 3124 866 3209 acceptam1),
912 3132 979 3190 et
1021 3125 1314 3190 litteram
1359 3144 1392 3187 6
1438 3145 1516 3189 ex
1563 3146 1593 3187 c
1632 3127 1930 3208 sequenti
1968 3122 2199 3205 ortam,
2248 3134 2318 3192 ut
2353 3134 2667 3209 tanquam

348 3235 700 3299 Livianum
766 3232 1051 3297 ferretur
1115 3253 1394 3316 pugnae
1474 3232 1750 3299 clades
1818 3240 1884 3300 et
1950 3236 2321 3319 proxima
2387 3256 2668 3319 pugnae

350 3341 639 3406 clades
673 3346 741 3405 et
777 3345 1119 3423 accepta
1154 3342 1520 3423 proxima
1554 3361 1834 3424 pugnae
1876 3341 2195 3407 clades?
2242 3342 2445 3426 Atqui
2480 3345 2666 3426 sequi

352 3449 716 3514 admonent
753 3446 930 3531 apud
964 3446 1217 3512 Livium
1253 3446 1315 3530 (ᾗ
1352 3448 1448 3529 7);
1496 3448 1885 3514 hesterna
1918 3449 2334 3516 felicitate
2369 3472 2665 3535 pugnae.

349 3557 589 3640 Itaque
636 3555 813 3638 quod
859 3555 1112 3619 incerta
1154 3552 1490 3619 felicitatis
1527 3556 1709 3621 notio
1748 3555 2055 3622 definitur
2091 3580 2372 3642 pugnae
2408 3560 2667 3624 nomine

348 3672 421 3729 et
468 3664 663 3729 simul
708 3663 1106 3728 adiectivum
1151 3662 1354 3727 habet
1397 3663 1809 3742 adiunctum,
1867 3664 2015 3729 ideo
2064 3687 2343 3750 pugnae
2390 3666 2667 3732 clades

246 3797 259 3806 ·
347 3781 534 3838 recte
593 3771 847 3837 dicetur
891 3777 957 3836 et
999 3771 1254 3835 Livium
1302 3770 1586 3835 scribere
1633 3771 1928 3853 potuisse
1975 3777 2338 3838 statuemus
2384 3774 2665 3856 primum

344 3881 537 3946 verbi
581 3900 784 3944 causa
840 3884 1030 3962 post
1089 3884 1507 3962 expertam
1550 3877 2023 3942 hesternam
2069 3901 2347 3963 pugnae
2392 3879 2666 3946 felici-

342 3997 648 4068 tatem,
740 3986 980 4052 deinde
1068 3992 1255 4070 post
1345 3990 1765 4067 acceptam
1855 3988 2297 4068 proximam
2383 4009 2665 4072 pugnae

344 4096 713 4162 cladem?
781 4093 910 4159 Sed
967 4115 1085 4158 cur
1140 4095 1205 4157 in
1266 4113 1398 4157 uno
1454 4091 1600 4156 loco
1660 4091 1984 4172 exclamO,
2053 4116 2254 4178 quum
2313 4097 2378 4160 in
2421 4103 2524 4162 tot
2566 4105 2664 4161 ta-

344 4205 543 4271 cendi
586 4203 751 4269 mihi
795 4202 1007 4285 legem
1053 4199 1380 4266 dixerim?

410 4387 453 4452 ¹)
493 4386 601 4440 Cfr.
640 4407 689 4443 c.
727 4389 823 4455 45,
870 4388 890 4440 l
955 4406 994 4441 n
1041 4386 1105 4440 M
1149 4387 1481 4441 memoria
1522 4385 1808 4454 pessimi
1854 4389 2154 4456 proximi
2204 4390 2390 4445 bello
2439 4409 2663 4445 exem-

487 4472 587 4539 pli
623 4489 731 4541 pro
764 4472 1093 4541 proximo,
