3230 5282
1477 612 1600 670 493
2277 620 2400 673 1211).
2437 620 2689 673 xxmn.
2745 675 2753 680 ,
2833 576 2841 584 ’

386 793 903 874 possessionem,
971 792 1181 874 ipsam
1240 815 1504 876 quoqne
1551 795 1896 869 iniustam,
1967 791 2430 874 subrepentem
2477 792 2692 855 aliena

389 900 825 980 possessionis
873 921 1073 963 causa
1119 908 1186 965 et
1231 907 1555 984 praetextu
1603 899 1880 978 usnm.¹)

555 1006 711 1089 Cap.
761 1012 873 1084 48,
945 1014 980 1071 5
1040 1006 1147 1087 (de
1201 1007 1575 1072 Hannibale
1625 1007 1914 1071 Cercinae
1975 1006 2204 1087 epulas
2264 1016 2537 1088 parante.
2596 1008 2679 1070 ad
2719 1017 2860 1083 (394)

383 1115 599 1197 fugam
659 1114 1120 1179 occultandam
1180 1124 1247 1179 et
1304 1116 1388 1179 ad
1446 1115 1909 1191 retardandOS,
1979 1115 2032 1177 si
2093 1116 2201 1194 qui
2260 1116 2566 1197 persequi
2626 1139 2692 1178 se

385 1222 683 1303 vellent):
752 1222 1193 1304 magistros
1252 1224 1566 1287 navium
1628 1228 2294 1302 mercatoresque
2354 1223 2691 1285 invitari

384 1332 634 1394 iussit
693 1336 770 1393 et
828 1329 1008 1393 vela
1056 1351 1225 1394 cnm
1272 1332 1662 1394 antennis
1712 1351 1799 1392 ex
1845 1329 2187 1392 navibus
2236 1331 2692 1410 corrogari,

385 1446 469 1501 ut
526 1437 809 1501 umbra
866 1436 1190 1514 (etenim
1249 1438 1510 1502 media
1568 1446 1809 1502 aestas
1868 1436 2085 1500 forte
2144 1437 2350 1515 erat)
2400 1458 2692 1517 cenan-

386 1545 604 1609 tibus
660 1546 733 1607 in
794 1544 1045 1608 litore
1103 1546 1374 1609 fieret.
1474 1544 1545 1607 In
1602 1544 1728 1611 hac
1774 1543 2080 1608 editionis
2126 1543 2298 1623 Mog.
2348 1544 2692 1626 scriptura,

386 1675 582 1734 quam
627 1652 1193 1716 Weissenbornius
1253 1654 1321 1715 in
1379 1650 1478 1715 ed.
1525 1651 1774 1715 Teubn.
1824 1653 2035 1715 tenuit
2080 1652 2258 1729 (nam
2306 1653 2370 1714 in
2420 1651 2690 1714 Weidm.

388 1760 437 1821 B
487 1768 746 1824 secutus
795 1758 940 1838 est),
999 1759 1162 1823 nihil
1211 1767 1331 1836 est,
1391 1760 1569 1841 quod
1615 1758 2010 1840 reprehendi
2059 1760 2285 1841 possit,
2346 1760 2469 1822 nisi
2519 1759 2690 1839 quod

393 1868 618 1931 umbra
666 1866 852 1930 fieri
898 1866 1113 1945 alicui,
1174 1889 1316 1949 quae
1365 1874 1637 1948 paretur
1683 1873 1749 1930 et
1794 1867 2186 1948 praebeatur,
2237 1887 2466 1947 parum
2514 1875 2691 1930 recte

385 1981 451 2038 et
506 1959 749 2038 usitate
811 1974 937 2038 dici
997 1974 1155 2038 mihi
1212 1974 1486 2037 videtur.
1602 1974 1729 2037 Sed
1789 1973 2202 2055 Kreyssigius
2251 1995 2283 2035 e
2333 1973 2384 2035 B
2433 1976 2685 2055 posuit:

386 2090 470 2145 ut
516 2082 804 2144 umbrae
854 2089 1040 2159 (tum
1087 2082 1347 2145 media
1395 2090 1633 2145 aestas
1681 2079 1892 2144 forte
1941 2080 2149 2159 erat)
2199 2081 2692 2144 cenantibus

385 2192 463 2253 in
531 2189 775 2253 litore
843 2188 1179 2266 fierent,
1246 2190 1312 2252 in
1386 2210 1519 2271 qua
1589 2189 1915 2270 scriptura
1978 2186 2079 2267 (ut
2148 2189 2480 2263 omittam,
2553 2210 2693 2251 nm-

388 2297 540 2360 bras
609 2295 845 2379 plurali
913 2317 1182 2360 numero
1251 2297 1355 2359 vix
1411 2298 1477 2359 in
1536 2317 1739 2378 prosa
1783 2297 2079 2358 oratione
2130 2295 2279 2370 dici,
2339 2296 2462 2358 nisi
2523 2296 2692 2359 forte

386 2405 500 2468 ubi
536 2403 819 2486 plurium
854 2424 1071 2467 rerum
1110 2404 1357 2468 umbrae
1396 2405 1649 2485 seiungi
1689 2401 2043 2484 cogitando
2086 2403 2355 2484 possint,
2397 2409 2471 2465 ut
2495 2401 2693 2477 XXV,

389 2516 489 2589 26,
555 2515 627 2573 15
688 2511 799 2574 ubi
848 2511 927 2574 de
974 2510 1273 2592 pluribus
1318 2512 1513 2576 tectis
1559 2510 1883 2575 umbrosis
1930 2509 2283 2591 cogitatur)
2341 2510 2693 2573 incommo-

390 2619 542 2683 dum
601 2625 667 2682 et
727 2617 1076 2682 manifesto
1133 2619 1435 2682 vitiosum
1496 2625 1596 2683 est
1641 2626 1798 2682 tum
1839 2619 1932 2682 sic
1969 2619 2286 2700 positum,
2356 2625 2692 2700 tamquam

389 2728 749 2790 cavendnm
784 2727 998 2802 fuerit,
1034 2748 1114 2789 ne
1151 2727 1297 2808 quis
1339 2726 1469 2789 alio
1508 2734 1801 2808 tempore
1839 2726 2119 2789 mediam
2156 2731 2454 2788 aestatem
2491 2724 2692 2788 fuisse

389 2841 673 2915 putaret.
746 2833 1041 2913 (Damals
1086 2854 1219 2896 war
1264 2854 1332 2896 es
1379 2833 1482 2897 die
1520 2833 1708 2896 Mitte
1747 2833 1861 2896 des
1899 2833 2244 2895 Sommers.
2315 2832 2692 2894 Diversissi-

388 2963 532 3005 mus
590 2949 691 3005 est
746 2941 927 3004 locus
973 2940 1126 3003 libri
1173 2940 1444 3017 XXVII,
1506 2942 1618 3016 33,
1684 2945 1752 3002 7:
1820 2947 1979 3002 tum
2040 2938 2311 3002 aedilis
2372 2938 2862 3015 curulis(395)

390 3054 598 3123 erat,
660 3049 834 3129 quod
891 3049 1290 3111 contrarium
1339 3055 1441 3110 est
1486 3048 1544 3110 ei
1593 3047 1855 3124 honori,
1913 3048 2020 3128 qui
2071 3054 2209 3108 tum
2256 3047 2465 3126 ipsum
2511 3066 2692 3108 man-

390 3155 586 3218 datus
654 3155 1010 3235 narratur.)
1122 3155 1350 3234 Itaque
1418 3163 1536 3217 aut
1603 3150 1946 3217 dicendum
2019 3158 2119 3216 est
2188 3153 2465 3215 umbra
2534 3161 2691 3215 tum

445 3425 497 3490 ¹)
537 3424 665 3492 Cap.
713 3427 807 3489 41,
869 3426 901 3476 5
957 3426 1138 3477 oratio
1192 3425 1271 3478 sic
1317 3423 1771 3491 interpungenda
1817 3427 1922 3474 est:
1990 3423 2277 3489 navigat
2323 3421 2690 3489 Ephesum,

524 3510 783 3578 legatis
821 3509 905 3561 ad
942 3509 1330 3576 Quinctium
1369 3509 1615 3574 missis,
1658 3508 1769 3574 qui
1809 3534 1877 3541 —
1904 3512 2214 3574 agerent.
2288 3505 2481 3558 Oram
2517 3508 2693 3559 Asiae

522 3596 757 3662 legens
823 3595 1142 3662 pervenit
1186 3596 1256 3647 in
1304 3594 1597 3661 Lyciam.
1691 3593 1754 3646 In
1801 3609 1920 3659 cap.
1969 3593 2060 3657 43,
2108 3595 2140 3643 9
2185 3590 2298 3656 (Ε1
2346 3590 2404 3642 P.
2445 3590 2693 3644 Porcio

522 3681 731 3733 Loecae
782 3679 861 3731 ad
900 3678 1243 3732 Etruriam
1294 3680 1483 3731 circa
1520 3678 1714 3731 Pisas
1763 3678 1986 3731 decem
2025 3676 2251 3729 millia
2287 3676 2587 3744 peditum
2630 3683 2695 3728 et

524 3765 571 3816 D
621 3764 894 3832 equites
952 3781 1029 3815 ex
1079 3763 1351 3818 Gallico
1410 3765 1724 3816 exercitu
1780 3763 2073 3825 decreti)
2135 3751 2398 3815 mendum
2446 3761 2690 3826 subesse,

522 3849 883 3917 perspicuum
926 3855 1009 3902 est
1045 3866 1112 3901 ex
1148 3866 1321 3917 pravo
1354 3866 1456 3900 usu
1488 3848 1904 3916 praepositionis
1941 3847 2021 3899 ad
2059 3846 2446 3912 (decernere
2483 3846 2690 3899 alicui

521 3934 787 3988 milites
851 3934 932 3986 ad
996 3933 1378 3999 Etruriam).
1484 3933 1872 4001 Scripseratne
1928 3931 2120 3984 Livius
2186 3936 2429 3984 tantum:
2496 3931 2580 3983 Et
2632 3930 2691 3982 1‘.

524 4017 771 4072 Porcio
807 4019 1017 4072 Laecae
1068 4020 1253 4071 circa
1280 4017 1527 4071 Pisas?
1586 4016 1740 4086 [Cap.
1777 4021 1863 4082 45,
1915 4022 1936 4068 l
1979 4016 2311 4084 particulam
2350 4022 2486 4069 tum
2525 4031 2693 4082 prave

525 4104 919 4171 interpositam
958 4101 1253 4170 Ussingius
1304 4104 1537 4155 notavit.
1617 4100 1784 4169 1863]
1877 4101 2052 4167 Quam
2102 4103 2159 4153 in
2206 4118 2324 4168 cap.
2363 4103 2456 4164 47,
2506 4104 2536 4152 3
2583 4100 2691 4152 iam

525 4205 569 4239 a.
625 4191 757 4240 1829
813 4204 1219 4255 proposueram
1280 4180 1730 4241 emendationem
1780 4188 2094 4240 evidentem
2144 4185 2505 4250 (furtorum
2552 4202 2688 4236 ma·

523 4273 764 4326 nubiis
814 4272 1110 4324 extortis
1156 4288 1284 4338 pro:
1340 4271 1531 4325 furto
1585 4290 1816 4324 eorum
1875 4271 2191 4323 manibus
2250 4269 2581 4334 extorto),
2636 4270 2690 4320 in

525 4372 647 4409 eam
683 4363 882 4424 postea
918 4356 1088 4408 etiam
1127 4355 1205 4405 W.
1246 4356 1460 4409 incidit.
2306 4351 2316 4361 '
