<?xml version="1.0" encoding="UTF-8"?>
<!DOCTYPE html PUBLIC "-//W3C//DTD XHTML 1.0 Transitional//EN"
    "http://www.w3.org/TR/xhtml1/DTD/xhtml1-transitional.dtd">
<html xmlns="http://www.w3.org/1999/xhtml" xml:lang="en" lang="en">
 <head>
  <title>
</title>
<meta http-equiv="Content-Type" content="text/html;charset=utf-8" />
  <meta name='ocr-system' content='tesseract 3.04.00' />
  <meta name='ocr-capabilities' content='ocr_page ocr_carea ocr_par ocr_line ocrx_word'/>
</head>
<body>
  <div class='ocr_page' id='page_1' title='image "./emendationesliv03madvgoog_0534.png"; bbox 0 0 3230 5282; ppageno 0'>
   <div class='ocr_carea' id='block_1_1' title="bbox 545 562 1753 627">
    <p class='ocr_par' dir='ltr' id='par_1_1' title="bbox 545 562 1753 627">
     <span class='ocr_line' id='line_1_1' title="bbox 545 562 1753 627; baseline -0.002 -2"><span class='ocrx_word' id='word_1_1' title='bbox 545 573 667 626; x_wconf 79' lang='lat' dir='ltr'>Lib.</span> <span class='ocrx_word' id='word_1_2' title='bbox 705 572 953 627; x_wconf 83' lang='lat' dir='ltr'>XXXVI.</span> <span class='ocrx_word' id='word_1_3' title='bbox 1631 562 1753 624; x_wconf 80' lang='grc'>520</span> 
     </span>
    </p>
   </div>
   <div class='ocr_carea' id='block_1_2' title="bbox 539 743 2857 2009">
    <p class='ocr_par' dir='ltr' id='par_1_2' title="bbox 539 743 2857 2009">
     <span class='ocr_line' id='line_1_2' title="bbox 546 743 2851 831; baseline 0 -24"><span class='ocrx_word' id='word_1_4' title='bbox 546 744 876 827; x_wconf 78' lang='lat' dir='ltr'>particula</span> <span class='ocrx_word' id='word_1_5' title='bbox 933 744 1335 831; x_wconf 80' lang='lat' dir='ltr'>copulativa,</span> <span class='ocrx_word' id='word_1_6' title='bbox 1391 746 1832 811; x_wconf 79' lang='lat' dir='ltr'>nominativus</span> <span class='ocrx_word' id='word_1_7' title='bbox 1890 745 1998 825; x_wconf 89' lang='lat' dir='ltr'>(et</span> <span class='ocrx_word' id='word_1_8' title='bbox 2064 746 2227 827; x_wconf 90' lang='lat' dir='ltr'>qui,</span> <span class='ocrx_word' id='word_1_9' title='bbox 2295 743 2851 828; x_wconf 72' lang='lat' dir='ltr'>praesentibus</span> 
     </span>
     <span class='ocr_line' id='line_1_3' title="bbox 548 850 2843 936; baseline 0 -23"><span class='ocrx_word' id='word_1_10' title='bbox 548 850 964 915; x_wconf 88' lang='lat' dir='ltr'>adulando</span> <span class='ocrx_word' id='word_1_11' title='bbox 1036 873 1374 934; x_wconf 81' lang='lat' dir='ltr'>semper,</span> <span class='ocrx_word' id='word_1_12' title='bbox 1440 887 1528 898; x_wconf 89' lang='lat'>--·</span> <span class='ocrx_word' id='word_1_13' title='bbox 1587 852 1990 933; x_wconf 88' lang='lat' dir='ltr'>utantur),</span> <span class='ocrx_word' id='word_1_14' title='bbox 2059 853 2138 917; x_wconf 92' lang='lat' dir='ltr'>de</span> <span class='ocrx_word' id='word_1_15' title='bbox 2208 872 2337 936; x_wconf 91' lang='lat' dir='ltr'>quo</span> <span class='ocrx_word' id='word_1_16' title='bbox 2407 873 2643 934; x_wconf 82' lang='lat' dir='ltr'>genere</span> <span class='ocrx_word' id='word_1_17' title='bbox 2712 850 2843 914; x_wconf 75' lang='lat' dir='ltr'>dixi</span> 
     </span>
     <span class='ocr_line' id='line_1_4' title="bbox 547 955 2855 1044; baseline -0.001 -23"><span class='ocrx_word' id='word_1_18' title='bbox 547 956 699 1021; x_wconf 89' lang='lat' dir='ltr'>olim</span> <span class='ocrx_word' id='word_1_19' title='bbox 775 957 859 1022; x_wconf 87' lang='lat' dir='ltr'>ad</span> <span class='ocrx_word' id='word_1_20' title='bbox 927 955 1056 1022; x_wconf 89' lang='lat' dir='ltr'>Cic.</span> <span class='ocrx_word' id='word_1_21' title='bbox 1105 958 1244 1022; x_wconf 91' lang='lat' dir='ltr'>Fin.</span> <span class='ocrx_word' id='word_1_22' title='bbox 1293 959 1374 1036; x_wconf 90' lang='lat' dir='ltr'>V,</span> <span class='ocrx_word' id='word_1_23' title='bbox 1450 965 1485 1024; x_wconf 87' lang='grc'>9</span> <span class='ocrx_word' id='word_1_24' title='bbox 1534 984 1594 1044; x_wconf 87' lang='lat' dir='ltr'>p.</span> <span class='ocrx_word' id='word_1_25' title='bbox 1646 966 1768 1025; x_wconf 81' lang='lat'>650</span> <span class='ocrx_word' id='word_1_26' title='bbox 1828 969 1893 1026; x_wconf 89' lang='lat' dir='ltr'>et</span> <span class='ocrx_word' id='word_1_27' title='bbox 1956 960 2192 1043; x_wconf 89' lang='lat' dir='ltr'>Opusc.</span> <span class='ocrx_word' id='word_1_28' title='bbox 2241 959 2441 1022; x_wconf 89' lang='lat' dir='ltr'>Acad.</span> <span class='ocrx_word' id='word_1_29' title='bbox 2489 959 2553 1021; x_wconf 89' lang='grc' dir='ltr'>ΙΙ</span> <span class='ocrx_word' id='word_1_30' title='bbox 2612 982 2673 1041; x_wconf 86' lang='lat' dir='ltr'>p.</span> <span class='ocrx_word' id='word_1_31' title='bbox 2727 962 2855 1020; x_wconf 68' lang='grc'>177</span> 
     </span>
     <span class='ocr_line' id='line_1_5' title="bbox 544 1063 2847 1151; baseline -0.001 -21"><span class='ocrx_word' id='word_1_32' title='bbox 544 1064 866 1144; x_wconf 88' lang='lat' dir='ltr'>(Gramm.</span> <span class='ocrx_word' id='word_1_33' title='bbox 914 1064 1057 1130; x_wconf 86' lang='lat' dir='ltr'>Lat.</span> <span class='ocrx_word' id='word_1_34' title='bbox 1108 1063 1141 1147; x_wconf 63' lang='grc' dir='ltr'>ἓ</span> <span class='ocrx_word' id='word_1_35' title='bbox 1190 1065 1358 1148; x_wconf 79' lang='lat'>323).</span> <span class='ocrx_word' id='word_1_36' title='bbox 1469 1068 1636 1132; x_wconf 83' lang='lat' dir='ltr'>Livii</span> <span class='ocrx_word' id='word_1_37' title='bbox 1693 1069 2018 1151; x_wconf 86' lang='lat' dir='ltr'>geminum</span> <span class='ocrx_word' id='word_1_38' title='bbox 2078 1074 2183 1132; x_wconf 88' lang='lat' dir='ltr'>est</span> <span class='ocrx_word' id='word_1_39' title='bbox 2238 1067 2607 1149; x_wconf 81' lang='lat' dir='ltr'>exemplum</span> <span class='ocrx_word' id='word_1_40' title='bbox 2655 1066 2718 1128; x_wconf 93' lang='lat' dir='ltr'>in</span> <span class='ocrx_word' id='word_1_41' title='bbox 2765 1065 2847 1142; x_wconf 75' lang='lat' dir='ltr'>X,</span> 
     </span>
     <span class='ocr_line' id='line_1_6' title="bbox 546 1170 2843 1257; baseline 0.001 -23"><span class='ocrx_word' id='word_1_42' title='bbox 546 1175 658 1250; x_wconf 78' lang='lat'>26,</span> <span class='ocrx_word' id='word_1_43' title='bbox 722 1176 789 1235; x_wconf 88' lang='lat'>6:</span> <span class='ocrx_word' id='word_1_44' title='bbox 860 1170 1093 1250; x_wconf 89' lang='lat' dir='ltr'>Sunt,</span> <span class='ocrx_word' id='word_1_45' title='bbox 1154 1174 1447 1255; x_wconf 89' lang='lat' dir='ltr'>quibus</span> <span class='ocrx_word' id='word_1_46' title='bbox 1503 1197 1595 1239; x_wconf 91' lang='lat' dir='ltr'>ne</span> <span class='ocrx_word' id='word_1_47' title='bbox 1644 1175 1807 1240; x_wconf 83' lang='lat' dir='ltr'>haec</span> <span class='ocrx_word' id='word_1_48' title='bbox 1854 1174 2170 1257; x_wconf 86' lang='lat' dir='ltr'>quidem</span> <span class='ocrx_word' id='word_1_49' title='bbox 2216 1174 2668 1238; x_wconf 89' lang='lat' dir='ltr'>certamina</span> <span class='ocrx_word' id='word_1_50' title='bbox 2713 1194 2843 1237; x_wconf 82' lang='lat' dir='ltr'>ex-</span> 
     </span>
     <span class='ocr_line' id='line_1_7' title="bbox 543 1279 2853 1370; baseline 0 -28"><span class='ocrx_word' id='word_1_51' title='bbox 543 1300 846 1362; x_wconf 82' lang='lat' dir='ltr'>ponere</span> <span class='ocrx_word' id='word_1_52' title='bbox 893 1281 1098 1345; x_wconf 87' lang='lat' dir='ltr'>satis</span> <span class='ocrx_word' id='word_1_53' title='bbox 1143 1280 1412 1370; x_wconf 18' lang='lat' dir='ltr'>fueri-t,</span> <span class='ocrx_word' id='word_1_54' title='bbox 1462 1283 1929 1347; x_wconf 88' lang='lat' dir='ltr'>adiecerint</span> <span class='ocrx_word' id='word_1_55' title='bbox 1974 1282 2128 1362; x_wconf 81' lang='lat' dir='ltr'>(hoc</span> <span class='ocrx_word' id='word_1_56' title='bbox 2173 1289 2302 1346; x_wconf 88' lang='lat' dir='ltr'>est:</span> <span class='ocrx_word' id='word_1_57' title='bbox 2364 1289 2439 1346; x_wconf 91' lang='lat' dir='ltr'>et</span> <span class='ocrx_word' id='word_1_58' title='bbox 2485 1282 2621 1363; x_wconf 89' lang='lat' dir='ltr'>qui</span> <span class='ocrx_word' id='word_1_59' title='bbox 2668 1279 2853 1359; x_wconf 79' lang='lat' dir='ltr'>adi.)-</span> 
     </span>
     <span class='ocr_line' id='line_1_8' title="bbox 544 1387 2842 1470; baseline 0 -20"><span class='ocrx_word' id='word_1_60' title='bbox 544 1394 624 1451; x_wconf 90' lang='lat' dir='ltr'>et</span> <span class='ocrx_word' id='word_1_61' title='bbox 667 1388 910 1470; x_wconf 90' lang='lat' dir='ltr'><strong>Appii</strong></span> <span class='ocrx_word' id='word_1_62' title='bbox 955 1387 1574 1454; x_wconf 78' lang='lat' dir='ltr'>criminationes</span> <span class='ocrx_word' id='word_1_63' title='bbox 1624 1398 1766 1468; x_wconf 65' lang='lat' dir='ltr'>cet„</span> <span class='ocrx_word' id='word_1_64' title='bbox 1822 1390 1936 1454; x_wconf 92' lang='lat' dir='ltr'>ubi</span> <span class='ocrx_word' id='word_1_65' title='bbox 1981 1389 2554 1454; x_wconf 87' lang='lat' dir='ltr'>Weissenbornius</span> <span class='ocrx_word' id='word_1_66' title='bbox 2602 1409 2669 1450; x_wconf 89' lang='lat' dir='ltr'>se</span> <span class='ocrx_word' id='word_1_67' title='bbox 2716 1407 2842 1450; x_wconf 92' lang='lat' dir='ltr'>non</span> 
     </span>
     <span class='ocr_line' id='line_1_9' title="bbox 544 1493 2853 1579; baseline -0.001 -21"><span class='ocrx_word' id='word_1_68' title='bbox 544 1494 890 1577; x_wconf 81' lang='lat' dir='ltr'>expedivit,</span> <span class='ocrx_word' id='word_1_69' title='bbox 947 1495 1146 1578; x_wconf 89' lang='lat' dir='ltr'>paulo</span> <span class='ocrx_word' id='word_1_70' title='bbox 1193 1495 1437 1574; x_wconf 91' lang='lat' dir='ltr'>durius,</span> <span class='ocrx_word' id='word_1_71' title='bbox 1497 1494 1675 1579; x_wconf 90' lang='lat' dir='ltr'>quod</span> <span class='ocrx_word' id='word_1_72' title='bbox 1722 1504 1874 1579; x_wconf 89' lang='lat' dir='ltr'>post</span> <span class='ocrx_word' id='word_1_73' title='bbox 1920 1497 2047 1561; x_wconf 92' lang='lat' dir='ltr'>duo</span> <span class='ocrx_word' id='word_1_74' title='bbox 2094 1496 2387 1561; x_wconf 82' lang='lat' dir='ltr'>membra</span> <span class='ocrx_word' id='word_1_75' title='bbox 2433 1516 2510 1559; x_wconf 83' lang='lat' dir='ltr'>ex</span> <span class='ocrx_word' id='word_1_76' title='bbox 2559 1493 2853 1576; x_wconf 85' lang='lat' dir='ltr'>quibus</span> 
     </span>
     <span class='ocr_line' id='line_1_10' title="bbox 541 1601 2843 1686; baseline -0.001 -19"><span class='ocrx_word' id='word_1_77' title='bbox 541 1610 608 1667; x_wconf 89' lang='lat' dir='ltr'>et</span> <span class='ocrx_word' id='word_1_78' title='bbox 653 1623 988 1683; x_wconf 90' lang='lat' dir='ltr'>quorum</span> <span class='ocrx_word' id='word_1_79' title='bbox 1031 1604 1098 1667; x_wconf 91' lang='lat' dir='ltr'>in</span> <span class='ocrx_word' id='word_1_80' title='bbox 1146 1603 1343 1668; x_wconf 86' lang='lat' dir='ltr'>tertio</span> <span class='ocrx_word' id='word_1_81' title='bbox 1392 1603 1660 1669; x_wconf 86' lang='lat' dir='ltr'>auditur</span> <span class='ocrx_word' id='word_1_82' title='bbox 1706 1612 1781 1669; x_wconf 89' lang='lat' dir='ltr'>et</span> <span class='ocrx_word' id='word_1_83' title='bbox 1825 1606 1989 1686; x_wconf 89' lang='lat' dir='ltr'>qui,</span> <span class='ocrx_word' id='word_1_84' title='bbox 2039 1606 2105 1668; x_wconf 94' lang='lat' dir='ltr'>in</span> <span class='ocrx_word' id='word_1_85' title='bbox 2150 1603 2257 1681; x_wconf 87' lang='lat' dir='ltr'>IX,</span> <span class='ocrx_word' id='word_1_86' title='bbox 2312 1610 2365 1680; x_wconf 92' lang='lat'>1,</span> <span class='ocrx_word' id='word_1_87' title='bbox 2414 1607 2468 1666; x_wconf 89' lang='lat'>9.</span> <span class='ocrx_word' id='word_1_88' title='bbox 2554 1603 2675 1680; x_wconf 88' lang='lat' dir='ltr'>(De</span> <span class='ocrx_word' id='word_1_89' title='bbox 2723 1601 2843 1664; x_wconf 88' lang='lat' dir='ltr'>cui</span> 
     </span>
     <span class='ocr_line' id='line_1_11' title="bbox 541 1706 2847 1798; baseline -0.001 -25"><span class='ocrx_word' id='word_1_90' title='bbox 541 1710 866 1775; x_wconf 90' lang='lat' dir='ltr'>dubium</span> <span class='ocrx_word' id='word_1_91' title='bbox 926 1709 1174 1775; x_wconf 90' lang='lat' dir='ltr'>dictum</span> <span class='ocrx_word' id='word_1_92' title='bbox 1221 1718 1323 1774; x_wconf 89' lang='lat' dir='ltr'>est</span> <span class='ocrx_word' id='word_1_93' title='bbox 1368 1711 1449 1775; x_wconf 88' lang='lat' dir='ltr'>ad</span> <span class='ocrx_word' id='word_1_94' title='bbox 1498 1711 1741 1791; x_wconf 90' lang='lat' dir='ltr'>XXIV,</span> <span class='ocrx_word' id='word_1_95' title='bbox 1796 1716 1913 1798; x_wconf 63' lang='lat'>45,</span> <span class='ocrx_word' id='word_1_96' title='bbox 1976 1712 2061 1792; x_wconf 84' lang='lat'>6.)</span> <span class='ocrx_word' id='word_1_97' title='bbox 2173 1710 2372 1775; x_wconf 87' lang='lat' dir='ltr'>Paulo</span> <span class='ocrx_word' id='word_1_98' title='bbox 2431 1718 2583 1793; x_wconf 91' lang='lat' dir='ltr'>post</span> <span class='ocrx_word' id='word_1_99' title='bbox 2629 1707 2689 1790; x_wconf 63' lang='grc' dir='ltr'>(ξ</span> <span class='ocrx_word' id='word_1_100' title='bbox 2741 1706 2847 1786; x_wconf 89' lang='grc'>10)</span> 
     </span>
     <span class='ocr_line' id='line_1_12' title="bbox 539 1817 2857 1902; baseline -0.002 -20"><span class='ocrx_word' id='word_1_101' title='bbox 539 1817 719 1883; x_wconf 91' lang='lat' dir='ltr'>nullo</span> <span class='ocrx_word' id='word_1_102' title='bbox 775 1818 969 1883; x_wconf 90' lang='lat' dir='ltr'>modo</span> <span class='ocrx_word' id='word_1_103' title='bbox 1026 1817 1183 1882; x_wconf 86' lang='lat' dir='ltr'>ferri</span> <span class='ocrx_word' id='word_1_104' title='bbox 1243 1825 1466 1901; x_wconf 89' lang='lat' dir='ltr'>potest</span> <span class='ocrx_word' id='word_1_105' title='bbox 1524 1841 1643 1902; x_wconf 91' lang='lat' dir='ltr'>per</span> <span class='ocrx_word' id='word_1_106' title='bbox 1700 1819 2122 1902; x_wconf 84' lang='lat' dir='ltr'>parenthesin</span> <span class='ocrx_word' id='word_1_107' title='bbox 2180 1819 2526 1883; x_wconf 88' lang='lat' dir='ltr'>interiecta</span> <span class='ocrx_word' id='word_1_108' title='bbox 2570 1818 2857 1881; x_wconf 50' lang='lat' dir='ltr'>interro-1</span> 
     </span>
     <span class='ocr_line' id='line_1_13' title="bbox 540 1925 2847 2009; baseline -0.002 -20"><span class='ocrx_word' id='word_1_109' title='bbox 540 1926 756 2009; x_wconf 84' lang='lat' dir='ltr'>gando</span> <span class='ocrx_word' id='word_1_110' title='bbox 825 1925 1052 1990; x_wconf 87' lang='lat' dir='ltr'>eadem</span> <span class='ocrx_word' id='word_1_111' title='bbox 1125 1925 1204 1990; x_wconf 89' lang='lat' dir='ltr'>de</span> <span class='ocrx_word' id='word_1_112' title='bbox 1263 1926 1508 2009; x_wconf 88' lang='lat' dir='ltr'>populo</span> <span class='ocrx_word' id='word_1_113' title='bbox 1569 1928 1866 1991; x_wconf 84' lang='lat' dir='ltr'>Romano</span> <span class='ocrx_word' id='word_1_114' title='bbox 1941 1927 2301 2004; x_wconf 86' lang='lat' dir='ltr'>sententia,</span> <span class='ocrx_word' id='word_1_115' title='bbox 2373 1946 2519 2008; x_wconf 86' lang='lat' dir='ltr'>quae</span> <span class='ocrx_word' id='word_1_116' title='bbox 2579 1927 2646 1987; x_wconf 90' lang='lat' dir='ltr'>in</span> <span class='ocrx_word' id='word_1_117' title='bbox 2702 1926 2847 2005; x_wconf 87' lang='lat' dir='ltr'>ipsa</span> 
     </span>
    </p>
   </div>
   <div class='ocr_carea' id='block_1_3' title="bbox 425 2029 2847 2118">
    <p class='ocr_par' dir='ltr' id='par_1_3' title="bbox 425 2029 2847 2118">
     <span class='ocr_line' id='line_1_14' title="bbox 425 2029 2847 2118; baseline -0.002 -21"><span class='ocrx_word' id='word_1_118' title='bbox 425 2055 432 2061; x_wconf 87' lang='lat'><strong>·</strong></span> <span class='ocrx_word' id='word_1_119' title='bbox 539 2034 853 2116; x_wconf 88' lang='lat' dir='ltr'>primaria</span> <span class='ocrx_word' id='word_1_120' title='bbox 899 2034 1196 2098; x_wconf 88' lang='lat' dir='ltr'>oratione</span> <span class='ocrx_word' id='word_1_121' title='bbox 1244 2041 1371 2111; x_wconf 90' lang='lat' dir='ltr'>est,</span> <span class='ocrx_word' id='word_1_122' title='bbox 1431 2035 1930 2118; x_wconf 81' lang='lat' dir='ltr'>rectissimeque</span> <span class='ocrx_word' id='word_1_123' title='bbox 1977 2034 2327 2098; x_wconf 86' lang='lat' dir='ltr'>Douiatius</span> <span class='ocrx_word' id='word_1_124' title='bbox 2389 2041 2456 2096; x_wconf 89' lang='lat' dir='ltr'>et</span> <span class='ocrx_word' id='word_1_125' title='bbox 2503 2029 2847 2095; x_wconf 84' lang='lat' dir='ltr'>Creverius</span> 
     </span>
    </p>
   </div>
   <div class='ocr_carea' id='block_1_4' title="bbox 523 2136 2853 4158">
    <p class='ocr_par' dir='ltr' id='par_1_4' title="bbox 537 2136 2853 2547">
     <span class='ocr_line' id='line_1_15' title="bbox 541 2136 2843 2224; baseline -0.003 -19"><span class='ocrx_word' id='word_1_126' title='bbox 541 2162 618 2205; x_wconf 85' lang='lat' dir='ltr'>ex</span> <span class='ocrx_word' id='word_1_127' title='bbox 700 2139 1089 2224; x_wconf 89' lang='lat' dir='ltr'>quicquid</span> <span class='ocrx_word' id='word_1_128' title='bbox 1167 2141 1463 2205; x_wconf 87' lang='lat' dir='ltr'>fecerunt</span> <span class='ocrx_word' id='word_1_129' title='bbox 1543 2143 1679 2223; x_wconf 90' lang='lat' dir='ltr'>qui</span> <span class='ocrx_word' id='word_1_130' title='bbox 1749 2142 1939 2223; x_wconf 90' lang='lat' dir='ltr'>quid</span> <span class='ocrx_word' id='word_1_131' title='bbox 2008 2141 2167 2221; x_wconf 91' lang='lat' dir='ltr'>(qui</span> <span class='ocrx_word' id='word_1_132' title='bbox 2238 2136 2584 2223; x_wconf 80' lang='lat' dir='ltr'>[Pyrrhus]</span> <span class='ocrx_word' id='word_1_133' title='bbox 2657 2136 2843 2218; x_wconf 90' lang='lat' dir='ltr'>quid</span> 
     </span>
     <span class='ocr_line' id='line_1_16' title="bbox 539 2245 2850 2332; baseline -0.002 -20"><span class='ocrx_word' id='word_1_134' title='bbox 539 2247 859 2312; x_wconf 88' lang='lat' dir='ltr'>tandem</span> <span class='ocrx_word' id='word_1_135' title='bbox 920 2249 1077 2311; x_wconf 88' lang='lat' dir='ltr'>erit</span> <span class='ocrx_word' id='word_1_136' title='bbox 1133 2248 1547 2312; x_wconf 82' lang='lat' dir='ltr'>vobiscum</span> <span class='ocrx_word' id='word_1_137' title='bbox 1607 2249 2223 2332; x_wconf 81' lang='lat' dir='ltr'>com1)aratus&#39;?).</span> <span class='ocrx_word' id='word_1_138' title='bbox 2318 2246 2444 2311; x_wconf 87' lang='lat' dir='ltr'>Sed</span> <span class='ocrx_word' id='word_1_139' title='bbox 2491 2253 2608 2310; x_wconf 88' lang='lat' dir='ltr'>aut</span> <span class='ocrx_word' id='word_1_140' title='bbox 2652 2245 2850 2309; x_wconf 85' lang='lat' dir='ltr'>fallor</span> 
     </span>
     <span class='ocr_line' id='line_1_17' title="bbox 539 2352 2853 2442; baseline -0.001 -24"><span class='ocrx_word' id='word_1_141' title='bbox 539 2362 654 2419; x_wconf 87' lang='lat' dir='ltr'>aut</span> <span class='ocrx_word' id='word_1_142' title='bbox 700 2354 892 2419; x_wconf 91' lang='lat' dir='ltr'>simul</span> <span class='ocrx_word' id='word_1_143' title='bbox 937 2356 1312 2420; x_wconf 87' lang='lat' dir='ltr'>necessario</span> <span class='ocrx_word' id='word_1_144' title='bbox 1360 2354 1776 2420; x_wconf 89' lang='lat' dir='ltr'>scribendum</span> <span class='ocrx_word' id='word_1_145' title='bbox 1824 2364 2021 2442; x_wconf 79' lang='lat' dir='ltr'>erat.</span> <span class='ocrx_word' id='word_1_146' title='bbox 2086 2352 2259 2432; x_wconf 84' lang='lat' dir='ltr'>Quid</span> <span class='ocrx_word' id='word_1_147' title='bbox 2304 2353 2505 2419; x_wconf 87' lang='lat' dir='ltr'>suerit</span> <span class='ocrx_word' id='word_1_148' title='bbox 2539 2352 2853 2436; x_wconf 79' lang='lat' dir='ltr'>PyrrhuS,</span> 
     </span>
     <span class='ocr_line' id='line_1_18' title="bbox 537 2461 2802 2547; baseline -0.001 -22"><span class='ocrx_word' id='word_1_149' title='bbox 537 2469 713 2527; x_wconf 88' lang='lat' dir='ltr'>recte</span> <span class='ocrx_word' id='word_1_150' title='bbox 762 2463 1096 2544; x_wconf 74' lang='lat' dir='ltr'>quaeritur,</span> <span class='ocrx_word' id='word_1_151' title='bbox 1146 2461 1229 2540; x_wconf 90' lang='lat' dir='ltr'>(si</span> <span class='ocrx_word' id='word_1_152' title='bbox 1274 2483 1448 2526; x_wconf 90' lang='lat' dir='ltr'>nunc</span> <span class='ocrx_word' id='word_1_153' title='bbox 1496 2463 1962 2546; x_wconf 83' lang='lat' dir='ltr'>comparetur),</span> <span class='ocrx_word' id='word_1_154' title='bbox 2010 2485 2139 2528; x_wconf 93' lang='lat' dir='ltr'>non</span> <span class='ocrx_word' id='word_1_155' title='bbox 2188 2462 2344 2547; x_wconf 91' lang='lat' dir='ltr'>quid</span> <span class='ocrx_word' id='word_1_156' title='bbox 2387 2462 2652 2525; x_wconf 85' lang='lat' dir='ltr'>futurus</span> <span class='ocrx_word' id='word_1_157' title='bbox 2700 2462 2802 2524; x_wconf 90' lang='lat' dir='ltr'>sit.</span> 
     </span>
    </p>

    <p class='ocr_par' dir='ltr' id='par_1_5' title="bbox 526 2567 2845 3620">
     <span class='ocr_line' id='line_1_19' title="bbox 710 2567 2844 2653; baseline -0 -21"><span class='ocrx_word' id='word_1_158' title='bbox 710 2567 867 2652; x_wconf 89' lang='lat' dir='ltr'>Cap.</span> <span class='ocrx_word' id='word_1_159' title='bbox 923 2573 1018 2647; x_wconf 83' lang='lat'>12,</span> <span class='ocrx_word' id='word_1_160' title='bbox 1068 2572 1135 2632; x_wconf 85' lang='lat'>6:</span> <span class='ocrx_word' id='word_1_161' title='bbox 1220 2570 1314 2632; x_wconf 90' lang='lat' dir='ltr'>ad</span> <span class='ocrx_word' id='word_1_162' title='bbox 1362 2591 1574 2653; x_wconf 87' lang='lat' dir='ltr'>spem</span> <span class='ocrx_word' id='word_1_163' title='bbox 1624 2569 1972 2651; x_wconf 75' lang='lat' dir='ltr'>vulgatae</span> <span class='ocrx_word' id='word_1_164' title='bbox 2021 2571 2482 2634; x_wconf 76' lang='lat' dir='ltr'>clementiae</span> <span class='ocrx_word' id='word_1_165' title='bbox 2528 2568 2844 2650; x_wconf 83' lang='lat' dir='ltr'>aliquot</span> 
     </span>
     <span class='ocr_line' id='line_1_20' title="bbox 535 2676 2843 2761; baseline -0.001 -19"><span class='ocrx_word' id='word_1_166' title='bbox 535 2677 821 2761; x_wconf 89' lang='lat' dir='ltr'>populi</span> <span class='ocrx_word' id='word_1_167' title='bbox 867 2677 1338 2742; x_wconf 79' lang='lat' dir='ltr'>Acarnaniae</span> <span class='ocrx_word' id='word_1_168' title='bbox 1385 2678 1886 2743; x_wconf 86' lang='lat' dir='ltr'>defecerunt.</span> <span class='ocrx_word' id='word_1_169' title='bbox 1956 2678 2257 2761; x_wconf 85' lang='lat' dir='ltr'>Vulgatae</span> <span class='ocrx_word' id='word_1_170' title='bbox 2302 2679 2435 2742; x_wconf 88' lang='lat' dir='ltr'>iam</span> <span class='ocrx_word' id='word_1_171' title='bbox 2483 2676 2843 2741; x_wconf 83' lang='lat' dir='ltr'>clementiae</span> 
     </span>
     <span class='ocr_line' id='line_1_21' title="bbox 537 2784 2845 2868; baseline -0.001 -19"><span class='ocrx_word' id='word_1_172' title='bbox 537 2807 685 2868; x_wconf 90' lang='lat' dir='ltr'>spes</span> <span class='ocrx_word' id='word_1_173' title='bbox 731 2806 862 2850; x_wconf 93' lang='lat' dir='ltr'>non</span> <span class='ocrx_word' id='word_1_174' title='bbox 908 2791 1026 2865; x_wconf 89' lang='lat' dir='ltr'>est,</span> <span class='ocrx_word' id='word_1_175' title='bbox 1072 2786 1186 2849; x_wconf 90' lang='lat' dir='ltr'>sed</span> <span class='ocrx_word' id='word_1_176' title='bbox 1232 2784 1442 2863; x_wconf 87' lang='lat' dir='ltr'>fama;</span> <span class='ocrx_word' id='word_1_177' title='bbox 1488 2807 1606 2849; x_wconf 91' lang='lat' dir='ltr'>nec</span> <span class='ocrx_word' id='word_1_178' title='bbox 1653 2785 1922 2868; x_wconf 84' lang='lat' dir='ltr'>vulgata</span> <span class='ocrx_word' id='word_1_179' title='bbox 1968 2795 2112 2850; x_wconf 87' lang='lat' dir='ltr'>erat</span> <span class='ocrx_word' id='word_1_180' title='bbox 2150 2784 2450 2850; x_wconf 83' lang='lat' dir='ltr'>Antiochi</span> <span class='ocrx_word' id='word_1_181' title='bbox 2497 2784 2845 2848; x_wconf 86' lang='lat' dir='ltr'>clementia</span> 
     </span>
     <span class='ocr_line' id='line_1_22' title="bbox 534 2892 2841 2975; baseline -0.002 -18"><span class='ocrx_word' id='word_1_182' title='bbox 534 2899 600 2957; x_wconf 88' lang='lat' dir='ltr'>et</span> <span class='ocrx_word' id='word_1_183' title='bbox 655 2895 720 2955; x_wconf 90' lang='lat' dir='ltr'>in</span> <span class='ocrx_word' id='word_1_184' title='bbox 777 2892 1002 2956; x_wconf 88' lang='lat' dir='ltr'>multis</span> <span class='ocrx_word' id='word_1_185' title='bbox 1060 2900 1362 2975; x_wconf 84' lang='lat' dir='ltr'>experta,</span> <span class='ocrx_word' id='word_1_186' title='bbox 1433 2893 1573 2971; x_wconf 89' lang='lat' dir='ltr'>sed,</span> <span class='ocrx_word' id='word_1_187' title='bbox 1645 2914 1840 2975; x_wconf 89' lang='lat' dir='ltr'>quam</span> <span class='ocrx_word' id='word_1_188' title='bbox 1902 2895 1965 2956; x_wconf 92' lang='lat' dir='ltr'>in</span> <span class='ocrx_word' id='word_1_189' title='bbox 2028 2913 2160 2957; x_wconf 87' lang='lat' dir='ltr'>una</span> <span class='ocrx_word' id='word_1_190' title='bbox 2217 2893 2379 2957; x_wconf 90' lang='lat' dir='ltr'>urbe</span> <span class='ocrx_word' id='word_1_191' title='bbox 2439 2892 2841 2965; x_wconf 82' lang='lat' dir='ltr'>ostenderat,</span> 
     </span>
     <span class='ocr_line' id='line_1_23' title="bbox 533 2999 2845 3085; baseline -0.001 -22"><span class='ocrx_word' id='word_1_192' title='bbox 533 3021 676 3064; x_wconf 90' lang='lat' dir='ltr'>eam</span> <span class='ocrx_word' id='word_1_193' title='bbox 735 3000 815 3064; x_wconf 90' lang='lat' dir='ltr'>ad</span> <span class='ocrx_word' id='word_1_194' title='bbox 873 2999 1094 3083; x_wconf 89' lang='lat' dir='ltr'>plures</span> <span class='ocrx_word' id='word_1_195' title='bbox 1151 3020 1504 3081; x_wconf 89' lang='lat' dir='ltr'>omnesque</span> <span class='ocrx_word' id='word_1_196' title='bbox 1549 3000 1945 3064; x_wconf 86' lang='lat' dir='ltr'>translatum</span> <span class='ocrx_word' id='word_1_197' title='bbox 1992 3002 2073 3064; x_wconf 90' lang='lat' dir='ltr'>iri</span> <span class='ocrx_word' id='word_1_198' title='bbox 2120 3000 2496 3085; x_wconf 84' lang='lat' dir='ltr'>sperabant.</span> <span class='ocrx_word' id='word_1_199' title='bbox 2610 2999 2845 3079; x_wconf 85' lang='lat' dir='ltr'>Itaque</span> 
     </span>
     <span class='ocr_line' id='line_1_24' title="bbox 532 3107 2839 3189; baseline -0.002 -16"><span class='ocrx_word' id='word_1_200' title='bbox 532 3108 954 3173; x_wconf 90' lang='lat' dir='ltr'>scribendum</span> <span class='ocrx_word' id='word_1_201' title='bbox 1000 3113 1134 3172; x_wconf 89' lang='lat' dir='ltr'>est:</span> <span class='ocrx_word' id='word_1_202' title='bbox 1204 3107 1303 3171; x_wconf 88' lang='lat' dir='ltr'>ad</span> <span class='ocrx_word' id='word_1_203' title='bbox 1358 3127 1575 3189; x_wconf 86' lang='lat' dir='ltr'>spem</span> <span class='ocrx_word' id='word_1_204' title='bbox 1631 3108 2030 3188; x_wconf 71' lang='lat' dir='ltr'>vulgandae</span> <span class='ocrx_word' id='word_1_205' title='bbox 2087 3108 2568 3182; x_wconf 76' lang='lat' dir='ltr'>clementiae,</span> <span class='ocrx_word' id='word_1_206' title='bbox 2616 3125 2839 3186; x_wconf 89' lang='lat' dir='ltr'>quem-</span> 
     </span>
     <span class='ocr_line' id='line_1_25' title="bbox 530 3212 2838 3297; baseline -0.003 -17"><span class='ocrx_word' id='word_1_207' title='bbox 530 3215 889 3281; x_wconf 88' lang='lat' dir='ltr'>admodum</span> <span class='ocrx_word' id='word_1_208' title='bbox 933 3213 1245 3279; x_wconf 89' lang='lat' dir='ltr'>scribitur</span> <span class='ocrx_word' id='word_1_209' title='bbox 1290 3213 1581 3291; x_wconf 88' lang='lat' dir='ltr'>XXXIV,</span> <span class='ocrx_word' id='word_1_210' title='bbox 1635 3218 1735 3294; x_wconf 75' lang='lat'>29,</span> <span class='ocrx_word' id='word_1_211' title='bbox 1786 3220 1853 3278; x_wconf 81' lang='lat'>8:</span> <span class='ocrx_word' id='word_1_212' title='bbox 1918 3236 2100 3297; x_wconf 88' lang='lat' dir='ltr'>spes</span> <span class='ocrx_word' id='word_1_213' title='bbox 2148 3214 2529 3278; x_wconf 73' lang='lat' dir='ltr'>dedendae</span> <span class='ocrx_word' id='word_1_214' title='bbox 2576 3212 2838 3287; x_wconf 79' lang='lat' dir='ltr'>urbis,</span> 
     </span>
     <span class='ocr_line' id='line_1_26' title="bbox 527 3321 2836 3402; baseline -0.003 -15"><span class='ocrx_word' id='word_1_215' title='bbox 527 3323 597 3387; x_wconf 92' lang='lat' dir='ltr'>id</span> <span class='ocrx_word' id='word_1_216' title='bbox 646 3329 760 3399; x_wconf 87' lang='lat' dir='ltr'>est,</span> <span class='ocrx_word' id='word_1_217' title='bbox 804 3322 966 3401; x_wconf 84' lang='lat' dir='ltr'>fore,</span> <span class='ocrx_word' id='word_1_218' title='bbox 1014 3327 1090 3385; x_wconf 92' lang='lat' dir='ltr'>ut</span> <span class='ocrx_word' id='word_1_219' title='bbox 1136 3321 1517 3400; x_wconf 84' lang='lat' dir='ltr'>dederetur3</span> <span class='ocrx_word' id='word_1_220' title='bbox 1567 3321 1697 3385; x_wconf 89' lang='lat' dir='ltr'>Cic.</span> <span class='ocrx_word' id='word_1_221' title='bbox 1747 3323 1830 3386; x_wconf 91' lang='lat' dir='ltr'>ad</span> <span class='ocrx_word' id='word_1_222' title='bbox 1856 3323 1992 3385; x_wconf 90' lang='lat' dir='ltr'>Att.</span> <span class='ocrx_word' id='word_1_223' title='bbox 2039 3321 2154 3397; x_wconf 89' lang='lat' dir='ltr'>III,</span> <span class='ocrx_word' id='word_1_224' title='bbox 2203 3326 2260 3398; x_wconf 87' lang='lat'>7,</span> <span class='ocrx_word' id='word_1_225' title='bbox 2310 3326 2376 3383; x_wconf 89' lang='lat'>3:</span> <span class='ocrx_word' id='word_1_226' title='bbox 2427 3340 2638 3402; x_wconf 87' lang='lat' dir='ltr'>spem</span> <span class='ocrx_word' id='word_1_227' title='bbox 2684 3340 2836 3382; x_wconf 89' lang='lat' dir='ltr'>mu-</span> 
     </span>
     <span class='ocr_line' id='line_1_27' title="bbox 529 3425 2839 3511; baseline -0.003 -16"><span class='ocrx_word' id='word_1_228' title='bbox 529 3431 956 3495; x_wconf 88' lang='lat' dir='ltr'>tandarum</span> <span class='ocrx_word' id='word_1_229' title='bbox 1010 3448 1306 3505; x_wconf 90' lang='lat' dir='ltr'>rerum,</span> <span class='ocrx_word' id='word_1_230' title='bbox 1367 3428 1446 3492; x_wconf 91' lang='lat' dir='ltr'>de</span> <span class='ocrx_word' id='word_1_231' title='bbox 1505 3429 1581 3492; x_wconf 89' lang='lat' dir='ltr'>R.</span> <span class='ocrx_word' id='word_1_232' title='bbox 1640 3429 1709 3492; x_wconf 92' lang='lat' dir='ltr'>P.</span> <span class='ocrx_word' id='word_1_233' title='bbox 1769 3428 1830 3491; x_wconf 95' lang='lat' dir='ltr'>II</span> <span class='ocrx_word' id='word_1_234' title='bbox 1891 3428 1923 3511; x_wconf 60' lang='grc' dir='ltr'>ξ</span> <span class='ocrx_word' id='word_1_235' title='bbox 1981 3435 2046 3492; x_wconf 81' lang='lat'>4:</span> <span class='ocrx_word' id='word_1_236' title='bbox 2118 3429 2211 3492; x_wconf 89' lang='lat' dir='ltr'>ob</span> <span class='ocrx_word' id='word_1_237' title='bbox 2270 3425 2839 3492; x_wconf 85' lang='lat' dir='ltr'>labefactandi</span> 
     </span>
     <span class='ocr_line' id='line_1_28' title="bbox 526 3533 2503 3620; baseline -0.002 -18"><span class='ocrx_word' id='word_1_238' title='bbox 526 3539 754 3620; x_wconf 86' lang='lat' dir='ltr'>regni</span> <span class='ocrx_word' id='word_1_239' title='bbox 801 3539 1188 3616; x_wconf 89' lang='lat' dir='ltr'>timorem,</span> <span class='ocrx_word' id='word_1_240' title='bbox 1235 3535 1300 3599; x_wconf 95' lang='lat' dir='ltr'>id</span> <span class='ocrx_word' id='word_1_241' title='bbox 1347 3541 1463 3615; x_wconf 90' lang='lat' dir='ltr'>est,</span> <span class='ocrx_word' id='word_1_242' title='bbox 1510 3556 1590 3600; x_wconf 90' lang='lat' dir='ltr'>ne</span> <span class='ocrx_word' id='word_1_243' title='bbox 1639 3533 2166 3601; x_wconf 82' lang='lat' dir='ltr'>labefactaretur.</span> <span class='ocrx_word' id='word_1_244' title='bbox 2259 3535 2503 3615; x_wconf 78' lang='lat'>(1865.)</span> 
     </span>
    </p>

    <p class='ocr_par' dir='ltr' id='par_1_6' title="bbox 523 3640 2839 4158">
     <span class='ocr_line' id='line_1_29' title="bbox 700 3640 2835 3729; baseline -0.004 -19"><span class='ocrx_word' id='word_1_245' title='bbox 700 3644 857 3729; x_wconf 88' lang='lat' dir='ltr'>Cap.</span> <span class='ocrx_word' id='word_1_246' title='bbox 913 3649 1017 3723; x_wconf 91' lang='grc'>14,</span> <span class='ocrx_word' id='word_1_247' title='bbox 1079 3648 1155 3708; x_wconf 88' lang='grc'>13</span> <span class='ocrx_word' id='word_1_248' title='bbox 1219 3644 1328 3724; x_wconf 91' lang='lat' dir='ltr'>(de</span> <span class='ocrx_word' id='word_1_249' title='bbox 1386 3643 1489 3707; x_wconf 84' lang='grc' dir='ltr'>Μ’.</span> <span class='ocrx_word' id='word_1_250' title='bbox 1538 3642 1749 3708; x_wconf 90' lang='lat' dir='ltr'>Acilio</span> <span class='ocrx_word' id='word_1_251' title='bbox 1799 3643 2184 3721; x_wconf 87' lang='lat' dir='ltr'>Glabrione,</span> <span class='ocrx_word' id='word_1_252' title='bbox 2251 3645 2318 3707; x_wconf 87' lang='lat' dir='ltr'>in</span> <span class='ocrx_word' id='word_1_253' title='bbox 2377 3664 2567 3725; x_wconf 89' lang='lat' dir='ltr'>quem</span> <span class='ocrx_word' id='word_1_254' title='bbox 2613 3640 2835 3703; x_wconf 86' lang='lat' dir='ltr'>Thau-</span> 
     </span>
     <span class='ocr_line' id='line_1_30' title="bbox 529 3748 2837 3836; baseline -0.003 -19"><span class='ocrx_word' id='word_1_255' title='bbox 529 3754 731 3818; x_wconf 86' lang='lat' dir='ltr'>macis</span> <span class='ocrx_word' id='word_1_256' title='bbox 779 3753 1419 3836; x_wconf 86' lang='lat' dir='ltr'>appropinquantem</span> <span class='ocrx_word' id='word_1_257' title='bbox 1465 3752 1773 3815; x_wconf 88' lang='lat' dir='ltr'>iuventus</span> <span class='ocrx_word' id='word_1_258' title='bbox 1822 3750 2078 3834; x_wconf 86' lang='lat' dir='ltr'>oppidi,</span> <span class='ocrx_word' id='word_1_259' title='bbox 2138 3771 2283 3835; x_wconf 75' lang='lat' dir='ltr'>quae</span> <span class='ocrx_word' id='word_1_260' title='bbox 2331 3757 2591 3815; x_wconf 84' lang='lat' dir='ltr'>armata</span> <span class='ocrx_word' id='word_1_261' title='bbox 2638 3748 2837 3813; x_wconf 83' lang='lat' dir='ltr'>silvas</span> 
     </span>
     <span class='ocr_line' id='line_1_31' title="bbox 526 3856 2839 3941; baseline -0.003 -16"><span class='ocrx_word' id='word_1_262' title='bbox 526 3870 592 3925; x_wconf 85' lang='lat' dir='ltr'>et</span> <span class='ocrx_word' id='word_1_263' title='bbox 635 3861 877 3927; x_wconf 89' lang='lat' dir='ltr'>itinera</span> <span class='ocrx_word' id='word_1_264' title='bbox 921 3859 1281 3935; x_wconf 86' lang='lat' dir='ltr'>insederat,</span> <span class='ocrx_word' id='word_1_265' title='bbox 1342 3856 1759 3938; x_wconf 80' lang='lat' dir='ltr'>incursavit):</span> <span class='ocrx_word' id='word_1_266' title='bbox 1830 3856 2128 3923; x_wconf 91' lang='lat' dir='ltr'>Consul</span> <span class='ocrx_word' id='word_1_267' title='bbox 2188 3859 2441 3941; x_wconf 91' lang='lat' dir='ltr'>primo</span> <span class='ocrx_word' id='word_1_268' title='bbox 2487 3858 2839 3933; x_wconf 85' lang='lat' dir='ltr'>mittere,</span> 
     </span>
     <span class='ocr_line' id='line_1_32' title="bbox 525 3964 2837 4053; baseline -0.004 -20"><span class='ocrx_word' id='word_1_269' title='bbox 525 3969 661 4053; x_wconf 91' lang='lat' dir='ltr'>qui</span> <span class='ocrx_word' id='word_1_270' title='bbox 730 3989 820 4033; x_wconf 82' lang='lat' dir='ltr'>ex</span> <span class='ocrx_word' id='word_1_271' title='bbox 877 3968 1329 4051; x_wconf 90' lang='lat' dir='ltr'>propinquo</span> <span class='ocrx_word' id='word_1_272' title='bbox 1388 3964 1961 4046; x_wconf 90' lang='lat' dir='ltr'>colloquentes</span> <span class='ocrx_word' id='word_1_273' title='bbox 2021 3965 2547 4030; x_wconf 85' lang='lat' dir='ltr'>deterrerent</span> <span class='ocrx_word' id='word_1_274' title='bbox 2604 3983 2737 4028; x_wconf 90' lang='lat' dir='ltr'>eos</span> <span class='ocrx_word' id='word_1_275' title='bbox 2794 3981 2837 4023; x_wconf 87' lang='lat' dir='ltr'>a</span> 
     </span>
     <span class='ocr_line' id='line_1_33' title="bbox 523 4070 2839 4158; baseline -0.003 -19"><span class='ocrx_word' id='word_1_276' title='bbox 523 4076 678 4141; x_wconf 90' lang='lat' dir='ltr'>tali</span> <span class='ocrx_word' id='word_1_277' title='bbox 715 4075 1026 4155; x_wconf 84' lang='lat' dir='ltr'>furore3</span> <span class='ocrx_word' id='word_1_278' title='bbox 1074 4080 1505 4158; x_wconf 88' lang='lat' dir='ltr'>postquam</span> <span class='ocrx_word' id='word_1_279' title='bbox 1555 4093 2086 4154; x_wconf 82' lang='lat' dir='ltr'>perseverare</span> <span class='ocrx_word' id='word_1_280' title='bbox 2133 4074 2210 4136; x_wconf 89' lang='lat' dir='ltr'>in</span> <span class='ocrx_word' id='word_1_281' title='bbox 2248 4074 2572 4154; x_wconf 88' lang='lat' dir='ltr'>incepto</span> <span class='ocrx_word' id='word_1_282' title='bbox 2608 4070 2839 4146; x_wconf 83' lang='lat' dir='ltr'>vidit,</span> 
     </span>
    </p>
   </div>
   <div class='ocr_carea' id='block_1_5' title="bbox 351 4177 2831 4271">
    <p class='ocr_par' dir='ltr' id='par_1_7' title="bbox 351 4177 2831 4271">
     <span class='ocr_line' id='line_1_34' title="bbox 351 4177 2831 4271; baseline -0.008 -14"><span class='ocrx_word' id='word_1_283' title='bbox 351 4201 618 4271; x_wconf 82' lang='grc'>(419)-</span> <span class='ocrx_word' id='word_1_284' title='bbox 663 4182 1173 4261; x_wconf 85' lang='lat' dir='ltr'>interclusit,</span> <span class='ocrx_word' id='word_1_285' title='bbox 1237 4216 1310 4226; x_wconf 90' lang='lat'>—</span> <span class='ocrx_word' id='word_1_286' title='bbox 1372 4180 1609 4261; x_wconf 90' lang='lat' dir='ltr'>cepit.</span> <span class='ocrx_word' id='word_1_287' title='bbox 1725 4179 1962 4243; x_wconf 86' lang='lat' dir='ltr'>Parum</span> <span class='ocrx_word' id='word_1_288' title='bbox 2032 4187 2228 4263; x_wconf 88' lang='lat' dir='ltr'>aptus</span> <span class='ocrx_word' id='word_1_289' title='bbox 2297 4186 2401 4244; x_wconf 88' lang='lat' dir='ltr'>est</span> <span class='ocrx_word' id='word_1_290' title='bbox 2467 4177 2831 4255; x_wconf 82' lang='lat' dir='ltr'>infinitivus</span> 
     </span>
    </p>
   </div>
   <div class='ocr_carea' id='block_1_6' title="bbox 521 4285 2840 4482">
    <p class='ocr_par' dir='ltr' id='par_1_8' title="bbox 521 4285 2840 4482">
     <span class='ocr_line' id='line_1_35' title="bbox 523 4285 2833 4374; baseline -0.004 -19"><span class='ocrx_word' id='word_1_291' title='bbox 523 4291 906 4371; x_wconf 88' lang='lat' dir='ltr'>historicus,</span> <span class='ocrx_word' id='word_1_292' title='bbox 975 4290 1090 4374; x_wconf 89' lang='lat' dir='ltr'>qui</span> <span class='ocrx_word' id='word_1_293' title='bbox 1146 4287 1473 4373; x_wconf 85' lang='lat' dir='ltr'>significat</span> <span class='ocrx_word' id='word_1_294' title='bbox 1530 4286 1868 4352; x_wconf 89' lang='lat' dir='ltr'>consulem</span> <span class='ocrx_word' id='word_1_295' title='bbox 1926 4287 2286 4352; x_wconf 88' lang='lat' dir='ltr'>identidem</span> <span class='ocrx_word' id='word_1_296' title='bbox 2341 4285 2638 4351; x_wconf 89' lang='lat' dir='ltr'>homines</span> <span class='ocrx_word' id='word_1_297' title='bbox 2683 4285 2833 4348; x_wconf 89' lang='lat' dir='ltr'>mit·</span> 
     </span>
     <span class='ocr_line' id='line_1_36' title="bbox 521 4392 2840 4482; baseline -0.003 -19"><span class='ocrx_word' id='word_1_298' title='bbox 521 4405 659 4465; x_wconf 86' lang='lat' dir='ltr'>tere</span> <span class='ocrx_word' id='word_1_299' title='bbox 707 4400 1002 4482; x_wconf 91' lang='lat' dir='ltr'>coepisse</span> <span class='ocrx_word' id='word_1_300' title='bbox 1050 4405 1116 4463; x_wconf 87' lang='lat' dir='ltr'>et</span> <span class='ocrx_word' id='word_1_301' title='bbox 1161 4399 1225 4461; x_wconf 92' lang='lat' dir='ltr'>in</span> <span class='ocrx_word' id='word_1_302' title='bbox 1273 4418 1350 4461; x_wconf 91' lang='lat' dir='ltr'>eo</span> <span class='ocrx_word' id='word_1_303' title='bbox 1398 4392 1807 4477; x_wconf 87' lang='lat' dir='ltr'>aliquamdiu</span> <span class='ocrx_word' id='word_1_304' title='bbox 1851 4397 2245 4478; x_wconf 85' lang='lat' dir='ltr'>perstitisse,</span> <span class='ocrx_word' id='word_1_305' title='bbox 2315 4395 2417 4458; x_wconf 90' lang='lat' dir='ltr'>cui</span> <span class='ocrx_word' id='word_1_306' title='bbox 2478 4414 2677 4457; x_wconf 90' lang='lat' dir='ltr'>unum</span> <span class='ocrx_word' id='word_1_307' title='bbox 2728 4411 2840 4456; x_wconf 89' lang='lat' dir='ltr'>co·—</span> 
     </span>
    </p>
   </div>
  </div>
 </body>
</html>
