3230 5282
620 614 744 668 Lib.
782 611 974 667 XLIV.
1709 600 1832 660 690

623 786 1158 852 Weissenbornio
1224 786 1292 849 in
1348 791 1635 850 mentem
1690 786 1868 848 venit
1936 806 2013 847 ex
2077 782 2209 849 illis
2274 785 2563 866 vestigiis
2633 783 2925 850 efficere:

625 895 1090 978 compulsus
1159 914 1418 958 essem
1484 893 1581 957 ad
1641 893 2133 975 petitionem
2190 893 2710 970 consulatus,
2777 913 2927 975 quae

626 1010 887 1087 poterat
929 1004 996 1067 in
1043 1024 1118 1067 eo
1167 1023 1305 1067 esse
1351 1002 1526 1085 vulgi
1569 1001 1904 1066 hominum
1950 1001 2301 1085 gratulatio
2339 1008 2406 1066 et
2450 1002 2624 1084 quod
2672 1010 2815 1067 erat
2861 1003 2929 1066 id

626 1133 826 1176 unum
874 1109 1204 1195 tempus‘?)
1294 1111 1370 1175 In
1416 1111 1648 1176 eadem
1696 1111 1996 1176 oratione
2043 1110 2241 1194 paulo
2300 1111 2472 1175 infra
2531 1109 2591 1193 (ξ
2637 1113 2703 1188 4)
2764 1113 2931 1175 scri·

625 1220 834 1285 bitur:
904 1219 1123 1285 Illud
1189 1218 1608 1284 affirmare
1678 1241 1816 1303 pro
1885 1226 2111 1285 certo
2180 1219 2432 1284 habeo
2502 1219 2930 1303 audeoque

625 1350 739 1393 me
787 1329 994 1393 omni
1042 1349 1188 1412 ope
1237 1328 1725 1393 adnisurum
1782 1349 1985 1408 esse,
2053 1336 2197 1414 cet.¹
2270 1325 2557 1394 Offendit
2601 1336 2671 1394 et
2712 1329 2933 1393 inanis

628 1437 818 1521 copia
874 1437 1252 1515 verborum,
1317 1458 1519 1521 quum
1577 1437 1904 1520 superiori
1973 1459 2302 1521 sperare
2371 1458 2697 1520 possum
2770 1438 2943 1501 satis

626 1546 1025 1631 respondeat
1091 1541 1516 1609 affirmare
1582 1567 1645 1628 p.
1694 1565 1746 1608 c.
1808 1544 2096 1623 audeo,
2167 1552 2235 1611 et
2287 1567 2562 1630 pravum
2620 1545 2933 1627 loquendi

629 1677 833 1739 genus
878 1675 1021 1738 pro
1083 1649 1304 1718 certo
1350 1652 1612 1718 habeo
1674 1651 2138 1732 affirmare,
2185 1676 2382 1736 quum
2428 1654 2610 1718 aliud
2655 1655 2742 1718 sit
2788 1675 2935 1736 pro

629 1769 858 1829 certo
902 1761 1058 1827 hab
1075 1782 1204 1826 ere
1261 1783 1382 1828 nec
1428 1782 1576 1825 cum
1623 1761 1902 1844 simplici
1946 1762 2265 1840 infinitivo
2314 1764 2766 1844 coniungatur.
2856 1761 2935 1825 In

631 1872 856 1937 codice
925 1869 1235 1936 scribitur
1300 1869 1562 1935 habeo
1652 1871 1909 1935 audeo
1990 1872 2126 1936 sine
2205 1869 2459 1954 copula.
2571 1869 2943 1946 LibrariuS,

631 2001 834 2064 quum
901 1959 1187 2044 scribere
1237 1959 1554 2044 deberet:
1624 1978 2055 2045 affirmare
2123 2001 2267 2063 pro
2345 1984 2572 2043 certo
2641 1978 2937 2054 audeo,

633 2091 933 2172 primum,
979 2087 1222 2152 oblitus
1266 2108 1413 2170 pro
1462 2093 1686 2151 certo
1733 2108 1880 2151 cum
1927 2086 2299 2151 affirmandi
2343 2086 2539 2152 verbo
2586 2087 2943 2162 cohaerere,

633 2198 886 2282 posuit:
956 2216 1096 2279 pro
1158 2200 1384 2259 certo
1442 2193 1729 2274 habe0‚
1779 2194 2016 2260 deinde
2062 2216 2286 2260 verum
2332 2193 2640 2275 (audeo)
2689 2195 2941 2260 substi-

634 2307 782 2371 tuit.
872 2304 1159 2381 Deinde,
1209 2305 1520 2387 quoniam
1566 2304 1634 2368 in
1681 2301 1714 2386 ἓ
1761 2307 1798 2366 6
1865 2303 2097 2368 vulnus
2153 2310 2412 2368 tantum
2467 2304 2725 2387 aperire
2781 2324 2940 2387 pos-

634 2435 798 2493 sum,
845 2435 979 2477 non
1024 2412 1347 2492 sanare1),
1393 2413 1462 2476 in
1508 2410 1646 2494 §10
1694 2411 2006 2495 pusillum
2043 2412 2347 2477 mendum
2381 2411 2629 2477 tollam.
2698 2410 2947 2476 Editur

636 2523 840 2588 enim:
908 2541 1170 2604 neque
1238 2521 1449 2585 enim
1494 2540 1766 2584 omnes
1824 2527 1986 2585 tam
2052 2519 2267 2584 firmi
2335 2527 2412 2585 et
2479 2521 2945 2585 constantis

638 2628 810 2712 (cod.
861 2626 1302 2710 contactis)
1373 2628 1617 2693 animi
1685 2634 1968 2694 contra
2035 2628 2473 2694 adversum
2539 2650 2941 2694 rumorem

466 2745 608 2815 (5⁷2)
648 2760 823 2806 esse
891 2743 1234 2823 possunt
1301 2758 1533 2820 quam
1600 2735 1900 2802 Fabius
1964 2737 2140 2802 fuit.
2242 2735 2399 2802 Cod.
2468 2745 2809 2820 possent
2875 2759 2953 2821 q.

639 2849 938 2919 Fabius
983 2845 1184 2925 fuit3
1231 2844 1651 2913 scribendum
1688 2851 1822 2909 est:
1872 2854 2227 2928 possunt
2263 2867 2493 2929 quam
2529 2844 2603 2921 Q.
2643 2844 2948 2910 Fabius

636 2958 819 3023 fuit.
911 2955 1081 3020 Nam
1125 2955 1521 3038 praenomine
1568 2972 1795 3017 carere
1858 2952 1997 3017 haec
2042 2954 2327 3019 hominis
2383 2976 2513 3018 non
2571 2960 2728 3019 ante
2773 2975 2951 3018 com-

638 3064 984 3131 memorati
1035 3062 1440 3145 significatio
1506 3061 1754 3143 nequit.
1844 3061 2187 3127 Postremo
2257 3061 2290 3145 ἓ
2343 3066 2417 3125 13
2486 3062 2806 3145 (Itaque
2878 3065 2945 3126 si

640 3174 820 3259 quis
866 3177 1015 3250 est,
1085 3173 1247 3253 qui,
1293 3170 1511 3256 quod
1557 3191 1592 3234 e
1638 3190 1722 3233 re
1785 3192 1847 3253 p.
1894 3171 2033 3250 sit,
2100 3170 2439 3236 suadere
2487 3192 2570 3235 se
2618 3171 2814 3234 mihi
2860 3172 2939 3234 in

643 3304 729 3347 eo
776 3281 1039 3358 bello,
1085 3278 1296 3362 quod
1341 3285 1731 3361 gesturus
1780 3300 1974 3358 sum,
2022 3277 2413 3357 confidat,
2460 3280 2527 3343 is
2572 3301 2665 3344 ne
2714 3279 2949 3343 dene-

693 3550 737 3618 ι)
775 3552 839 3606 In
875 3552 996 3605 cod.
1036 3552 1118 3607 sic
1154 3551 1437 3606 scribitur:
1482 3550 1646 3615 Vos,
1686 3568 1830 3619 quae
1869 3552 2224 3619 scripsero
2261 3551 2532 3605 senatui
2572 3558 2686 3603 aut.
2730 3551 2927 3603 vobis

777 3653 998 3693 mores
1044 3636 1505 3699 crudelitatis
1552 3642 1801 3690 vestrae
1839 3637 2130 3702 adlatis,
2180 3653 2463 3704 quorum
2500 3643 2607 3689 cet„
2683 3633 2932 3688 Credu-

779 3723 1050 3777 litatem
1086 3729 1240 3777 recte
1277 3722 1548 3791 Grynaeus
1582 3722 1899 3788 substituit3
1939 3720 2037 3775 sed
2071 3737 2251 3788 neque
2303 3719 2538 3787 cred0,
2587 3737 2732 3789 quae
2780 3721 2937 3775 scri-

778 3808 916 3875 bis,
969 3807 1232 3862 Latinum
1289 3825 1408 3862 esse
1441 3826 1546 3878 pro
1582 3824 1667 3875 eo,
1722 3808 1869 3874 quod
1916 3814 2025 3861 est:
2082 3805 2291 3860 credo
2350 3823 2505 3860 vera
2557 3823 2733 3872 esse,
2788 3822 2927 3874 quae

786 3908 946 3957 scr„
983 3898 1107 3947 aut:
1147 3892 1350 3947 credo
1385 3893 1662 3948 litteris
1699 3894 1862 3960 tuis,
1898 3892 2029 3947 hinc
2066 3890 2443 3959 confirmatur,
2480 3909 2661 3961 neque
2696 3908 2777 3946 ne
2812 3891 2939 3944 ala·

781 3978 874 4032 tis
905 3994 1005 4047 pro
1035 3995 1114 4032 ne
1142 3979 1289 4031 alne
1302 3979 1463 4032 ritis
1495 3979 1557 4032 in
1591 3977 1943 4048 prohibendo
1973 3977 2101 4031 dici.
2158 3975 2364 4031 Forma
2389 3978 2648 4031 universa
2674 3976 2941 4031 orationis

780 4063 901 4118 haec
936 4062 1146 4118 fuerat:
1193 4063 1352 4131 Vos,
1392 4080 1536 4132 quae
1573 4065 1923 4133 scripsero
1960 4062 2229 4117 senatui
2266 4070 2383 4116 aut
2416 4064 2631 4127 vobis,
2672 4080 2747 4116 ea
2782 4078 2937 4115 vers

783 4166 930 4202 esse
984 4149 1322 4217 credatis,
1378 4166 1574 4216 rogo,
1643 4165 1814 4203 neve
1870 4165 2179 4203 rumores
2224 4147 2658 4203 credulitate
2711 4156 2935 4203 vestra

784 4234 1024 4300 alatis,
1061 4253 1344 4304 quorum
1379 4242 1486 4288 cet.
1556 4234 1734 4288 Paulo
1788 4240 1920 4302 post
1975 4232 2027 4303 (ξ
2064 4232 2117 4300 8)
2173 4233 2233 4288 in
2281 4234 2478 4288 codice
2533 4235 2818 4289 scribitur:
2867 4232 2933 4284 iu

785 4321 1158 4374 convisunt
1211 4321 1324 4388 qui
1379 4320 1733 4373 exercitus
1787 4318 1855 4372 in
1908 4318 2453 4385 macemducent‚
2510 4336 2634 4387 quse
2671 4317 2934 4388 Grynaeus

783 4410 936 4458 recte
973 4405 1296 4460 emendasse
1332 4405 1559 4458 videtur
1594 4401 1727 4472 [nisi
1771 4403 1924 4471 quod
1969 4420 2071 4472 pro
2118 4403 2375 4459 ducant
2410 4403 2762 4459 scribendum
2794 4400 2937 4453 vide-

783 4496 881 4543 tur
917 4487 1290 4557 inducantJ.
