3230 5282
661 639 782 698 Lib.
820 639 1012 695 XLIV.
1752 629 1875 689 708

661 818 934 896 guntur:
1002 811 1162 896 Ego
1230 818 1506 878 autem
1573 833 1831 896 neque
1911 833 2365 878 mansurum
2432 834 2607 878 eum
2670 811 2958 894 (hostem

663 920 930 1001 Persea)
997 941 1254 1005 neque
1322 921 1401 984 in
1468 920 1715 985 aciem
1784 915 2068 1004 copias
2147 920 2622 986 educturum
2700 919 2959 988 fuisse

664 1034 971 1094 certum
1015 1027 1304 1107 habe0‚
1375 1029 1441 1094 si
1486 1027 1772 1093 cedere
1838 1028 2022 1094 hinc
2081 1029 2542 1094 statuisset.
2631 1028 2959 1107 Quanto

664 1137 870 1202 enim
914 1125 1251 1202 facilius
1297 1136 1526 1202 abire
1582 1135 1768 1216 fuit,
1840 1158 2074 1221 quum
2128 1136 2412 1221 procul
2470 1135 2961 1216 abessemus‚

664 1265 894 1329 quam
952 1265 1190 1323 nunc,
1258 1265 1489 1327 quum
1544 1246 1621 1309 in
1678 1244 2141 1310 cervicibus
2209 1246 2522 1310 sumus?
2610 1244 2770 1311 Nec
2814 1243 2962 1311 fal-

661 1349 872 1417 leret
914 1373 1053 1418 nos
1099 1353 1473 1418 interdiu
1517 1357 1656 1418 aut
1701 1359 1940 1418 nocte
1986 1351 2370 1419 abeundo.
2441 1351 2646 1429 Quid
2691 1359 2965 1418 autem

664 1466 789 1526 est
833 1461 1077 1526 nobis
1124 1461 1497 1546 optatius
1544 1481 1776 1544 quam
1843 1467 1959 1540 ut,
2029 1481 2375 1542 quorum,
2427 1467 2708 1526 castra
2765 1483 2963 1545 prae-

664 1569 838 1635 alta
881 1568 1251 1634 fluminis
1295 1569 1478 1652 ripa
1522 1575 1806 1634 tuta—
1840 1588 2312 1652 oppugnare
2348 1569 2625 1634 adorti
2672 1590 2966 1648 sumuS,

664 1698 794 1742 eos
838 1712 923 1723 —
966 1679 1276 1761 agmine
1326 1675 1593 1742 effuso
1641 1676 2034 1742 abeuntes
2081 1711 2163 1720 —
2208 1675 2303 1741 ab
2350 1684 2580 1760 tergo
2629 1675 2958 1743 adoria-

663 1785 878 1849 mur?
967 1784 1104 1867 (Sic
1147 1785 1563 1869 Kreyssigius
1609 1791 1680 1850 et
1712 1784 2315 1866 Weissenbornius;
2361 1791 2560 1850 antea
2605 1784 2969 1850 edebatur:

663 1891 825 1958 Nec
903 1892 1246 1959 falleret
1324 1915 1471 1958 nos
1529 1914 1675 1958 nec
1730 1892 2105 1958 interdiu
2172 1913 2311 1958 nec
2366 1899 2604 1959 nocte
2671 1893 2966 1958 abeun-

664 2001 778 2067 do.
870 2001 1074 2080 Quid
1140 2008 1262 2067 cet.
1353 1999 1572 2068 Codex
1637 2000 1867 2066 habet:
1926 2022 2067 2065 nec
2110 1999 2406 2066 fallere
2472 2022 2612 2066 nos
2666 2022 2812 2066 nec
2855 2002 2968 2065 in-

664 2110 940 2174 terdiu
975 2116 1111 2175 aut
1153 2116 1389 2176 nocte
1435 2108 1915 2176 abeundtem
1961 2114 2086 2174 est
2128 2107 2357 2173 nobis
2404 2114 2735 2193 optatus
2781 2130 2967 2192 qua·

665 2238 830 2282 rum
883 2224 970 2283 ut
1036 2239 1370 2301 quorum
1437 2224 1712 2294 castra
1778 2224 1898 2282 cet.
1989 2217 2398 2301 Kreyssigius
2465 2238 2680 2300 neque
2750 2220 2969 2282 omnia

663 2325 975 2390 indicavit
1034 2332 1101 2391 et
1155 2325 1443 2406 erravit.)
1554 2325 1845 2390 Primum
1912 2325 1995 2390 ab
2052 2323 2176 2390 hac
2243 2324 2682 2408 descriptione
2752 2331 2967 2390 status

666 2433 822 2512 eine,
868 2433 980 2517 qui
1023 2454 1201 2498 nunc
1247 2440 1379 2499 est:
1448 2455 1678 2519 quam
1743 2454 1981 2514 nunc,
2051 2454 2287 2517 quum
2353 2434 2435 2498 in
2503 2433 2967 2498 cervicibus

665 2561 965 2620 sumus,
1010 2562 1208 2624 prave
1257 2549 1603 2625 separatur
1648 2548 1861 2608 totum
1906 2541 2099 2621 illud,
2146 2541 2323 2623 quod
2369 2541 2599 2607 eodem
2644 2542 2965 2624 pertinet:

666 2670 811 2715 nec
854 2648 1204 2715 falleret
1248 2657 1368 2716 cet.
1457 2652 1709 2716 Deinde
1753 2672 1887 2716 non
1931 2656 2112 2715 recte
2159 2649 2237 2715 de
2284 2671 2389 2730 e0,
2437 2649 2614 2735 quod
2659 2670 2863 2729 nunc,
2909 2651 2966 2715 si

666 2764 878 2824 tentet
923 2758 1234 2840 Perseus,
1302 2758 1444 2824 fieri
1488 2765 1799 2842 nequeat,
1857 2759 2122 2842 ponitur
2166 2779 2311 2824 nec
2375 2757 2715 2824 falleret
2782 2757 2962 2843 (proz

497 2876 643 2944 (588)
680 2887 824 2932 nec
870 2864 1118 2932 fallet
1161 2874 1278 2932 aut
1320 2869 1389 2932 in
1434 2866 1765 2951 fingendo:
1809 2887 1953 2931 nec
1996 2865 2285 2949 fallat).
2347 2866 2684 2931 Accedunt
2718 2866 2965 2932 codicis

668 2976 971 3059 vestigia,
1040 2997 1118 3040 ex
1186 2976 1425 3058 quibus
1479 2975 1902 3041 manifestum
1961 2981 2093 3053 est,
2154 2975 2248 3038 sic
2304 2975 2723 3040 scribendum
2790 2996 2963 3040 esse:

668 3104 904 3166 quum
949 3084 1030 3147 in
1076 3084 1537 3149 cervicibus
1585 3105 1860 3149 sumus
1907 3104 2053 3148 nec
2086 3082 2378 3168 fallere
2425 3081 2622 3165 (cod.)
2669 3104 2812 3148 nos
2860 3084 2964 3148 in-

667 3191 940 3257 terdiu
985 3199 1123 3257 aut
1165 3198 1404 3257 nocte
1470 3191 1841 3258 abeundo
1890 3196 2183 3276 potest.
2272 3190 2480 3270 Quid
2526 3197 2797 3256 autem
2839 3199 2964 3256 est

667 3299 904 3365 nobis
952 3300 1341 3384 optatius
1387 3321 1619 3382 quam
1667 3307 1753 3365 ut
1798 3300 1993 3383 cet.¹)

839 3404 995 3491 Cap.
1041 3412 1142 3486 41,
1196 3413 1225 3472 l
1276 3414 1343 3473 et
1387 3413 1425 3472 2
1494 3408 1588 3489 (in
1644 3408 2088 3492 descriptione
2154 3408 2389 3491 proelii
2456 3408 2543 3473 ad
2607 3407 2958 3492 Pydnam):

668 3514 1230 3595 Intervallum,
1315 3517 1523 3601 quod
1600 3517 1818 3582 inter
1898 3523 2265 3583 cetratos
2341 3523 2423 3582 et
2501 3514 2957 3600 phalanges

669 3621 896 3703 (Gron.
944 3623 1451 3708 phalangem)
1497 3632 1694 3705 erat,
1740 3625 2114 3709 implevit
2155 3625 2375 3709 legio
2415 3630 2660 3708 atque
2706 3625 2958 3689 aciem

651 3730 1017 3813 ,hostium
1082 3733 1552 3816 interrupit.
1640 3733 1697 3798 A
1761 3740 1997 3816 tergo
2066 3735 2413 3798 cetratis
2483 3738 2691 3813 erat,
2751 3730 2956 3797 fron-

668 3845 823 3904 tem
866 3839 1258 3905 adversus
1305 3841 1712 3926 clipeatos
1757 3841 2120 3907 habebat
2163 3840 2658 3926 (aglaspides
2693 3838 2956 3924 appel-

726 4159 766 4219 ¹)
806 4153 936 4222 Cap.
975 4156 1059 4220 40,
1096 4157 1130 4208 8
1164 4153 1308 4208 nihil
1345 4158 1469 4208 erat
1503 4151 1654 4222 quod
1689 4133 2051 4223 sperneretur
2094 4158 2294 4207 tenus
2344 4170 2469 4207 cum
2508 4152 2769 4223 genetivo
2805 4152 2951 4206 iunc-

803 4245 926 4294 tum
966 4246 1199 4309 (genus
1235 4240 1460 4305 tenus)
1494 4240 1751 4309 exemplo
1789 4240 1959 4309 ipsius
1995 4239 2145 4293 Livii
2179 4237 2413 4308 (XXVI,
2448 4241 2533 4308 24,
2579 4236 2663 4307 11)
2711 4242 2769 4292 et
2804 4235 2950 4290 Caelii

807 4324 884 4391 (in
930 4323 1214 4379 Ciceronis
1270 4325 1431 4395 epist.
1481 4325 1552 4379 ad
1603 4323 1758 4378 Fam.
1817 4323 1972 4394 VIII,
2033 4328 2080 4394 1,
2136 4324 2189 4391 2)
2245 4332 2304 4379 et
2339 4323 2668 4392 Quintiliani
2724 4321 2866 4389 (XII,
2901 4323 2946 4387 2,

811 4410 911 4476 1¹7),
948 4417 1011 4464 ut
1044 4410 1287 4465 Plinium
1323 4409 1415 4477 (H.
1451 4408 1517 4464 N.
1555 4409 1808 4477 XXXIV,
1844 4411 1932 4478 58)
1977 4413 2036 4463 et
2068 4416 2266 4480 poetas
2313 4410 2666 4477 omittamus;
2725 4426 2852 4463 nam
2886 4406 2947 4460 de

806 4493 988 4549 forma
1024 4496 1271 4564 genetivi
1305 4501 1503 4549 nostro
1539 4499 1792 4565 tempore
1829 4514 1945 4551 non
1982 4495 2288 4551 dubitatur.
2342 4495 2544 4564 (1864)
