3230 5282
1417 600 1540 661 289
2195 684 2198 687 Ι
2293 609 2417 664 Lib.
2455 608 2632 663 xxn.

324 791 446 859 est,
516 782 1057 863 aestimabant)
1127 784 1303 847 inter
1363 785 1826 848 sentiretur
1882 788 1947 846 et
2004 786 2495 864 aggravaret
2548 816 2635 825 -—

325 895 660 972 possent
714 890 873 954 ferri
927 890 1217 954 medium
1259 892 1730 973 interpositum
1773 889 2202 969 inciderit,
2273 889 2389 953 sed
2434 909 2633 953 unam

324 995 611 1061 litteram
656 998 1040 1062 mutandam
1088 1019 1263 1077 esse,
1320 1005 1399 1063 ut
1445 999 1533 1063 sit
1578 998 2019 1076 incideret,
2080 1004 2390 1081 apparet3
2449 997 2633 1080 inep-

322 1106 571 1169 tissime
614 1105 684 1169 in
730 1105 855 1171 hoc
902 1127 1031 1170 uno
1078 1106 1371 1170 membro
1416 1104 1633 1189 figura
1678 1106 1906 1188 aliqua
1947 1104 2236 1188 fingitur.

489 1211 651 1297 Cap.
700 1217 758 1291 9,
803 1217 841 1276 2
889 1213 998 1294 (de
1036 1212 1408 1279 Hannibale
1454 1235 1495 1278 a
1532 1213 1849 1298 Spoletio,
1896 1213 2073 1295 quod
2120 1218 2630 1297 oppugnaverat,

320 1342 466 1386 cum
510 1341 753 1404 magna
795 1342 1064 1385 suorum
1109 1320 1285 1386 caede
1331 1321 1661 1405 repulso):
1732 1322 2210 1386 coniectans
2257 1342 2348 1385 ex
2394 1321 2632 1385 unius

318 1429 658 1494 coloniae
754 1428 966 1494 haud
1052 1430 1292 1494 nimis
1382 1450 1777 1514 prospere
1868 1434 2211 1494 tentatae
2299 1428 2630 1507 viribus,

319 1544 630 1617 quanta
686 1537 935 1602 moles
982 1537 1347 1602 Romanae
1403 1538 1637 1603 urbis
1695 1543 1927 1602 esset.
2034 1537 2278 1620 Figura
2322 1556 2428 1615 ea,
2487 1555 2631 1618 quae

314 1652 522 1720 λειότης
580 1644 987 1728 appellatur,
1058 1645 1314 1709 Livium
1383 1667 1577 1710 usum
1645 1652 1910 1729 putant,
1978 1665 2125 1728 quse
2180 1645 2250 1709 in
2306 1644 2429 1709 hoc
2484 1643 2630 1709 loco

314 1759 528 1830 esset,
619 1754 676 1817 si
742 1773 863 1837 pro
930 1752 1161 1817 valde
1226 1753 1694 1818 infeliciter
1776 1753 2056 1817 dixisset
2120 1753 2383 1817 minus
2447 1773 2632 1834 pro—

314 1880 596 1942 spere3
667 1882 870 1943 quum
938 1881 1017 1925 ea
1073 1860 1262 1939 urbS,
1330 1881 1372 1924 a
1428 1882 1559 1945 qua
1605 1862 1754 1946 quis
1802 1882 1948 1926 cum
1991 1881 2233 1943 magna
2279 1859 2456 1924 caede
2500 1858 2632 1924 dis-

316 1968 545 2045 cessit,
614 1966 826 2033 haud
881 1969 1123 2034 nimis
1180 1990 1575 2052 prospere
1632 1975 1894 2034 tentata
1939 1968 2209 2047 dicitur,
2278 1967 2520 2032 acerba
2565 1973 2632 2032 et

314 2096 523 2158 prope
571 2076 866 2141 scurrilis
909 2077 1130 2142 irrisio
1180 2083 1300 2156 est,
1346 2098 1582 2160 parum
1625 2077 1793 2142 Livii
1836 2076 2206 2141 narrationi
2252 2082 2431 2159 apta.
2502 2073 2632 2139 Sed

312 2185 652 2266 scriptura
693 2183 949 2249 nullum
992 2184 1198 2249 babet
1240 2191 1479 2249 testem
1525 2185 1952 2270 locupletem3
2009 2204 2162 2248 nam
2208 2185 2276 2248 in
2320 2181 2425 2248 PC
2471 2183 2631 2247 scri-

316 2290 534 2356 bitur:
629 2290 1521 2377 haudminueprospere
1603 2293 1700 2373 (in
1758 2290 1809 2356 C
1866 2313 1907 2357 a
1964 2312 2091 2357 sec.
2151 2312 2349 2356 manu
2417 2290 2630 2357 haud

312 2398 560 2464 minu’
618 2400 1073 2483 prospere),
1142 2401 1210 2465 in
1267 2400 1335 2464 M
1391 2400 1633 2480 (Harl.,
1683 2400 1839 2465 Lov.
1890 2398 2048 2483 3[‘?])
2107 2399 2328 2465 baud
2371 2401 2630 2464 minus

310 2528 740 2590 prospere;
796 2508 858 2571 in
918 2507 1394 2572 recentioribus
1451 2506 1711 2591 longius
1766 2509 2134 2574 aberratur.
2239 2508 2482 2573 Verum
2527 2513 2631 2572 est

308 2616 587 2681 minus
689 2637 1091 2700 prospere
1192 2622 1563 2696 tentatae,
1680 2616 1795 2683 sed
1898 2616 2108 2682 haud
2197 2617 2627 2701 praepositum

305 2723 638 2801 ostendit,
718 2723 972 2788 Livium
1039 2724 1124 2789 ad
1191 2724 1361 2788 hanc
1425 2725 1708 2790 formam
1776 2726 2150 2809 scripsisse:
2235 2747 2325 2788 ex
2388 2725 2626 2789 unius

306 2831 656 2895 coloniae
717 2830 923 2895 haud
982 2832 1304 2894 naxium
1349 2832 1606 2897 minus
1654 2833 1782 2913 (vel
1827 2835 2050 2916 potius
2098 2855 2246 2898 cum
2290 2832 2443 2897 Lov.
2495 2830 2624 2914 3[?]

304 2939 671 3018 minime,
732 2938 818 3003 ad
875 2960 1015 3003 rem
1061 2940 1283 3022 aptius
1331 2947 1398 3004 et
1442 2941 1735 3023 vestigiis
1781 2939 1830 3003 P
1877 2940 2180 3022 propius)
2225 2960 2625 3023 prospere

300 3053 658 3112 tentatae
721 3046 1074 3125 viribuS‚
1142 3048 1484 3131 aptissime
1552 3049 1640 3113 ad
1697 3047 2086 3113 Hannibalis
2154 3049 2616 3113 coniecturam.
2654 3056 2797 3123 (236)

303 3151 611 3235 [Minime
683 3154 1126 3238 probabiliter
1201 3155 1462 3220 deletur
1528 3153 1845 3238 minus]
1958 3156 2166 3220 Paulo
2235 3163 2384 3238 post
2440 3153 2502 3237 (ἓ
2558 3155 2625 3237 6)

298 3269 477 3326 recte
536 3262 907 3328 Gronovius
964 3263 1031 3326 in
1090 3263 1303 3346 prima
1359 3270 1666 3328 notarum
1713 3264 2003 3328 editione
2052 3263 2249 3328 scribi
2293 3262 2623 3328 voluerat:

297 3367 633 3434 levibus
678 3369 1029 3453 proeliis
1072 3404 1160 3414 —-
1206 3369 1458 3435 factis
1504 3393 1626 3455 pro
1674 3371 1905 3436 actis.
1995 3370 2165 3436 Nam
2210 3372 2626 3456 proelium,

296 3493 654 3559 pugnam
711 3497 952 3560 agere
1013 3478 1082 3541 in
1127 3499 1329 3562 prosa
1375 3480 1675 3543 oratione
1718 3501 1910 3544 nemo
1957 3479 2170 3545 bonus
2216 3485 2333 3544 aut
2378 3478 2625 3546 medio·

292 3585 423 3649 cris
494 3585 788 3668 scriptor
855 3584 1025 3649 dixit
1096 3585 1256 3665 (non
1325 3588 1535 3669 magis
1592 3608 1790 3667 quam
1847 3586 2144 3652 bellum
2203 3608 2473 3670 agere,
2544 3587 2625 3653 de

297 3713 431 3774 quo
480 3691 807 3758 admonui
851 3693 1142 3758 breviter
1184 3716 1247 3777 p.
1301 3698 1422 3758 108
1469 3695 1653 3774 not.),
1700 3696 1997 3776 quamvis
2044 3694 2480 3760 corradantur
2526 3695 2625 3777 (ut

296 3820 337 3864 a
380 3798 942 3865 Drakenborchio
989 3801 1074 3866 ad
1119 3802 1254 3865 Liv.
1303 3803 1460 3885 epit.
1507 3801 1618 3884 49)
1664 3804 1857 3886 pauci
1901 3802 2320 3868 librariorum
2365 3805 2432 3868 in
2476 3825 2624 3887 per-

289 3909 666 3973 mutatione
703 3929 837 3972 non
874 3927 1030 3972 rara
1070 3906 1134 3988 (f
1140 3915 1391 3987 actus,
1432 3911 1693 3991 actus)
1735 3931 1988 3975 errores
2012 3916 2128 3975 aut
2152 3910 2336 3976 locus
2361 3933 2532 3976 unus
2558 3918 2623 3976 et

322 4049 433 4057 ‘3⁴
468 4053 543 4058 ..Π
586 4050 770 4057 .-.-1.-

431 4118 732 4188 suffragiis
769 4121 966 4189 populi
1002 4128 1323 4191 praetorem,
1374 4141 1545 4192 quum
1580 4125 1705 4193 ipse
1741 4126 1985 4181 comitiis
2021 4134 2306 4195 proeesset,
2355 4129 2464 4182 hoc
2500 4129 2623 4198 ipso

428 4212 694 4274 tempore
739 4206 968 4259 consule
1014 4207 1248 4263 absente
1294 4210 1632 4265 dictatorem
1677 4228 1897 4266 creasse
1942 4213 2061 4282 ipse
2097 4214 2288 4267 Livius
2326 4215 2622 4283 significat.

429 4289 844 4344 Mommsenius
889 4291 1073 4361 (Corp.
1111 4292 1290 4348 Inscr.
1330 4296 1455 4349 Lat.
1495 4296 1521 4348 1
1565 4315 1620 4365 p.
1661 4300 1788 4363 288,
1835 4298 2026 4353 Roem.
2067 4298 2425 4355 Staatsrecht
2460 4300 2543 4365 11,
2596 4305 2620 4353 1

434 4393 493 4444 p.
541 4375 661 4442 131)
712 4377 902 4430 omnia
945 4376 1095 4431 haec:
1150 4396 1270 4433 nec
1318 4381 1746 4436 dictatorem
1795 4383 2084 4452 populus
2132 4384 2434 4454 (populo)
2482 4402 2628 4439 cre-

426 4476 552 4513 are
586 4467 867 4528 poterat
899 4463 1069 4531 tollit,
1106 4481 1338 4533 prorsus
1376 4469 1656 4521 violenter
1691 4475 1747 4521 et
1785 4470 1905 4523 sine
1942 4470 2054 4524 ulla
2092 4468 2538 4539 probabilitate]

2101 4574 2162 4624 19
