<?xml version="1.0" encoding="UTF-8"?>
<!DOCTYPE html PUBLIC "-//W3C//DTD XHTML 1.0 Transitional//EN"
    "http://www.w3.org/TR/xhtml1/DTD/xhtml1-transitional.dtd">
<html xmlns="http://www.w3.org/1999/xhtml" xml:lang="en" lang="en">
 <head>
  <title>
</title>
<meta http-equiv="Content-Type" content="text/html;charset=utf-8" />
  <meta name='ocr-system' content='tesseract 3.04.00' />
  <meta name='ocr-capabilities' content='ocr_page ocr_carea ocr_par ocr_line ocrx_word'/>
</head>
<body>
  <div class='ocr_page' id='page_1' title='image "./emendationesliv03madvgoog_0582.png"; bbox 0 0 3230 5282; ppageno 0'>
   <div class='ocr_carea' id='block_1_1' title="bbox 654 633 1877 696">
    <p class='ocr_par' dir='ltr' id='par_1_1' title="bbox 654 633 1877 696">
     <span class='ocr_line' id='line_1_1' title="bbox 654 633 1877 696; baseline -0.005 -1"><span class='ocrx_word' id='word_1_1' title='bbox 654 642 779 696; x_wconf 80' lang='lat' dir='ltr'>Lib.</span> <span class='ocrx_word' id='word_1_2' title='bbox 817 640 1067 694; x_wconf 80' lang='lat' dir='ltr'>XXXIX.</span> <span class='ocrx_word' id='word_1_3' title='bbox 1757 633 1877 690; x_wconf 84' lang='lat'>564</span> 
     </span>
    </p>
   </div>
   <div class='ocr_carea' id='block_1_2' title="bbox 483 813 3009 3476">
    <p class='ocr_par' dir='ltr' id='par_1_2' title="bbox 637 813 2969 1109">
     <span class='ocr_line' id='line_1_2' title="bbox 657 813 2969 897; baseline -0 -20"><span class='ocrx_word' id='word_1_4' title='bbox 657 814 737 877; x_wconf 90' lang='lat' dir='ltr'>de</span> <span class='ocrx_word' id='word_1_5' title='bbox 803 813 1025 894; x_wconf 89' lang='lat' dir='ltr'>priore</span> <span class='ocrx_word' id='word_1_6' title='bbox 1087 819 1167 876; x_wconf 90' lang='lat' dir='ltr'>et</span> <span class='ocrx_word' id='word_1_7' title='bbox 1210 813 1373 877; x_wconf 88' lang='lat' dir='ltr'><strong>nihil</strong></span> <span class='ocrx_word' id='word_1_8' title='bbox 1417 819 1714 893; x_wconf 86' lang='lat' dir='ltr'>notatur,</span> <span class='ocrx_word' id='word_1_9' title='bbox 1782 813 2064 880; x_wconf 86' lang='lat' dir='ltr'>efficitur</span> <span class='ocrx_word' id='word_1_10' title='bbox 2129 821 2208 878; x_wconf 80' lang='lat' dir='ltr'>ut</span> <span class='ocrx_word' id='word_1_11' title='bbox 2264 820 2798 897; x_wconf 84' lang='lat' dir='ltr'>exceperunt,</span> <span class='ocrx_word' id='word_1_12' title='bbox 2861 814 2969 877; x_wconf 70' lang='lat' dir='ltr'>lta</span> 
     </span>
     <span class='ocr_line' id='line_1_3' title="bbox 655 919 2966 1004; baseline 0.001 -21"><span class='ocrx_word' id='word_1_13' title='bbox 655 920 1080 1002; x_wconf 85' lang='lat' dir='ltr'>prosecuti</span> <span class='ocrx_word' id='word_1_14' title='bbox 1127 927 1248 984; x_wconf 88' lang='lat' dir='ltr'>cet.</span> <span class='ocrx_word' id='word_1_15' title='bbox 1321 919 1448 985; x_wconf 86' lang='lat' dir='ltr'>Sed</span> <span class='ocrx_word' id='word_1_16' title='bbox 1485 921 1741 986; x_wconf 86' lang='lat' dir='ltr'>videtur</span> <span class='ocrx_word' id='word_1_17' title='bbox 1785 930 1939 1004; x_wconf 91' lang='lat' dir='ltr'>post</span> <span class='ocrx_word' id='word_1_18' title='bbox 1984 929 2070 986; x_wconf 89' lang='lat' dir='ltr'>ut</span> <span class='ocrx_word' id='word_1_19' title='bbox 2104 922 2426 987; x_wconf 73' lang='lat' dir='ltr'>excidisse</span> <span class='ocrx_word' id='word_1_20' title='bbox 2471 921 2813 1004; x_wconf 87' lang='lat' dir='ltr'>benigne</span> <span class='ocrx_word' id='word_1_21' title='bbox 2850 928 2966 987; x_wconf 88' lang='lat' dir='ltr'>aut</span> 
     </span>
     <span class='ocr_line' id='line_1_4' title="bbox 637 1026 1342 1109; baseline -0.001 -18"><span class='ocrx_word' id='word_1_22' title='bbox 637 1027 890 1091; x_wconf 86' lang='lat' dir='ltr'>-similis</span> <span class='ocrx_word' id='word_1_23' title='bbox 934 1047 1074 1090; x_wconf 82' lang='lat' dir='ltr'>vox.</span> <span class='ocrx_word' id='word_1_24' title='bbox 1130 1026 1342 1109; x_wconf 66' lang='lat'>1865]</span> 
     </span>
    </p>

    <p class='ocr_par' dir='ltr' id='par_1_3' title="bbox 654 1133 3009 1756">
     <span class='ocr_line' id='line_1_5' title="bbox 827 1133 3009 1220; baseline 0.001 -22"><span class='ocrx_word' id='word_1_25' title='bbox 827 1133 985 1217; x_wconf 86' lang='lat' dir='ltr'>Cap.</span> <span class='ocrx_word' id='word_1_26' title='bbox 1036 1139 1198 1210; x_wconf 88' lang='lat'>55,4</span> <span class='ocrx_word' id='word_1_27' title='bbox 1236 1140 1303 1198; x_wconf 91' lang='lat' dir='ltr'>et</span> <span class='ocrx_word' id='word_1_28' title='bbox 1339 1139 1403 1198; x_wconf 88' lang='lat'>5:</span> <span class='ocrx_word' id='word_1_29' title='bbox 1450 1135 1534 1199; x_wconf 92' lang='lat' dir='ltr'>M.</span> <span class='ocrx_word' id='word_1_30' title='bbox 1573 1135 1961 1202; x_wconf 88' lang='lat' dir='ltr'>Claudius</span> <span class='ocrx_word' id='word_1_31' title='bbox 1999 1137 2299 1216; x_wconf 90' lang='lat' dir='ltr'>consul,</span> <span class='ocrx_word' id='word_1_32' title='bbox 2349 1136 2610 1202; x_wconf 82' lang='lat' dir='ltr'>Gallis</span> <span class='ocrx_word' id='word_1_33' title='bbox 2659 1159 2747 1200; x_wconf 84' lang='lat' dir='ltr'>ex</span> <span class='ocrx_word' id='word_1_34' title='bbox 2792 1157 2964 1220; x_wconf 89' lang='lat' dir='ltr'>pro·</span> <span class='ocrx_word' id='word_1_35' title='bbox 3006 1183 3009 1184; x_wconf 21' lang='grc' dir='ltr'><em>ν</em></span> 
     </span>
     <span class='ocr_line' id='line_1_6' title="bbox 654 1242 2963 1327; baseline 0 -20"><span class='ocrx_word' id='word_1_36' title='bbox 654 1243 927 1307; x_wconf 80' lang='lat' dir='ltr'>vincia</span> <span class='ocrx_word' id='word_1_37' title='bbox 962 1242 1301 1318; x_wconf 78' lang='lat' dir='ltr'>exacti8‚</span> <span class='ocrx_word' id='word_1_38' title='bbox 1337 1242 1793 1308; x_wconf 79' lang='lat' dir='ltr'><strong>Histricum</strong></span> <span class='ocrx_word' id='word_1_39' title='bbox 1827 1245 2133 1309; x_wconf 89' lang='lat' dir='ltr'>bellum</span> <span class='ocrx_word' id='word_1_40' title='bbox 2176 1245 2453 1309; x_wconf 90' lang='lat' dir='ltr'>moliri</span> <span class='ocrx_word' id='word_1_41' title='bbox 2500 1244 2789 1327; x_wconf 89' lang='lat' dir='ltr'>coepit,</span> <span class='ocrx_word' id='word_1_42' title='bbox 2834 1245 2963 1308; x_wconf 91' lang='lat' dir='ltr'>lit-</span> 
     </span>
     <span class='ocr_line' id='line_1_7' title="bbox 654 1350 2963 1434; baseline 0 -19"><span class='ocrx_word' id='word_1_43' title='bbox 654 1352 860 1434; x_wconf 79' lang='lat' dir='ltr'>teris</span> <span class='ocrx_word' id='word_1_44' title='bbox 895 1350 992 1414; x_wconf 89' lang='lat' dir='ltr'>ad</span> <span class='ocrx_word' id='word_1_45' title='bbox 1041 1356 1407 1414; x_wconf 88' lang='lat' dir='ltr'>senatum</span> <span class='ocrx_word' id='word_1_46' title='bbox 1443 1351 1735 1430; x_wconf 91' lang='lat' dir='ltr'>missis,</span> <span class='ocrx_word' id='word_1_47' title='bbox 1772 1358 1856 1416; x_wconf 92' lang='lat' dir='ltr'>ut</span> <span class='ocrx_word' id='word_1_48' title='bbox 1892 1352 2058 1416; x_wconf 91' lang='lat' dir='ltr'>sibi</span> <span class='ocrx_word' id='word_1_49' title='bbox 2111 1353 2191 1415; x_wconf 92' lang='lat' dir='ltr'>in</span> <span class='ocrx_word' id='word_1_50' title='bbox 2235 1351 2627 1415; x_wconf 77' lang='lat' dir='ltr'><strong>Histriam</strong></span> <span class='ocrx_word' id='word_1_51' title='bbox 2682 1352 2963 1415; x_wconf 89' lang='lat' dir='ltr'>tradu-</span> 
     </span>
     <span class='ocr_line' id='line_1_8' title="bbox 657 1449 2962 1541; baseline -0 -19"><span class='ocrx_word' id='word_1_52' title='bbox 657 1480 836 1523; x_wconf 84' lang='lat' dir='ltr'>cere</span> <span class='ocrx_word' id='word_1_53' title='bbox 870 1458 1239 1539; x_wconf 85' lang='lat' dir='ltr'>legiones</span> <span class='ocrx_word' id='word_1_54' title='bbox 1273 1449 1585 1521; x_wconf 62' lang='lat' dir='ltr'>li&#39;ceret.</span> <span class='ocrx_word' id='word_1_55' title='bbox 1625 1457 1711 1522; x_wconf 91' lang='lat' dir='ltr'>Id</span> <span class='ocrx_word' id='word_1_56' title='bbox 1738 1458 2434 1541; x_wconf 90' lang='lat' dir='ltr'>senatuiplacuit.</span> <span class='ocrx_word' id='word_1_57' title='bbox 2460 1457 2962 1541; x_wconf 89' lang='lat' dir='ltr'>Brevihuicsig-</span> 
     </span>
     <span class='ocr_line' id='line_1_9' title="bbox 654 1563 2963 1648; baseline 0 -19"><span class='ocrx_word' id='word_1_58' title='bbox 654 1565 1014 1630; x_wconf 89' lang='lat' dir='ltr'>nificationi</span> <span class='ocrx_word' id='word_1_59' title='bbox 1081 1564 1492 1647; x_wconf 86' lang='lat' dir='ltr'>comprobati</span> <span class='ocrx_word' id='word_1_60' title='bbox 1562 1563 1852 1629; x_wconf 84' lang='lat' dir='ltr'>consulis</span> <span class='ocrx_word' id='word_1_61' title='bbox 1921 1565 2201 1644; x_wconf 90' lang='lat' dir='ltr'>consilii,</span> <span class='ocrx_word' id='word_1_62' title='bbox 2270 1566 2397 1648; x_wconf 90' lang='lat' dir='ltr'>ipsi</span> <span class='ocrx_word' id='word_1_63' title='bbox 2457 1566 2617 1630; x_wconf 90' lang='lat' dir='ltr'>satis</span> <span class='ocrx_word' id='word_1_64' title='bbox 2684 1565 2963 1631; x_wconf 83' lang='lat' dir='ltr'>insolitae</span> 
     </span>
     <span class='ocr_line' id='line_1_10' title="bbox 657 1672 2962 1756; baseline -0.001 -18"><span class='ocrx_word' id='word_1_65' title='bbox 657 1672 769 1754; x_wconf 91' lang='lat'>(—</span> <span class='ocrx_word' id='word_1_66' title='bbox 811 1694 962 1738; x_wconf 89' lang='lat' dir='ltr'>nam</span> <span class='ocrx_word' id='word_1_67' title='bbox 1009 1672 1332 1754; x_wconf 83' lang='lat' dir='ltr'><strong>placuit</strong></span> <span class='ocrx_word' id='word_1_68' title='bbox 1390 1672 1469 1735; x_wconf 88' lang='lat' dir='ltr'>de</span> <span class='ocrx_word' id='word_1_69' title='bbox 1528 1672 1842 1750; x_wconf 80' lang='lat' dir='ltr'>decretis,</span> <span class='ocrx_word' id='word_1_70' title='bbox 1913 1673 2155 1754; x_wconf 90' lang='lat' dir='ltr'>quibus</span> <span class='ocrx_word' id='word_1_71' title='bbox 2214 1674 2352 1756; x_wconf 89' lang='lat' dir='ltr'>ipse</span> <span class='ocrx_word' id='word_1_72' title='bbox 2399 1680 2670 1737; x_wconf 87' lang='lat' dir='ltr'>senatus</span> <span class='ocrx_word' id='word_1_73' title='bbox 2713 1672 2962 1756; x_wconf 91' lang='lat' dir='ltr'>aliquid</span> 
     </span>
    </p>

    <p class='ocr_par' dir='ltr' id='par_1_4' title="bbox 483 1779 2967 3476">
     <span class='ocr_line' id='line_1_11' title="bbox 483 1779 2958 1867; baseline 0.002 -28"><span class='ocrx_word' id='word_1_74' title='bbox 483 1798 630 1867; x_wconf 71' lang='lat'>(459)</span> <span class='ocrx_word' id='word_1_75' title='bbox 665 1781 809 1846; x_wconf 89' lang='lat' dir='ltr'>fieri</span> <span class='ocrx_word' id='word_1_76' title='bbox 874 1780 1084 1859; x_wconf 89' lang='lat' dir='ltr'>iubet,</span> <span class='ocrx_word' id='word_1_77' title='bbox 1154 1780 1422 1857; x_wconf 85' lang='lat' dir='ltr'>dicitur,</span> <span class='ocrx_word' id='word_1_78' title='bbox 1493 1779 1572 1842; x_wconf 88' lang='lat' dir='ltr'>de</span> <span class='ocrx_word' id='word_1_79' title='bbox 1654 1780 2143 1862; x_wconf 90' lang='lat' dir='ltr'>comprobando</span> <span class='ocrx_word' id='word_1_80' title='bbox 2210 1781 2813 1863; x_wconf 89' lang='lat' dir='ltr'>permittendoque,</span> <span class='ocrx_word' id='word_1_81' title='bbox 2865 1786 2958 1857; x_wconf 89' lang='lat' dir='ltr'>ut,</span> 
     </span>
     <span class='ocr_line' id='line_1_12' title="bbox 656 1885 2950 1974; baseline -0.003 -19"><span class='ocrx_word' id='word_1_82' title='bbox 656 1890 829 1974; x_wconf 91' lang='lat' dir='ltr'>quod</span> <span class='ocrx_word' id='word_1_83' title='bbox 897 1887 1312 1968; x_wconf 86' lang='lat' dir='ltr'>magistratui</span> <span class='ocrx_word' id='word_1_84' title='bbox 1379 1886 1580 1950; x_wconf 90' lang='lat' dir='ltr'>alicui</span> <span class='ocrx_word' id='word_1_85' title='bbox 1648 1908 1682 1950; x_wconf 96' lang='lat' dir='ltr'>e</span> <span class='ocrx_word' id='word_1_86' title='bbox 1739 1907 1810 1950; x_wconf 92' lang='lat' dir='ltr'>re</span> <span class='ocrx_word' id='word_1_87' title='bbox 1857 1886 2120 1969; x_wconf 89' lang='lat' dir='ltr'>publica</span> <span class='ocrx_word' id='word_1_88' title='bbox 2166 1909 2309 1952; x_wconf 88' lang='lat' dir='ltr'>esse</span> <span class='ocrx_word' id='word_1_89' title='bbox 2356 1886 2686 1964; x_wconf 84' lang='lat' dir='ltr'>videatur,</span> <span class='ocrx_word' id='word_1_90' title='bbox 2733 1885 2950 1965; x_wconf 86' lang='lat' dir='ltr'>faciat,</span> 
     </span>
     <span class='ocr_line' id='line_1_13' title="bbox 652 1993 2947 2076; baseline -0.002 -13"><span class='ocrx_word' id='word_1_91' title='bbox 652 2021 780 2063; x_wconf 90' lang='lat' dir='ltr'>non</span> <span class='ocrx_word' id='word_1_92' title='bbox 829 1997 1073 2061; x_wconf 90' lang='lat' dir='ltr'>dicitur</span> <span class='ocrx_word' id='word_1_93' title='bbox 1115 1994 1248 2074; x_wconf 84' lang='lat'>—-),</span> <span class='ocrx_word' id='word_1_94' title='bbox 1294 1993 1409 2057; x_wconf 87' lang='lat' dir='ltr'>sed</span> <span class='ocrx_word' id='word_1_95' title='bbox 1456 1993 1978 2076; x_wconf 82' lang='lat' dir='ltr'>comprobationi</span> <span class='ocrx_word' id='word_1_96' title='bbox 2024 1995 2377 2059; x_wconf 83' lang='lat' dir='ltr'>admodum</span> <span class='ocrx_word' id='word_1_97' title='bbox 2420 1998 2583 2060; x_wconf 90' lang='lat' dir='ltr'>mire</span> <span class='ocrx_word' id='word_1_98' title='bbox 2629 1994 2753 2057; x_wconf 92' lang='lat' dir='ltr'>hoc</span> <span class='ocrx_word' id='word_1_99' title='bbox 2796 1994 2947 2058; x_wconf 91' lang='lat' dir='ltr'>sub-</span> 
     </span>
     <span class='ocr_line' id='line_1_14' title="bbox 653 2101 2963 2188; baseline -0.003 -16"><span class='ocrx_word' id='word_1_100' title='bbox 653 2107 972 2188; x_wconf 87' lang='lat' dir='ltr'>iungitur:</span> <span class='ocrx_word' id='word_1_101' title='bbox 1021 2102 1227 2165; x_wconf 92' lang='lat' dir='ltr'>illud</span> <span class='ocrx_word' id='word_1_102' title='bbox 1274 2101 1729 2181; x_wconf 80' lang='lat' dir='ltr'>agitabant,</span> <span class='ocrx_word' id='word_1_103' title='bbox 1778 2103 1898 2165; x_wconf 89' lang='lat' dir='ltr'>uti</span> <span class='ocrx_word' id='word_1_104' title='bbox 1946 2101 2273 2167; x_wconf 89' lang='lat' dir='ltr'>colonia</span> <span class='ocrx_word' id='word_1_105' title='bbox 2308 2101 2690 2184; x_wconf 86' lang='lat' dir='ltr'>Aquileia</span> <span class='ocrx_word' id='word_1_106' title='bbox 2728 2102 2963 2167; x_wconf 88' lang='lat' dir='ltr'>dedu-</span> 
     </span>
     <span class='ocr_line' id='line_1_15' title="bbox 656 2208 2966 2292; baseline -0.003 -14"><span class='ocrx_word' id='word_1_107' title='bbox 656 2219 937 2278; x_wconf 90' lang='lat' dir='ltr'>ceretu</span> <span class='ocrx_word' id='word_1_108' title='bbox 955 2233 1007 2274; x_wconf 94' lang='lat' dir='ltr'>r.</span> <span class='ocrx_word' id='word_1_109' title='bbox 1098 2208 1341 2292; x_wconf 87' lang='lat' dir='ltr'>Aperte</span> <span class='ocrx_word' id='word_1_110' title='bbox 1389 2209 1560 2272; x_wconf 89' lang='lat' dir='ltr'>enim</span> <span class='ocrx_word' id='word_1_111' title='bbox 1606 2208 2019 2291; x_wconf 89' lang='lat' dir='ltr'>(pronomine</span> <span class='ocrx_word' id='word_1_112' title='bbox 2068 2211 2268 2274; x_wconf 90' lang='lat' dir='ltr'>etiam</span> <span class='ocrx_word' id='word_1_113' title='bbox 2314 2231 2460 2274; x_wconf 93' lang='lat' dir='ltr'>cum</span> <span class='ocrx_word' id='word_1_114' title='bbox 2506 2210 2799 2292; x_wconf 86' lang='lat' dir='ltr'>pondere</span> <span class='ocrx_word' id='word_1_115' title='bbox 2844 2210 2966 2274; x_wconf 89' lang='lat' dir='ltr'>ini·</span> 
     </span>
     <span class='ocr_line' id='line_1_16' title="bbox 652 2315 2962 2401; baseline -0.002 -16"><span class='ocrx_word' id='word_1_116' title='bbox 652 2323 748 2385; x_wconf 92' lang='lat' dir='ltr'>tio</span> <span class='ocrx_word' id='word_1_117' title='bbox 818 2316 1063 2401; x_wconf 90' lang='lat' dir='ltr'>posito)</span> <span class='ocrx_word' id='word_1_118' title='bbox 1133 2315 1570 2398; x_wconf 89' lang='lat' dir='ltr'>significatur,</span> <span class='ocrx_word' id='word_1_119' title='bbox 1642 2323 1941 2380; x_wconf 87' lang='lat' dir='ltr'>senatum</span> <span class='ocrx_word' id='word_1_120' title='bbox 2009 2316 2208 2381; x_wconf 88' lang='lat' dir='ltr'>aliam</span> <span class='ocrx_word' id='word_1_121' title='bbox 2267 2338 2406 2380; x_wconf 88' lang='lat' dir='ltr'>rem</span> <span class='ocrx_word' id='word_1_122' title='bbox 2452 2315 2741 2382; x_wconf 79' lang='lat' dir='ltr'>Histrico</span> <span class='ocrx_word' id='word_1_123' title='bbox 2786 2316 2962 2381; x_wconf 92' lang='lat' dir='ltr'>bello</span> 
     </span>
     <span class='ocr_line' id='line_1_17' title="bbox 652 2422 2965 2511; baseline -0.001 -20"><span class='ocrx_word' id='word_1_124' title='bbox 652 2424 1170 2511; x_wconf 76' lang='lat' dir='ltr'>praevertendam</span> <span class='ocrx_word' id='word_1_125' title='bbox 1215 2424 1564 2506; x_wconf 85' lang='lat' dir='ltr'>potiusque</span> <span class='ocrx_word' id='word_1_126' title='bbox 1623 2422 1874 2489; x_wconf 92' lang='lat' dir='ltr'>consuli</span> <span class='ocrx_word' id='word_1_127' title='bbox 1932 2424 2256 2506; x_wconf 87' lang='lat' dir='ltr'>agendam</span> <span class='ocrx_word' id='word_1_128' title='bbox 2312 2425 2669 2488; x_wconf 89' lang='lat' dir='ltr'>censuisse.</span> <span class='ocrx_word' id='word_1_129' title='bbox 2758 2424 2965 2505; x_wconf 84' lang='lat' dir='ltr'>quue</span> 
     </span>
     <span class='ocr_line' id='line_1_18' title="bbox 652 2529 2967 2618; baseline -0.003 -19"><span class='ocrx_word' id='word_1_130' title='bbox 652 2533 1000 2618; x_wconf 88' lang='lat' dir='ltr'>perspicue</span> <span class='ocrx_word' id='word_1_131' title='bbox 1049 2529 1478 2595; x_wconf 87' lang='lat' dir='ltr'>confirmatur</span> <span class='ocrx_word' id='word_1_132' title='bbox 1522 2532 1819 2614; x_wconf 86' lang='lat' dir='ltr'>proximo</span> <span class='ocrx_word' id='word_1_133' title='bbox 1865 2533 2082 2614; x_wconf 84' lang='lat' dir='ltr'>capite</span> <span class='ocrx_word' id='word_1_134' title='bbox 2134 2530 2217 2612; x_wconf 93' lang='lat' dir='ltr'>(c.</span> <span class='ocrx_word' id='word_1_135' title='bbox 2241 2535 2358 2611; x_wconf 84' lang='lat'>·56,</span> <span class='ocrx_word' id='word_1_136' title='bbox 2408 2533 2505 2608; x_wconf 88' lang='lat'>3):</span> <span class='ocrx_word' id='word_1_137' title='bbox 2545 2532 2632 2592; x_wconf 80' lang='lat' dir='ltr'>Ex</span> <span class='ocrx_word' id='word_1_138' title='bbox 2677 2530 2967 2592; x_wconf 70' lang='lat' dir='ltr'>&#39;listris</span> 
     </span>
     <span class='ocr_line' id='line_1_19' title="bbox 653 2638 2963 2718; baseline -0.001 -13"><span class='ocrx_word' id='word_1_139' title='bbox 653 2647 1058 2705; x_wconf 77' lang='lat' dir='ltr'>revocatus</span> <span class='ocrx_word' id='word_1_140' title='bbox 1113 2638 1199 2703; x_wconf 91' lang='lat' dir='ltr'>M.</span> <span class='ocrx_word' id='word_1_141' title='bbox 1247 2638 1729 2716; x_wconf 89' lang='lat' dir='ltr'>Marcellus,</span> <span class='ocrx_word' id='word_1_142' title='bbox 1791 2639 2163 2704; x_wconf 87' lang='lat' dir='ltr'>exercitu</span> <span class='ocrx_word' id='word_1_143' title='bbox 2223 2638 2595 2718; x_wconf 81' lang='lat' dir='ltr'>dimisso,</span> <span class='ocrx_word' id='word_1_144' title='bbox 2644 2639 2963 2704; x_wconf 86' lang='lat' dir='ltr'>Romam</span> 
     </span>
     <span class='ocr_line' id='line_1_20' title="bbox 654 2746 2961 2829; baseline -0.002 -15"><span class='ocrx_word' id='word_1_145' title='bbox 654 2749 1175 2814; x_wconf 88' lang='lat' dir='ltr'>comitiorum</span> <span class='ocrx_word' id='word_1_146' title='bbox 1223 2767 1470 2811; x_wconf 90' lang='lat' dir='ltr'>causa</span> <span class='ocrx_word' id='word_1_147' title='bbox 1525 2746 1815 2825; x_wconf 82' lang='lat' dir='ltr'>rediit3</span> <span class='ocrx_word' id='word_1_148' title='bbox 1860 2767 2070 2827; x_wconf 89' lang='lat' dir='ltr'>neque</span> <span class='ocrx_word' id='word_1_149' title='bbox 2131 2747 2493 2829; x_wconf 90' lang='lat' dir='ltr'>quidquam</span> <span class='ocrx_word' id='word_1_150' title='bbox 2549 2746 2629 2810; x_wconf 91' lang='lat' dir='ltr'>de</span> <span class='ocrx_word' id='word_1_151' title='bbox 2674 2747 2961 2811; x_wconf 88' lang='lat' dir='ltr'>Histrico</span> 
     </span>
     <span class='ocr_line' id='line_1_21' title="bbox 652 2852 2960 2936; baseline -0.003 -15"><span class='ocrx_word' id='word_1_152' title='bbox 652 2856 858 2935; x_wconf 80' lang='lat' dir='ltr'>bello,</span> <span class='ocrx_word' id='word_1_153' title='bbox 929 2852 1104 2936; x_wconf 87' lang='lat' dir='ltr'>quod</span> <span class='ocrx_word' id='word_1_154' title='bbox 1173 2855 1432 2919; x_wconf 85' lang='lat' dir='ltr'>senatui</span> <span class='ocrx_word' id='word_1_155' title='bbox 1497 2854 1606 2917; x_wconf 91' lang='lat' dir='ltr'>hic</span> <span class='ocrx_word' id='word_1_156' title='bbox 1676 2853 2005 2936; x_wconf 89' lang='lat' dir='ltr'>placuisse</span> <span class='ocrx_word' id='word_1_157' title='bbox 2074 2854 2345 2932; x_wconf 87' lang='lat' dir='ltr'>dicitur,</span> <span class='ocrx_word' id='word_1_158' title='bbox 2414 2858 2568 2918; x_wconf 87' lang='lat' dir='ltr'>ante</span> <span class='ocrx_word' id='word_1_159' title='bbox 2635 2858 2960 2929; x_wconf 78' lang='lat' dir='ltr'>narratur,</span> 
     </span>
     <span class='ocr_line' id='line_1_22' title="bbox 654 2960 2963 3047; baseline -0.003 -18"><span class='ocrx_word' id='word_1_160' title='bbox 654 2986 849 3047; x_wconf 89' lang='lat' dir='ltr'>quam</span> <span class='ocrx_word' id='word_1_161' title='bbox 907 2964 1034 3047; x_wconf 89' lang='lat' dir='ltr'>ipsi</span> <span class='ocrx_word' id='word_1_162' title='bbox 1077 2961 1287 3025; x_wconf 89' lang='lat' dir='ltr'>Histri</span> <span class='ocrx_word' id='word_1_163' title='bbox 1335 2961 1661 3025; x_wconf 89' lang='lat' dir='ltr'>coloniam</span> <span class='ocrx_word' id='word_1_164' title='bbox 1706 2961 2072 3043; x_wconf 90' lang='lat' dir='ltr'>Aquileiam</span> <span class='ocrx_word' id='word_1_165' title='bbox 2121 2961 2360 3025; x_wconf 88' lang='lat' dir='ltr'>deduci</span> <span class='ocrx_word' id='word_1_166' title='bbox 2405 2960 2758 3044; x_wconf 86' lang='lat' dir='ltr'>prohibent</span> <span class='ocrx_word' id='word_1_167' title='bbox 2806 2960 2963 3041; x_wconf 83' lang='lat' dir='ltr'>(XL,</span> 
     </span>
     <span class='ocr_line' id='line_1_23' title="bbox 653 3068 2961 3155; baseline -0.003 -20"><span class='ocrx_word' id='word_1_168' title='bbox 653 3073 784 3152; x_wconf 81' lang='lat'>26).</span> <span class='ocrx_word' id='word_1_169' title='bbox 874 3072 1182 3155; x_wconf 86' lang='lat' dir='ltr'>Apparet,</span> <span class='ocrx_word' id='word_1_170' title='bbox 1229 3069 1477 3152; x_wconf 87' lang='lat' dir='ltr'>opinor,</span> <span class='ocrx_word' id='word_1_171' title='bbox 1523 3069 1776 3132; x_wconf 84' lang='lat' dir='ltr'>Livium</span> <span class='ocrx_word' id='word_1_172' title='bbox 1828 3069 2199 3150; x_wconf 88' lang='lat' dir='ltr'>scripsisse:</span> <span class='ocrx_word' id='word_1_173' title='bbox 2269 3068 2355 3132; x_wconf 91' lang='lat' dir='ltr'>Id</span> <span class='ocrx_word' id='word_1_174' title='bbox 2416 3069 2747 3131; x_wconf 90' lang='lat' dir='ltr'>senatui</span> <span class='ocrx_word' id='word_1_175' title='bbox 2807 3068 2961 3129; x_wconf 75' lang='grc' dir='ltr'>ΙιιιιιΙ</span> 
     </span>
     <span class='ocr_line' id='line_1_24' title="bbox 652 3167 2962 3263; baseline -0.002 -20"><span class='ocrx_word' id='word_1_176' title='bbox 652 3167 1000 3263; x_wconf 63' lang='grc' dir='ltr'>ΡΙάοιιίις</span> <span class='ocrx_word' id='word_1_177' title='bbox 1047 3176 1258 3241; x_wconf 91' lang='lat' dir='ltr'>illud</span> <span class='ocrx_word' id='word_1_178' title='bbox 1305 3174 1769 3259; x_wconf 88' lang='lat' dir='ltr'>agitabant,</span> <span class='ocrx_word' id='word_1_179' title='bbox 1817 3177 1939 3240; x_wconf 89' lang='lat' dir='ltr'>uti</span> <span class='ocrx_word' id='word_1_180' title='bbox 1987 3176 2183 3257; x_wconf 91' lang='lat' dir='ltr'>cet.¹)</span> <span class='ocrx_word' id='word_1_181' title='bbox 2253 3175 2478 3258; x_wconf 89' lang='lat' dir='ltr'>Ipsum</span> <span class='ocrx_word' id='word_1_182' title='bbox 2524 3174 2732 3239; x_wconf 92' lang='lat' dir='ltr'>illud</span> <span class='ocrx_word' id='word_1_183' title='bbox 2789 3176 2962 3256; x_wconf 89' lang='lat' dir='ltr'>agi-</span> 
     </span>
     <span class='ocr_line' id='line_1_25' title="bbox 652 3281 2959 3366; baseline -0.003 -15"><span class='ocrx_word' id='word_1_184' title='bbox 652 3286 943 3352; x_wconf 87' lang='lat' dir='ltr'>tabant</span> <span class='ocrx_word' id='word_1_185' title='bbox 1011 3285 1317 3363; x_wconf 87' lang='lat' dir='ltr'>ostendit,</span> <span class='ocrx_word' id='word_1_186' title='bbox 1389 3284 1468 3348; x_wconf 89' lang='lat' dir='ltr'>de</span> <span class='ocrx_word' id='word_1_187' title='bbox 1535 3283 1714 3348; x_wconf 93' lang='lat' dir='ltr'>bello</span> <span class='ocrx_word' id='word_1_188' title='bbox 1772 3290 2109 3364; x_wconf 90' lang='lat' dir='ltr'>negatum,</span> <span class='ocrx_word' id='word_1_189' title='bbox 2170 3281 2369 3346; x_wconf 90' lang='lat' dir='ltr'>aliam</span> <span class='ocrx_word' id='word_1_190' title='bbox 2421 3304 2562 3346; x_wconf 91' lang='lat' dir='ltr'>rem</span> <span class='ocrx_word' id='word_1_191' title='bbox 2618 3281 2959 3366; x_wconf 87' lang='lat' dir='ltr'>pacificam</span> 
     </span>
     <span class='ocr_line' id='line_1_26' title="bbox 652 3394 1252 3476; baseline -0.008 -17"><span class='ocrx_word' id='word_1_192' title='bbox 652 3394 945 3476; x_wconf 86' lang='lat' dir='ltr'>agitante</span> <span class='ocrx_word' id='word_1_193' title='bbox 995 3397 1252 3456; x_wconf 90' lang='lat' dir='ltr'>senatu.</span> 
     </span>
    </p>
   </div>
   <div class='ocr_carea' id='block_1_3' title="bbox 1585 3541 2009 3624">
    <p class='ocr_par' dir='ltr' id='par_1_5' title="bbox 1585 3541 2009 3624">
     <span class='ocr_line' id='line_1_27' title="bbox 1585 3541 2009 3624; baseline 0.005 -3"><span class='ocrx_word' id='word_1_194' title='bbox 1585 3542 1769 3624; x_wconf 92' lang='lat' dir='ltr'>Lib.</span> <span class='ocrx_word' id='word_1_195' title='bbox 1836 3541 2009 3623; x_wconf 89' lang='lat' dir='ltr'>XL.</span> 
     </span>
    </p>
   </div>
   <div class='ocr_carea' id='block_1_4' title="bbox 651 3671 2957 3973">
    <p class='ocr_par' dir='ltr' id='par_1_6' title="bbox 651 3671 2957 3973">
     <span class='ocr_line' id='line_1_28' title="bbox 826 3671 2954 3759; baseline -0.002 -21"><span class='ocrx_word' id='word_1_196' title='bbox 826 3673 981 3759; x_wconf 89' lang='lat' dir='ltr'>Cap.</span> <span class='ocrx_word' id='word_1_197' title='bbox 1031 3680 1087 3753; x_wconf 88' lang='grc'>8,</span> <span class='ocrx_word' id='word_1_198' title='bbox 1139 3679 1217 3738; x_wconf 90' lang='grc'>14</span> <span class='ocrx_word' id='word_1_199' title='bbox 1265 3675 1360 3756; x_wconf 87' lang='lat' dir='ltr'>(in</span> <span class='ocrx_word' id='word_1_200' title='bbox 1407 3676 1706 3739; x_wconf 91' lang='lat' dir='ltr'>oratione</span> <span class='ocrx_word' id='word_1_201' title='bbox 1752 3672 2041 3757; x_wconf 81' lang='lat' dir='ltr'>Philippi</span> <span class='ocrx_word' id='word_1_202' title='bbox 2087 3672 2171 3737; x_wconf 87' lang='lat' dir='ltr'>ad</span> <span class='ocrx_word' id='word_1_203' title='bbox 2217 3671 2448 3752; x_wconf 88' lang='lat' dir='ltr'>filios):</span> <span class='ocrx_word' id='word_1_204' title='bbox 2508 3672 2669 3736; x_wconf 91' lang='lat' dir='ltr'>Iam</span> <span class='ocrx_word' id='word_1_205' title='bbox 2721 3672 2954 3754; x_wconf 89' lang='lat' dir='ltr'>(posui,</span> 
     </span>
     <span class='ocr_line' id='line_1_29' title="bbox 652 3778 2956 3863; baseline -0.003 -15"><span class='ocrx_word' id='word_1_206' title='bbox 652 3784 779 3848; x_wconf 90' lang='lat' dir='ltr'>hoc</span> <span class='ocrx_word' id='word_1_207' title='bbox 825 3790 945 3858; x_wconf 86' lang='lat' dir='ltr'>est,</span> <span class='ocrx_word' id='word_1_208' title='bbox 993 3781 1519 3861; x_wconf 85' lang='lat' dir='ltr'>commemoravi)</span> <span class='ocrx_word' id='word_1_209' title='bbox 1555 3781 1699 3846; x_wconf 91' lang='lat' dir='ltr'>hos</span> <span class='ocrx_word' id='word_1_210' title='bbox 1744 3781 2169 3845; x_wconf 89' lang='lat' dir='ltr'>Eumenem</span> <span class='ocrx_word' id='word_1_211' title='bbox 2214 3779 2750 3863; x_wconf 90' lang='lat' dir='ltr'>Attalumque</span> <span class='ocrx_word' id='word_1_212' title='bbox 2793 3778 2956 3843; x_wconf 86' lang='lat' dir='ltr'>fra-</span> 
     </span>
     <span class='ocr_line' id='line_1_30' title="bbox 651 3886 2957 3973; baseline -0.002 -19"><span class='ocrx_word' id='word_1_213' title='bbox 651 3896 836 3967; x_wconf 85' lang='lat' dir='ltr'>tres,</span> <span class='ocrx_word' id='word_1_214' title='bbox 886 3911 927 3953; x_wconf 91' lang='lat' dir='ltr'>a</span> <span class='ocrx_word' id='word_1_215' title='bbox 972 3910 1201 3973; x_wconf 89' lang='lat' dir='ltr'>quam</span> <span class='ocrx_word' id='word_1_216' title='bbox 1248 3890 1564 3972; x_wconf 83' lang='lat' dir='ltr'>exiguis</span> <span class='ocrx_word' id='word_1_217' title='bbox 1610 3889 1878 3965; x_wconf 82' lang='lat' dir='ltr'>rebuS,</span> <span class='ocrx_word' id='word_1_218' title='bbox 1923 3909 2178 3971; x_wconf 90' lang='lat' dir='ltr'>prope</span> <span class='ocrx_word' id='word_1_219' title='bbox 2224 3894 2314 3952; x_wconf 90' lang='lat' dir='ltr'>ut</span> <span class='ocrx_word' id='word_1_220' title='bbox 2359 3886 2705 3969; x_wconf 88' lang='lat' dir='ltr'>puderet</span> <span class='ocrx_word' id='word_1_221' title='bbox 2747 3886 2957 3969; x_wconf 88' lang='lat' dir='ltr'>regii</span> 
     </span>
    </p>
   </div>
   <div class='ocr_carea' id='block_1_5' title="bbox 663 4026 1107 4037">
    <p class='ocr_par' dir='ltr' id='par_1_7' title="bbox 663 4026 1107 4037">
     <span class='ocr_line' id='line_1_31' title="bbox 663 4026 1107 4037; baseline 0 0"><span class='ocrx_word' id='word_1_222' title='bbox 663 4026 1107 4037; x_wconf 95' lang='lat' dir='ltr'> </span> 
     </span>
    </p>
   </div>
   <div class='ocr_carea' id='block_1_6' title="bbox 702 4088 2962 4585">
    <p class='ocr_par' dir='ltr' id='par_1_8' title="bbox 702 4088 2962 4585">
     <span class='ocr_line' id='line_1_32' title="bbox 702 4088 2952 4160; baseline -0.001 -17"><span class='ocrx_word' id='word_1_223' title='bbox 702 4092 748 4155; x_wconf 86' lang='lat'>²)</span> <span class='ocrx_word' id='word_1_224' title='bbox 788 4090 918 4159; x_wconf 82' lang='lat' dir='ltr'>Cap.</span> <span class='ocrx_word' id='word_1_225' title='bbox 959 4092 1043 4157; x_wconf 84' lang='lat'>54,</span> <span class='ocrx_word' id='word_1_226' title='bbox 1084 4093 1146 4144; x_wconf 80' lang='lat'>12</span> <span class='ocrx_word' id='word_1_227' title='bbox 1192 4090 1585 4160; x_wconf 82' lang='lat' dir='ltr'>expellendum</span> <span class='ocrx_word' id='word_1_228' title='bbox 1634 4107 1754 4144; x_wconf 82' lang='lat' dir='ltr'>esse</span> <span class='ocrx_word' id='word_1_229' title='bbox 1804 4108 1840 4158; x_wconf 92' lang='lat' dir='ltr'>q</span> <span class='ocrx_word' id='word_1_230' title='bbox 1855 4107 1999 4143; x_wconf 83' lang='lat' dir='ltr'>uam</span> <span class='ocrx_word' id='word_1_231' title='bbox 2011 4131 2024 4156; x_wconf 93' lang='lat'>,</span> <span class='ocrx_word' id='word_1_232' title='bbox 2080 4089 2233 4158; x_wconf 86' lang='lat' dir='ltr'>quod</span> <span class='ocrx_word' id='word_1_233' title='bbox 2279 4090 2538 4158; x_wconf 86' lang='lat' dir='ltr'>Sigonius</span> <span class='ocrx_word' id='word_1_234' title='bbox 2593 4107 2627 4142; x_wconf 84' lang='lat' dir='ltr'>a</span> <span class='ocrx_word' id='word_1_235' title='bbox 2673 4088 2952 4143; x_wconf 80' lang='lat' dir='ltr'>sententia</span> 
     </span>
     <span class='ocr_line' id='line_1_33' title="bbox 790 4174 2953 4243; baseline -0 -15"><span class='ocrx_word' id='word_1_236' title='bbox 790 4176 1053 4229; x_wconf 82' lang='lat' dir='ltr'>aberrans</span> <span class='ocrx_word' id='word_1_237' title='bbox 1110 4175 1286 4243; x_wconf 87' lang='lat' dir='ltr'>addit,</span> <span class='ocrx_word' id='word_1_238' title='bbox 1325 4177 1496 4230; x_wconf 84' lang='lat' dir='ltr'>ceteri</span> <span class='ocrx_word' id='word_1_239' title='bbox 1543 4182 1740 4229; x_wconf 83' lang='lat' dir='ltr'>tenent</span> <span class='ocrx_word' id='word_1_240' title='bbox 1754 4217 1767 4241; x_wconf 93' lang='lat'>,</span> <span class='ocrx_word' id='word_1_241' title='bbox 1824 4180 1978 4230; x_wconf 80' lang='lat' dir='ltr'>recte</span> <span class='ocrx_word' id='word_1_242' title='bbox 2026 4175 2315 4227; x_wconf 81' lang='lat' dir='ltr'>Creverius</span> <span class='ocrx_word' id='word_1_243' title='bbox 2361 4175 2657 4228; x_wconf 80' lang='lat' dir='ltr'>intellexit.</span> <span class='ocrx_word' id='word_1_244' title='bbox 2728 4174 2953 4227; x_wconf 83' lang='lat' dir='ltr'>Denun-</span> 
     </span>
     <span class='ocr_line' id='line_1_34' title="bbox 787 4259 2960 4329; baseline -0.001 -16"><span class='ocrx_word' id='word_1_245' title='bbox 787 4260 1016 4314; x_wconf 83' lang='lat' dir='ltr'>tiationi</span> <span class='ocrx_word' id='word_1_246' title='bbox 1031 4302 1044 4326; x_wconf 93' lang='lat'>‚</span> <span class='ocrx_word' id='word_1_247' title='bbox 1100 4265 1166 4313; x_wconf 91' lang='lat' dir='ltr'>ut</span> <span class='ocrx_word' id='word_1_248' title='bbox 1220 4261 1417 4314; x_wconf 86' lang='lat' dir='ltr'>Gallici</span> <span class='ocrx_word' id='word_1_249' title='bbox 1469 4261 1666 4329; x_wconf 87' lang='lat' dir='ltr'>populi</span> <span class='ocrx_word' id='word_1_250' title='bbox 1716 4259 2140 4313; x_wconf 86' lang='lat' dir='ltr'>multitudinem</span> <span class='ocrx_word' id='word_1_251' title='bbox 2194 4278 2351 4313; x_wconf 83' lang='lat' dir='ltr'>suam</span> <span class='ocrx_word' id='word_1_252' title='bbox 2408 4259 2562 4312; x_wconf 88' lang='lat' dir='ltr'>domi</span> <span class='ocrx_word' id='word_1_253' title='bbox 2617 4260 2960 4325; x_wconf 85' lang='lat' dir='ltr'>contineant,</span> 
     </span>
     <span class='ocr_line' id='line_1_35' title="bbox 791 4343 2962 4413; baseline -0 -15"><span class='ocrx_word' id='word_1_254' title='bbox 791 4345 986 4399; x_wconf 81' lang='lat' dir='ltr'>addita</span> <span class='ocrx_word' id='word_1_255' title='bbox 1021 4346 1382 4399; x_wconf 88' lang='lat' dir='ltr'>comminatio</span> <span class='ocrx_word' id='word_1_256' title='bbox 1432 4350 1538 4399; x_wconf 86' lang='lat' dir='ltr'>est:</span> <span class='ocrx_word' id='word_1_257' title='bbox 1594 4345 1722 4413; x_wconf 86' lang='lat' dir='ltr'>Alp</span> <span class='ocrx_word' id='word_1_258' title='bbox 1740 4363 1809 4398; x_wconf 90' lang='lat' dir='ltr'>es</span> <span class='ocrx_word' id='word_1_259' title='bbox 1862 4362 2036 4413; x_wconf 86' lang='lat' dir='ltr'>prop</span> <span class='ocrx_word' id='word_1_260' title='bbox 2052 4361 2081 4397; x_wconf 91' lang='lat' dir='ltr'>e</span> <span class='ocrx_word' id='word_1_261' title='bbox 2127 4344 2642 4413; x_wconf 82' lang='lat' dir='ltr'>insuperabilis</span> <span class='ocrx_word' id='word_1_262' title='bbox 2679 4343 2851 4398; x_wconf 82' lang='lat' dir='ltr'>finis</span> <span class='ocrx_word' id='word_1_263' title='bbox 2890 4344 2962 4397; x_wconf 80' lang='lat' dir='ltr'>iu</span> 
     </span>
     <span class='ocr_line' id='line_1_36' title="bbox 787 4427 2958 4497; baseline -0.001 -13"><span class='ocrx_word' id='word_1_264' title='bbox 787 4432 1012 4486; x_wconf 87' lang='lat' dir='ltr'>medio</span> <span class='ocrx_word' id='word_1_265' title='bbox 1052 4436 1167 4484; x_wconf 83' lang='lat' dir='ltr'>est.</span> <span class='ocrx_word' id='word_1_266' title='bbox 1240 4428 1388 4484; x_wconf 82' lang='lat' dir='ltr'>Non</span> <span class='ocrx_word' id='word_1_267' title='bbox 1443 4430 1685 4497; x_wconf 89' lang='lat' dir='ltr'>utique</span> <span class='ocrx_word' id='word_1_268' title='bbox 1720 4429 1772 4481; x_wconf 91' lang='lat' dir='ltr'>ii</span> <span class='ocrx_word' id='word_1_269' title='bbox 1788 4446 1811 4481; x_wconf 81' lang='lat' dir='ltr'>s</span> <span class='ocrx_word' id='word_1_270' title='bbox 1866 4429 2113 4482; x_wconf 88' lang='lat' dir='ltr'>melius</span> <span class='ocrx_word' id='word_1_271' title='bbox 2169 4430 2304 4484; x_wconf 88' lang='lat' dir='ltr'>erit</span> <span class='ocrx_word' id='word_1_272' title='bbox 2350 4429 2578 4496; x_wconf 86' lang='lat' dir='ltr'>(malum</span> <span class='ocrx_word' id='word_1_273' title='bbox 2633 4427 2958 4495; x_wconf 84' lang='lat' dir='ltr'>habebunt),</span> 
     </span>
     <span class='ocr_line' id='line_1_37' title="bbox 789 4514 1973 4585; baseline -0.001 -16"><span class='ocrx_word' id='word_1_274' title='bbox 789 4517 906 4585; x_wconf 88' lang='lat' dir='ltr'>qui</span> <span class='ocrx_word' id='word_1_275' title='bbox 941 4533 1051 4570; x_wconf 88' lang='lat' dir='ltr'>eas</span> <span class='ocrx_word' id='word_1_276' title='bbox 1087 4514 1300 4584; x_wconf 86' lang='lat' dir='ltr'>primi</span> <span class='ocrx_word' id='word_1_277' title='bbox 1336 4515 1618 4583; x_wconf 82' lang='lat' dir='ltr'>pervias</span> <span class='ocrx_word' id='word_1_278' title='bbox 1654 4514 1973 4570; x_wconf 83' lang='lat' dir='ltr'>fecerint.</span> 
     </span>
    </p>
   </div>
  </div>
 </body>
</html>
