3230 5282
1464 651 1586 713 107
2422 663 2554 720 Lib-
2586 662 2680 720 IV.

365 855 727 902 consensus
804 835 870 900 b.
938 834 982 901 1.
1051 833 1518 913 auctoritatem
1585 833 1834 901 codicis
1898 835 1968 901 M
2032 834 2263 912 vincit,
2345 836 2681 921 iniquos

365 944 639 1011 habent:
706 943 867 1010 etsi
923 941 1257 1026 (consules
1312 942 1460 1008 illos
1516 950 1885 1009 vestrarum
1928 942 2242 1027 partium)
2293 943 2680 1029 patribus

365 1049 833 1118 videbamus
879 1051 1228 1137 iniquos,
1273 1050 1718 1136 patricium
1764 1071 2085 1136 quoque
2132 1057 2254 1116 cet.

534 1158 852 1225 Extremo
921 1158 1135 1243 capite
1190 1156 1356 1223 nihil
1412 1180 1492 1223 ex
1545 1159 1627 1224 iis
1672 1159 1938 1242 placere
1982 1165 2231 1242 potest,
2301 1180 2446 1242 quae
2491 1178 2681 1224 exco-
2776 1186 2801 1191 2

363 1268 577 1351 gitata
634 1274 790 1332 sunt
846 1266 933 1331 ad
988 1266 1163 1331 hanc
1208 1265 1530 1332 orationis
1575 1266 2142 1351 perturbationem
2186 1267 2254 1330 in
2297 1266 2682 1332 brevissimo

363 1382 432 1440 et
484 1375 906 1459 apertissimo
963 1375 1309 1440 sententiae
1367 1372 1621 1439 ambitu
1668 1373 2177 1439 defendendam:
2247 1373 2684 1458 Esquilias

365 1483 691 1566 quidem
759 1482 856 1547 ab
922 1482 1160 1548 hoste
1226 1502 1476 1566 prope
1546 1488 1833 1566 captas
1891 1489 1970 1547 et
2025 1480 2549 1547 scandentem
2606 1482 2684 1547 in

365 1610 743 1673 aggerem
787 1588 1162 1656 Volscum
1216 1588 1534 1655 hostem
1591 1611 1815 1656 nemo
1875 1589 2307 1670 submovit3
2375 1611 2496 1654 nec
2543 1610 2684 1655 cor-

363 1698 622 1781 rigendi
685 1704 961 1764 conatus
1016 1696 1219 1763 ullam
1275 1698 1525 1763 habent
1568 1697 2134 1782 probabilitatem.
2240 1696 2503 1762 Excidit
2546 1718 2683 1762 ver-

366 1807 520 1872 bum
567 1806 857 1891 aliquod.
873 1804 931 1887 ¹)

1332 1996 1516 2080 Lib.
1581 1996 1721 2079 IV.
2716 2041 2823 2113 (88)

539 2127 703 2214 Cap.
752 2134 821 2207 2,
879 2134 919 2193 4
967 2127 1063 2210 (in
1108 2128 1456 2194 consulum
1501 2129 1680 2212 apud
1725 2134 1952 2213 patres
2001 2129 2362 2212 oratione):
2433 2129 2686 2194 Maxi-

368 2258 575 2302 mum
619 2238 878 2303 Romae
934 2237 1341 2321 praemium
1398 2236 1904 2302 seditionum
1963 2257 2172 2317 esse3
2242 2237 2322 2303 id
2381 2244 2461 2302 et
2521 2239 2686 2302 sin-

362 2345 584 2428 gulis
629 2346 1210 2430 universisque
1257 2365 1578 2428 semper
1623 2344 1917 2410 honori
1959 2343 2237 2411 fuisse.
2332 2347 2686 2411 Remini-

365 2460 804 2518 scerentur
847 2451 1266 2534 (senatores),
1312 2472 1543 2535 quam
1589 2452 2099 2517 maiestatem
2147 2461 2478 2519 senatus
2524 2455 2686 2538 ipsi

367 2581 408 2623 a
486 2560 874 2644 patribus
955 2561 1505 2646 accepissent,
1595 2581 1827 2645 quam
1902 2559 2199 2626 liberis
2277 2562 2687 2627 tradituri

367 2677 675 2749 essent,
731 2676 847 2749 ut,
903 2668 1566 2754 quemadmodum
1627 2667 1891 2752 plebs,
1947 2670 2298 2752 gloriari
2344 2678 2689 2754 possent

365 2779 826 2843 auctiorem
890 2777 1527 2862 amplioremque
1595 2798 1794 2842 esse.
1917 2777 2191 2842 Finem
2238 2786 2454 2860 'ergo
2534 2797 2688 2842 non

365 2882 560 2948 fieri
617 2905 762 2949 nec
818 2884 1208 2964 futuram,
1268 2885 1519 2950 donec
1566 2891 1688 2949 cet.
1791 2884 1899 2951 Sic
1953 2905 2126 2949 nunc
2173 2885 2391 2964 edunt,
2438 2883 2689 2950 Dukeri

367 2993 818 3058 coniecturam
887 2993 1291 3058 lenissimam
1359 2991 1656 3075 profecto
1724 2999 2071 3076 sequentes
2145 2991 2509 3076 (possent
2566 3015 2686 3075 pro

363 3101 713 3184 posset),
783 3122 927 3185 quae
983 3101 1177 3165 unius
1234 3099 1478 3166 codicis
1534 3099 2039 3184 Bambergensis
2096 3100 2472 3166 testimonio
2531 3121 2688 3166 con-

365 3207 621 3272 firmari
678 3209 998 3300 traditur3
1065 3229 1218 3273 nam
1272 3209 1342 3272 in
1397 3207 1699 3273 codicum
1745 3209 2098 3292 scriptura:
2168 3214 2269 3287 ut,
2319 3207 2689 3292 quemad-

365 3315 684 3381 modum
749 3316 981 3400 plebs
1047 3315 1402 3399 gloriari
1467 3322 1780 3399 posset,
1849 3317 2312 3381 auctiorem
2354 3351 2442 3360 —
2488 3336 2686 3395 esse,

364 3424 670 3509 expediri
717 3425 929 3490 oratio
973 3425 1222 3508 nequit.
1327 3421 1455 3488 Sed
1502 3423 1831 3488 sententia
1878 3423 2046 3488 adeo
2092 3422 2440 3489 manifesto
2487 3444 2690 3507 prava

366 3555 453 3598 ex
515 3532 634 3598 illa
696 3534 1080 3598 coniectura
1134 3532 1460 3610 nascitur,
1530 3537 1603 3596 ut
1661 3531 1728 3595 id
1774 3552 1855 3595 ne
1902 3529 2379 3596 Alschefskium
2425 3531 2688 3614 quidem

426 3752 477 3818 ¹)
518 3749 786 3818 [Verbum
821 3752 881 3804 in
917 3750 1186 3818 quidem
1222 3750 1402 3806 latere
1437 3750 1841 3806 intellexerunt
1875 3751 2117 3806 Welzius
2155 3755 2211 3804 et
2236 3748 2691 3817 Forchhammer,

520 3836 600 3890 sic
661 3835 999 3891 scribentes:
1073 3835 1432 3904 Esquilias
1494 3836 1787 3890 vidimus
1850 3864 1917 3875 —
1972 3835 2306 3890 Volscum.
2405 3834 2692 3890 Hostem

512 3937 705 3975 nemo
758 3919 1133 3986 submovit3
1187 3921 1256 3974 in
1304 3937 1427 3976 nos
1473 3918 1600 3989 cet]
1675 3920 1805 3991 Cap.
1843 3924 1936 3989 71,
1989 3923 2024 3974 '7
2066 3921 2125 3974 in
2159 3920 2271 3975 his:
2326 3921 2559 3974 mirari
2606 3937 2692 3987 se,

520 4022 810 4074 quonam
853 4022 1041 4059 more
1075 4005 1414 4061 Ardeates
1451 4006 1884 4076 Aricinique,
1933 4007 2124 4060 cuius
2173 4006 2324 4074 agri
2370 4006 2472 4060 ius
2516 4025 2688 4061 nun·

515 4108 714 4159 quam
760 4092 1256 4160 usurpaverint
1302 4091 1645 4145 incolumi
1680 4090 2058 4146 Coriolana
2103 4109 2197 4158 re,
2244 4107 2386 4144 eum
2421 4107 2487 4145 se
2520 4118 2591 4129 —
2624 4119 2693 4129 —-

513 4177 1042 4246 intercepturos
1091 4181 1405 4246 sperent,
1449 4181 1603 4232 recte
1639 4176 1910 4231 Klockius
1957 4176 2128 4232 scribi
2173 4175 2354 4230 voluit
2398 4192 2693 4244 quonam

521 4278 654 4316 ore.
743 4261 1026 4330 Quaeritnr
1079 4267 1260 4328 recte,
1315 4278 1560 4330 quonam
1603 4278 1760 4317 more
1805 4262 2020 4331 aliquid
2066 4261 2189 4329 fiat3
2246 4277 2491 4328 quonam
2537 4276 2693 4314 more

514 4347 722 4416 aliquis
775 4346 1225 4417 intercepturum
1277 4363 1337 4401 se
1389 4346 1601 4415 aliquid
1654 4346 2155 4412 fraudaturumque
2203 4347 2440 4400 alterum
2489 4350 2693 4415 speret,
2729 4351 2736 4358 '

513 4432 753 4486 ridicule
806 4433 1102 4501 quaeritur3
1166 4449 1348 4500 neque
1414 4432 1564 4486 enim
1629 4432 2030 4502 intercipiendi
2095 4433 2280 4488 aliena
2331 4430 2694 4485 fraudandive

519 4516 670 4571 ullus
708 4521 795 4572 est
830 4534 966 4571 mos.
