3230 5282
1409 567 1526 628 561
2213 576 2335 631 Lib.
2371 577 2620 631 XXXIX.

309 758 447 816 tes
493 752 571 814 in
610 750 962 832 singulis
997 748 1457 831 legionibus
1496 755 1732 825 esset,
1772 747 2324 812 dimitterent.
2372 748 2624 814 Vitium

314 858 643 923 orationis
671 856 1038 921 Gronovius
1062 858 1404 940 perspexit
1446 877 1567 920 nec
1591 863 1813 920 tamen
1862 855 2053 938 plene
2089 857 2426 939 exposuit3
2472 878 2625 921 nam

314 973 389 1030 et
437 987 537 1032 eae
583 966 949 1048 legiones
995 985 1195 1047 prave
1243 964 1571 1041 dicuntur,
1618 962 1819 1027 nullis
1865 970 2061 1027 antea
2100 965 2627 1028 commemoratis

317 1072 714 1154 legionibuS,
750 1092 869 1135 nec
908 1093 986 1136 ex
1023 1071 1109 1135 IV
1157 1070 1447 1135 millibus
1486 1070 1781 1151 peditum
1817 1070 1904 1133 IV
1944 1071 2236 1152 legiones
2271 1070 2444 1135 effici
2476 1094 2629 1156 pos-

318 1187 495 1259 sunt,
541 1200 665 1243 nec
711 1178 1003 1261 legiones
1064 1178 1646 1257 describebantur,
1692 1178 1805 1242 sed
1854 1178 2331 1256 scribebantur,
2387 1200 2508 1243 nec
2562 1178 2630 1242 id

324 1308 639 1371 umquam
689 1285 832 1366 (illa
866 1286 1129 1367 quidem
1177 1286 1399 1366 aetate)
1447 1287 1513 1349 in
1558 1286 1931 1368 provinciis»,
1981 1286 2097 1349 sed
2133 1286 2354 1350 Romae
2397 1285 2632 1364 fiebat3

324 1415 475 1477 quae
522 1395 589 1457 in
634 1394 984 1476 provinciis
1031 1394 1162 1457 iam
1208 1400 1399 1457 erant
1452 1393 1778 1475 legiones,
1828 1393 2320 1476 supplebantur.
2400 1394 2634 1475 Agitur

317 1503 549 1584 igitur,
599 1501 775 1584 quod
824 1499 1190 1564 Gronovius
1239 1500 1428 1578 vidit,
1475 1499 1554 1564 de
1601 1500 2058 1583 supplemento
2104 1500 2384 1564 militum
2430 1502 2498 1564 in
2542 1500 2635 1565 le-

321 1611 587 1691 gione3‚
659 1629 802 1690 quae
870 1609 937 1671 in
998 1608 1322 1690 Hispania
1366 1614 1573 1686 erant,
1644 1606 2098 1685 describendO,
2159 1629 2292 1689 qua
2346 1607 2636 1690 descrip-

327 1719 508 1782 tione
553 1716 755 1794 sacta‚
804 1716 859 1779 si
906 1714 1177 1796 singulae
1234 1715 1521 1796 legiones
1580 1736 1779 1797 supra
1828 1713 1881 1776 V
1941 1714 2146 1777 millia
2188 1714 2482 1797 peditum
2530 1735 2638 1777 ex-

324 1830 725 1901 crescerent,
773 1821 1237 1899 dimitteretur,
1286 1821 1465 1904 quod
1501 1828 1906 1898 excurrerem
1951 1842 2165 1902 neque
2202 1821 2639 1885 dubitandum

332 1932 611 2006 videtur,
657 1932 816 2014 quin
861 1936 1042 1994 recte
1089 1929 1455 1993 Gronovius
1504 1928 1699 1992 scribi
1744 1929 2040 1992 iusserit:
2101 1950 2335 2011 quum
2379 1948 2512 1992 eos
2559 1928 2634 1990 in
2671 1933 2811 2002 (457)

327 2040 714 2121 legiones
742 2045 1134 2118 quattuor
1170 2036 1832 2117 descripsissent,
1858 2056 2257 2118 quamquam
2279 2037 2347 2098 in
2370 2055 2640 2098 numero

330 2148 702 2228 legionum,
749 2144 803 2208 si
850 2164 998 2207 eum
1043 2144 1186 2225 ipse
1236 2143 1457 2206 Livius
1503 2143 1753 2225 posuit,
1795 2143 2052 2206 erravit.
2142 2143 2308 2206 Nam
2366 2142 2529 2206 duas
2574 2143 2642 2205 in

333 2254 677 2337 Hispaniis
721 2251 919 2315 fuisse
965 2249 1270 2331 legioneS,
1317 2249 1607 2331 singulas
1653 2250 1718 2313 in
1767 2256 2047 2330 utraque
2093 2251 2453 2332 provincia,
2502 2251 2643 2333 ipse

330 2362 508 2425 dixit
552 2357 910 2428 XXXVIII.
961 2361 1059 2436 36,
1108 2360 1143 2419 3
1192 2356 1650 2439 significatque
1687 2357 1948 2420 minime
1995 2356 2268 2421 obscure
2304 2356 2428 2420 hoc
2471 2356 2643 2421 libro

335 2491 394 2534 c.
446 2472 545 2545 30,
597 2471 691 2530 12.
774 2464 903 2529 Sed
949 2472 1274 2547 praeterea
1320 2486 1398 2528 ex
1443 2465 1609 2528 Livii
1656 2464 2169 2545 Latinorumque
2216 2484 2340 2527 usu
2390 2464 2482 2544 (in
2529 2483 2646 2527 nu-

338 2597 524 2640 mero
572 2573 946 2639 excurrenti
993 2592 1110 2654 per
1156 2571 1545 2635 vocabulum
1601 2572 1788 2655 plus
1847 2571 2299 2654 significando)
2360 2572 2648 2636 scriben-

337 2685 501 2749 dum
546 2688 739 2766 puto:
806 2700 958 2760 quo
1008 2679 1186 2762 plus
1234 2700 1464 2761 quam
1520 2680 1872 2761 quinque
1930 2679 2191 2743 millia
2257 2713 2330 2724 -
2408 2686 2646 2744 esset.

342 2792 497 2855 Dixi
555 2790 633 2853 de
694 2809 772 2852 ea
837 2808 906 2850 re
977 2786 1360 2851 adolescens
1429 2788 1494 2851 in
1551 2786 2144 2850 Emendationibus
2205 2785 2651 2851 Ciceronianis

348 2898 578 2978 (Acad.
632 2903 697 2960 et
742 2896 821 2959 de
868 2894 1095 2977 Legg.)
1144 2917 1206 2976 p.
1260 2898 1358 2971 72,
1406 2894 1520 2958 ubi
1577 2893 1692 2957 lib.
1740 2892 1875 2971 XL,
1927 2898 2026 2971 36,
2089 2899 2165 2956 10
2224 2915 2258 2957 e
2315 2892 2650 2956 codicibus

343 3003 827 3069 restituendum
877 3024 1015 3066 esse
1064 3001 1323 3066 ostendi
1372 3021 1521 3084 quo
1569 3000 1918 3083 amplius
1967 2999 2166 3081 (quod
2201 3000 2653 3078 Weissenbor-

342 3114 496 3176 nius
542 3109 965 3194 probavit).¹)
1043 3109 1143 3173 Ad
1191 3130 1339 3173 eum
1386 3107 1650 3171 modum
1694 3127 1867 3170 nunc
1913 3107 2131 3171 editur
2177 3109 2244 3171 in
2291 3106 2425 3171 Cic.
2467 3107 2653 3172 Verr.

348 3219 467 3298 111,
521 3223 618 3297 16,
666 3222 745 3280 42
786 3239 865 3280 ex
912 3216 1292 3281 melioribus
1352 3213 1706 3292 codicibus,
1732 3221 2004 3298 excepto
2039 3221 2259 3279 tamen
2305 3215 2657 3298 palimpse-

351 3334 457 3391 sto
504 3327 854 3389 Vaticano:
924 3346 1075 3407 quo
1132 3324 1314 3406 plus
1375 3323 1724 3387 sumitur
1780 3342 1995 3402 quam
2033 3322 2394 3387 debetur.
2489 3321 2658 3388 Con-

348 3440 460 3498 tra
506 3434 895 3497 ducentos
965 3432 1241 3514 plures
1302 3430 1455 3511 (hoc
1514 3437 1646 3509 est,
1704 3429 2000 3493 ducentis
2045 3429 2220 3513 plus)
2288 3431 2658 3514 recipere

353 3540 590 3623 (XXII,
639 3542 737 3617 23,
787 3538 852 3619 7)
898 3559 1029 3603 non
1078 3522 1290 3602 ausim
1334 3538 1731 3622 improbare.

529 3645 685 3729 Cap.
732 3651 832 3725 40,
884 3650 960 3708 12
1008 3645 1118 3726 (de
1163 3646 1250 3710 M.
1300 3645 1606 3726 Catone):
1668 3646 1803 3726 qui
1849 3652 2162 3710 sextum
2209 3653 2285 3710 et
2332 3653 2661 3731 octoge-

350 3757 646 3837 simum
706 3775 989 3818 annum
1049 3774 1289 3836 agens
1357 3774 1686 3817 causam
1743 3751 2076 3832 dixerit,
2132 3755 2304 3836 ipse
2372 3776 2514 3837 pro
2584 3776 2662 3819 se

353 3863 721 3927 oraverit
767 3861 1396 3944 scripseritque,
1434 3861 1952 3941 nonagesimo
2010 3881 2217 3925 anno
2269 3860 2427 3926 Ser.
2478 3862 2663 3928 Gal-

358 3970 539 4034 bam
607 3969 702 4034 ad
761 3968 1042 4051 populi
1102 3967 1542 4032 adduxerit
1586 3967 1997 4031 iudicium.
2089 3969 2298 4035 Valde
2345 3971 2663 4054 suspicor,

415 4239 462 4305 ¹)
498 4238 607 4292 lllo
643 4239 768 4291 loco
805 4245 1082 4307 proeterea
1129 4255 1254 4292 cum
1292 4237 1489 4305 Pigbio
1529 4236 1789 4292 addenda
1843 4245 1931 4291 est
1973 4240 2303 4308 proepositio
2359 4241 2454 4307 (in
2508 4241 2669 4293 dua·

504 4324 625 4377 bus
663 4323 1108 4390 legionibus);
1162 4341 1294 4377 nam
1330 4322 1600 4390 legioni
1638 4338 1783 4375 esse
1821 4324 2108 4391 amplius
2146 4329 2484 4393 quattuor
2518 4326 2664 4378 mil-

504 4407 596 4460 lia
631 4406 938 4476 peditum
974 4425 1138 4461 nemo
1176 4407 1335 4459 dixit.

2144 4511 2211 4562 36
