3230 5282
1498 597 1625 656 423
2354 609 2480 664 Lib.
2516 609 2715 663 xxm

414 780 608 864 primi
656 779 952 844 editores
998 801 1078 845 ex
1122 779 1311 844 codd.
1337 780 1498 843 dett.
1527 789 1909 863 posuerant.
1954 780 2319 858 faceret).
2368 780 2717 848 Praeterea.

409 891 540 954 nisi
586 897 666 952 et
710 889 892 973 (post
926 889 1267 967 consuli)
1303 888 1478 952 mala
1515 910 1713 952 manu
1747 889 2047 952 additum
2080 897 2203 958 est.
2251 888 2452 952 scribi
2487 889 2713 955 debet:

413 1019 654 1080 quum
710 1005 792 1061 et
848 996 1170 1060 consuli
1229 996 1669 1079 duplicatae
1724 998 1943 1060 vires
1999 1004 2075 1060 et
2120 996 2385 1060 Poeno
2433 1018 2715 1062 recens

412 1128 468 1168 v.
495 1126 553 1168 a.
577 1105 621 1168 f.
693 1103 828 1187 [Sic
864 1106 994 1168 iam
1020 1103 1498 1182 Alschefskiu83
1544 1104 1700 1167 olim
1733 1113 2085 1187 utrumqne
2121 1112 2199 1167 et
2236 1103 2715 1187 omittebatur]

586 1212 744 1296 Cap.
794 1217 906 1290 37,
964 1217 1002 1274 2
1050 1211 1469 1276 scribendum
1511 1212 1803 1275 videtur:
1862 1211 1975 1293 (M.
2026 1212 2250 1276 Livius
2295 1219 2359 1276 et
2406 1211 2476 1276 G.
2523 1211 2717 1277 Clau·

412 1319 561 1384 dius
620 1319 958 1401 censores)
1019 1321 1222 1383 viam
1280 1341 1315 1383 e
1355 1317 1554 1384 'foro
1598 1319 1897 1384 Boario
1953 1319 2051 1383 ad
2110 1319 2441 1384 Veneris
2498 1319 2715 1400 (codd.

412 1435 480 1491 et
543 1428 642 1491 W.
699 1436 778 1492 et
843 1428 940 1491 ad
1005 1427 1375 1507 Veneris)
1454 1429 1683 1492 circa
1748 1427 2100 1508 (editoreS,
2168 1428 2368 1491 etiam
2436 1427 2566 1504 W„
2634 1435 2715 1492 et

413 1534 668 1615 circa)
735 1536 961 1600 foros
1027 1534 1410 1619 publicos
1477 1543 1554 1599 et
1621 1535 1865 1600 aedem
1931 1535 2218 1599 Matris
2274 1534 2573 1617 Magnae
2638 1536 2716 1599 in

412 1643 742 1708 Palatio
809 1643 1269 1707 faciendam
1332 1643 1733 1706 locarunt.
1858 1642 2038 1705 Inter
2103 1642 2171 1706 id
2239 1664 2509 1718 nomen,
2588 1664 2718 1724 quo

413 1752 672 1815 initium
718 1752 835 1815 viae
880 1750 1320 1834 significatur,
1375 1756 1444 1814 et
1488 1749 1574 1829 id,
1633 1772 1766 1833 quo
1812 1749 1978 1822 finis,
2036 1771 2165 1813 non
2212 1759 2433 1832 potest
2478 1752 2721 1834 copula

414 1860 762 1942 interponi.
866 1858 1141 1922 Videtur
1194 1857 1548 1939 significari
1605 1859 1709 1921 via
1753 1856 1923 1921 flexu
1969 1858 2147 1921 foros
2192 1856 2490 1941 publicos
2536 1858 2720 1924 amb·

411 1967 574 2043 iens,
621 1969 932 2048 quoniam
979 1974 1048 2031 et
1081 1967 1357 2030 Veneris
1403 1966 1576 2030 aedes
1622 1986 1828 2049 prope
1877 1964 2135 2029 Circum
2180 1964 2305 2029 fuit
2352 1965 2459 2045 (X,
2502 1970 2602 2044 31,
2651 1967 2718 2046 9)

416 2082 485 2139 et
529 2072 710 2139 foros
755 2073 1056 2157 publicos
1101 2074 1169 2136 in
1206 2072 1376 2137 Circi
1420 2074 1632 2137 latere
1678 2073 1900 2154 aliquo
1947 2081 2013 2136 et
2057 2074 2286 2156 prima,
2330 2079 2407 2137 ut
2444 2074 2720 2146 videtur,

415 2181 629 2246 fronte
684 2182 885 2246 fuisse
942 2189 1220 2265 apparet
1276 2203 1312 2246 e
1357 2182 1523 2245 Livii
1578 2181 1747 2246 libro
1794 2180 1997 2256 XLV,
2059 2186 2122 2258 1,
2181 2183 2217 2241 7
2265 2179 2527 2262 (quum
2583 2203 2723 2264 per

418 2288 736 2354 Circum
792 2289 1081 2354 consul
1129 2289 1670 2353 reveheretur
1713 2289 1808 2353 ad
1854 2288 2074 2353 foros
2118 2288 2557 2372 publicos),
2615 2290 2721 2353 cui

287 2447 296 2452 .
417 2398 789 2461 testimonio
846 2397 1227 2480 adiungitur
1282 2397 1341 2476 Ι,
1399 2401 1509 2474 56,
1567 2401 1605 2459 2
1665 2403 1732 2461 et
1775 2396 2023 2460 Paulus
2067 2396 2433 2474 DiaconuS,
2498 2396 2723 2462 foros

418 2505 860 2589 interpretans
915 2506 1327 2568 circensia
1386 2503 1888 2587 spectacula.
1990 2504 2193 2569 Paulo
2238 2510 2389 2587 post
2435 2503 2495 2585 (ἓ
2542 2504 2609 2584 4)
2656 2506 2721 2568 in

418 2612 547 2677 his:
619 2612 699 2677 id
755 2612 1111 2694 vectigal
1166 2618 1698 2676 commentum
1758 2611 2106 2677 alterum
2153 2633 2188 2677 e
2234 2613 2722 2677 censoribus

420 2722 630 2786 satis
690 2721 1170 2799 credebant,
1237 2719 1538 2804 populo
1597 2721 1921 2798 iratum,
1990 2718 2195 2801 quod
2254 2720 2535 2802 iniquo
2596 2722 2713 2784 iu·
2753 2742 2899 2809 (345)

421 2829 635 2892 dicio
682 2828 1092 2911 quondam
1139 2829 1564 2892 damnatus
1611 2834 1855 2905 esset3
1917 2833 1997 2890 et
2052 2827 2129 2890 in
2188 2828 2461 2910 pretio
2518 2827 2722 2892 salis

418 2938 755 3000 maxime
804 2944 1186 3000 oneratas
1233 2935 1530 3012 tribus,
1591 2956 1925 3016 quarum
1984 2954 2234 3016 opera
2292 2934 2724 2998 damnatus

422 3051 629 3121 erat,
709 3043 1188 3120 credebant,
1257 3048 1619 3106 extremum
1686 3041 1959 3104 verbum
2028 3062 2067 3104 a
2134 3040 2315 3103 Livio
2384 3061 2519 3103 non
2582 3062 2724 3105 esse

422 3152 749 3232 suspicor3
820 3158 997 3215 certe
1065 3148 1660 3214 incommodissime
1717 3149 2089 3231 geminatur
2148 3148 2383 3224 (satis
2442 3147 2725 3211 crede-

424 3257 617 3321 bant
657 3293 743 3301 —
789 3266 868 3323 et
909 3293 996 3302 ——
1041 3256 1539 3336 credebant).
1648 3254 1708 3338 [ξ
1756 3260 1815 3333 8,
1862 3255 1975 3320 ubi
2022 3254 2266 3318 editur:
2337 3254 2580 3332 Quum
2626 3254 2725 3318 ad

423 3366 725 3429 tribum
805 3365 1144 3429 Polliam
1222 3370 1539 3428 ventum
1621 3371 1771 3442 est,
1865 3363 2174 3445 quoniam
2240 3363 2570 3445 sequitur:
2653 3370 2729 3427 et

425 3494 684 3557 praeco
755 3480 1319 3552 cunctaretur,
1388 3494 1518 3536 non
1577 3470 1849 3535 dubium
1904 3478 2040 3549 est,
2109 3469 2263 3551 quin
2318 3476 2495 3534 recte
2552 3469 2726 3534 Sies-

422 3580 628 3669 byeus
685 3581 1100 3645 scribendum
1157 3580 1540 3644 coniecerit:
1613 3579 1857 3657 Quum
1912 3613 1998 3621 —
2058 3584 2297 3655 esset3
2367 3577 2513 3655 cfr.,
2582 3598 2728 3660 quae

426 3689 561 3752 dixi
617 3690 702 3753 ad
749 3687 879 3752 Cic.
926 3689 1110 3752 Finn.
1155 3712 1218 3772 p.
1267 3692 1411 3752 246.
1512 3688 1716 3751 Paulo
1763 3685 1963 3763 infra,
2024 3685 2133 3748 ubi
2184 3684 2426 3748 editur:
2498 3706 2728 3767 quum

425 3796 521 3860 ad
579 3798 884 3862 tribum
929 3797 1409 3860 Arniensem
1453 3831 1536 3839 —
1581 3801 1895 3858 ventum
1943 3800 2093 3870 est,
2166 3792 2290 3855 etsi
2338 3792 2469 3854 veri
2518 3790 2728 3854 simile

426 3910 531 3968 est
561 3904 816 3968 Livium
860 3904 967 3967 hic
1014 3924 1271 3985 quoque
1317 3902 1798 3967 coniunctivum
1833 3900 2152 3984 posuisse,
2198 3905 2418 3962 tamen
2454 3906 2728 3977 ἐφεκτέονς

424 4033 577 4075 nam
622 4012 737 4091 VI,
796 4016 905 4090 20,
962 4018 1002 4075 4
1058 4011 1360 4075 similiter
1416 4009 1756 4074 scribitur:
1829 4007 2075 4084 Quum
2131 4005 2304 4070 dies
2361 4005 2580 4069 venit
2622 4039 2726 4069 --.

426 4120 658 4201 Itaque
705 4119 984 4183 XXVIII
1030 4139 1310 4201 quoque,
1353 4122 1408 4196 3,
1448 4122 1504 4196 6,
1542 4117 1657 4180 ubi
1704 4115 1906 4181 edidi:
1955 4114 2221 4178 Prima
2264 4133 2449 4195 pars
2496 4133 2731 4195 quum

429 4228 727 4291 adorta
784 4247 1259 4310 oppugnare
1308 4232 1558 4303 esset,
1615 4228 1889 4307 praestat
1936 4221 2122 4285 codd.
2171 4220 2563 4303 scripturam
2610 4225 2732 4283 est

425 4340 670 4399 tenere.
767 4332 978 4416 1876]
1093 4334 1437 4399 Postremo
1497 4332 1529 4415 ἓ
1598 4337 1703 4409 12,
1771 4329 1881 4394 ubi
1955 4330 2049 4393 sic
2108 4328 2448 4393 scribitur:
2519 4327 2732 4389 inter

427 4444 744 4507 nomina
817 4463 1115 4519 eorum,
1196 4463 1392 4522 quos
1462 4440 1797 4504 aerarios
1866 4435 2425 4519 relinquebat,
2503 4429 2732 4496 dedit
