3230 5282
1486 630 1607 692 307
2368 644 2492 698 Lib.
2529 643 2703 697 XXII.

395 806 760 901 gentium
810 816 1091 881 harum
1134 850 1221 860 —-
1267 815 1686 881 terribilis
1732 814 1952 897 erat).
2020 815 2322 880 Alienum
2367 824 2468 881 est
2512 836 2704 881 sane

390 945 509 989 nec
567 931 646 990 et
702 924 762 1005 (s
781 945 927 989 ane
990 930 1072 989 et
1131 923 1374 1006 alius)
1420 923 1654 1002 habet,
1713 944 1841 1005 quo
1887 922 2233 988 referatur.
2336 924 2548 1006 Prope
2595 942 2704 987 ac-

392 1039 686 1098 cesserat
731 1032 1104 1098 Douiatius.
1199 1031 1444 1114 (1862.)

562 1137 757 1224 *Cap
822 1145 940 1219 47,
1011 1148 1049 1205 4
1107 1140 1202 1220 (in
1259 1140 1705 1223 descriptione
1761 1138 1995 1222 proelii
2052 1135 2476 1219 Cannensis):
2547 1137 2704 1203 Sub

391 1248 823 1333 equestris
901 1247 1146 1313 finem
1230 1248 1704 1313 certaminis
1781 1253 2064 1312 coorta
2141 1252 2264 1311 est
2340 1245 2707 1328 peditum

390 1377 685 1440 pugna.
793 1355 1062 1421 Primo
1121 1363 1200 1421 et
1258 1357 1578 1420 viribus
1637 1362 1714 1420 et
1771 1355 2062 1420 animis
2106 1374 2349 1438 pares
2397 1360 2705 1419 consta·

398 1463 596 1530 bant
644 1463 979 1529 ordines
1026 1463 1287 1529 Gallis
1331 1462 1926 1547 Hispanisque3
1981 1460 2303 1527 tandem
2347 1461 2704 1539 Romani,

394 1571 532 1636 diu
580 1592 669 1637 ac
714 1593 924 1656 saepe
972 1571 1290 1637 connisi
1331 1607 1446 1651 —,
1513 1571 1913 1655 impulere
1967 1570 2321 1635 hostium
2378 1589 2708 1633 cuneum

394 1688 515 1745 cet.
587 1679 714 1756 Qui
763 1680 857 1745 sic
903 1680 1097 1762 primi
1143 1680 1547 1763 scripserunt
1591 1686 1957 1763 posteaque
1988 1685 2361 1757 tenuerunt,
2403 1677 2709 1741 videntur

393 1787 748 1870 significari
795 1793 1089 1870 putasse,
1144 1788 1332 1852 initio
1381 1786 1611 1852 Gallos
1656 1787 2112 1869 Hispanosque
2158 1786 2471 1851 Romanis
2516 1804 2708 1868 pares

396 1895 629 1977 fnisse3
698 1896 812 1961 sed
879 1916 1090 1977 neque
1149 1896 1592 1961 Romanorum
1662 1915 1899 1960 nomen
1963 1900 2104 1959 tum
2171 1894 2388 1959 omitti
2441 1898 2709 1977 poterat

401 2025 615 2087 neque
696 2003 993 2085 alioquin
1063 2024 1143 2067 ea
1213 2005 1542 2069 sententia
1609 2025 1690 2068 ex
1755 2003 1971 2067 verbis
2039 2001 2312 2086 (pares
2379 2000 2708 2065 ordines

395 2118 776 2177 constant
822 2109 1118 2190 Gallis)
1175 2110 1309 2175 ullo
1368 2112 1560 2177 modo
1621 2110 1931 2189 efficitur,
1989 2130 2132 2191 quae
2189 2110 2408 2192 potius
2464 2107 2708 2191 signifi-

395 2227 577 2299 cant,
650 2240 873 2285 omnes
920 2218 1267 2284 Gallorum
1312 2219 1892 2302 Hispanorumque
1950 2217 2210 2283 ordines
2270 2216 2509 2298 aequali
2564 2215 2708 2281 lon-

396 2326 689 2410 gitudine
751 2332 1046 2391 servatos
1104 2347 1270 2391 esse.
1387 2327 1630 2391 Verum
1685 2327 1879 2409 longe
1936 2326 2067 2390 alio
2125 2325 2384 2390 codices
2442 2324 2707 2402 ducunt,

396 2436 462 2499 in
507 2434 747 2517 quibus
794 2434 889 2515 (P,
947 2443 1085 2499 tum
1132 2433 1200 2513 C,
1256 2433 1462 2513 Voss„
1506 2433 1713 2513 Harl„
1762 2434 1913 2498 Lov.
1963 2438 2019 2514 2,
2067 2436 2124 2513 3,
2171 2431 2238 2514 4)
2282 2454 2416 2498 non
2460 2452 2697 2515 pares
2734 2446 2879 2512 (251)

397 2543 735 2619 scribitur,
820 2543 939 2607 sed
1007 2564 1286 2626 parum
1360 2541 1452 2622 (in
1509 2542 1724 2608 tribus
1783 2541 2226 2607 deterioribus
2281 2540 2470 2625 par).
2592 2539 2708 2603 At-

401 2672 523 2733 que
637 2651 809 2716 hanc
925 2652 1136 2734 ipsam
1243 2651 1646 2734 scripturam
1753 2649 2309 2733 quemadmodum
2413 2646 2708 2712 Alschef-

402 2757 602 2828 skius,
630 2764 926 2838 enarret,
992 2759 1201 2841 legat,
1272 2760 1384 2842 qui
1443 2766 1560 2824 aut
1614 2758 1828 2824 ridere
1885 2766 2002 2824 aut
2057 2756 2428 2841 philologiae
2483 2753 2711 2819 huius-

401 2867 577 2932 modi
625 2867 1165 2933 attrectationem
1209 2866 1527 2950 patientis
1573 2868 1869 2932 misereri
1915 2866 2100 2944 velit3
2162 2864 2346 2929 nulla
2393 2870 2493 2928 est
2538 2862 2711 2927 enim

402 2977 743 3040 sententiae
790 2996 871 3039 ne
919 2975 1173 3057 species
1221 2975 1504 3057 quidem.
1576 2973 1707 3039 Sed
1753 2973 2076 3038 efficietur
2121 2994 2199 3036 ex
2243 2971 2349 3036 his
2395 2970 2710 3052 vestigiis,

401 3103 531 3147 una
595 3083 825 3148 littera
894 3083 1153 3160 addita,
1222 3083 1459 3147 ceteris
1529 3089 1710 3147 recte
1784 3081 2044 3159 divisis,
2115 3079 2445 3144 sententia
2503 3077 2710 3143 omni-

401 3189 521 3255 bus
581 3191 869 3255 numeris
929 3190 1242 3254 absoluta
1300 3197 1366 3254 et
1420 3191 1516 3254 rei
1576 3197 1765 3273 apta:
1824 3196 2109 3253 coorta
2165 3192 2287 3252 est
2344 3184 2709 3270 peditum

401 3319 705 3382 pugna,
773 3299 1030 3382 primo
1089 3304 1169 3362 et
1225 3298 1548 3362 viribus
1606 3305 1685 3363 et
1742 3297 2030 3363 animis
2076 3315 2244 3376 pn,
2311 3295 2474 3356 dum
2521 3314 2708 3358 con-

401 3405 740 3471 stabant
801 3406 1137 3471 ordines
1195 3406 1461 3471 Gallis
1516 3405 2112 3489 Hispanisque3
2180 3403 2508 3468 tandem
2552 3401 2709 3466 Ro-

397 3514 605 3578 mani
667 3520 790 3577 cet.
905 3514 1229 3592 Quamdiu
1285 3514 1548 3578 ordines
1596 3512 1936 3577 Gallorum
1983 3511 2558 3594 Hispanorumque
2615 3510 2711 3573 in-

397 3622 565 3702 tegri
612 3622 1079 3712 servabantur,
1149 3642 1341 3704 aequa
1384 3623 1628 3685 virtute
1673 3627 2037 3703 pugnatum
2083 3626 2213 3699 est3
2283 3618 2399 3683 sed
2443 3617 2712 3683 tandem

400 3729 718 3794 Romanis
765 3730 1063 3812 contigit,
1113 3737 1188 3792 ut
1236 3749 1511 3793 cuneum
1556 3726 1846 3792 hostium
1889 3727 2371 3811 perfringerent
2416 3725 2711 3790 ordines-

401 3858 528 3919 que
595 3837 1083 3927 perturbarent.
1196 3836 1273 3900 Id
1340 3843 1559 3900 autem
1628 3835 1905 3899 Romani
1975 3835 2335 3902 effecerunt
2399 3855 2560 3912 non,
2640 3840 2712 3898 ut

399 3944 592 4027 vulgo
673 3945 754 4009 de
834 3944 1149 4009 Gronovii
1230 3945 1610 4009 coniectura
1691 3943 2031 4008 scribitur:
2122 3962 2351 4024 aequa
2426 3941 2711 4006 fronte

402 4053 742 4135 acieque
810 4052 1061 4116 densa
1129 4051 1241 4132 (—
1305 4051 1469 4116 nihil
1539 4053 1713 4116 enim
1780 4053 1994 4115 minus
2062 4051 2146 4115 ad
2216 4071 2497 4115 cuneum
2564 4070 2712 4133 per-

402 4161 815 4242 fringendam
883 4169 1111 4244 aptum
1178 4167 1277 4225 est
1345 4181 1545 4242 quam
1613 4181 1803 4242 aequa
1866 4159 2078 4238 from,
2150 4179 2298 4243 quae
2357 4158 2713 4242 perexigua

404 4274 590 4350 parte
657 4270 873 4352 ipsum
931 4276 1134 4351 caput
1193 4269 1416 4347 cunei,
1483 4269 1889 4352 praecipuum
1958 4268 2194 4345 robur,
2264 4267 2534 4348 attingit
2576 4263 2710 4345 —)‚

406 4376 517 4439 sed
586 4376 935 4459 obliqua
999 4375 1271 4440 fronte
1330 4378 1397 4440 in
1457 4377 1737 4442 alterum
1794 4376 1970 4441 latus
2026 4376 2216 4440 cunei
2274 4372 2710 4458 prominentis

403 4482 885 4562 incumbentes;
954 4493 1020 4548 et
1087 4483 1429 4567 obliqua
1494 4485 1771 4549 fronte
1831 4483 2032 4548 scribi
2091 4483 2356 4567 Lipsius
2413 4481 2713 4546 voluerat

2151 4601 2249 4654 20*
