3230 5282
1477 630 1558 690 69
2441 643 2564 697 Lib.
2601 644 2671 697 11.

364 816 633 879 toritate
683 816 1082 898 optimorum
1129 814 1429 879 codicum
1466 813 1910 896 (MRPLlHl)
1949 814 2434 898 multorumque
2471 817 2673 880 etiam

363 922 799 1002 deteriorum,
866 943 1065 1002 quum
1122 921 1275 986 olim
1321 945 1356 987 e
1404 922 1742 987 codicibus
1801 922 2196 1006 quibusdam
2251 922 2673 1007 interpolatis

362 1030 694 1095 ederetur:
743 1036 827 1095 ut
870 1031 1158 1114 cuique
1204 1030 1604 1095 ceciderit
1649 1030 1937 1115 prim03
1985 1029 2099 1094 sed
2134 1032 2459 1095 sententia
2493 1032 2675 1095 nulla

362 1146 491 1217 est;
591 1160 747 1202 nam
837 1137 1015 1220 quod
1094 1137 1543 1202 Alschefskius
1637 1139 2142 1221 interpretatur:
2249 1139 2489 1217 „welch
2569 1139 2675 1202 ein

365 1244 705 1311 Schicksal
763 1246 933 1310 auch
989 1247 1220 1310 immer
1279 1246 1395 1310 der
1439 1245 1632 1310 Erste
1677 1245 1922 1328 gehabt
1965 1244 2181 1309 haben
2226 1246 2486 1328 moge“‚
2544 1247 2675 1310 iam

360 1354 941 1419 Weissenbornius
1025 1354 1309 1418 sensisse
1385 1353 1672 1432 videtur,
1752 1375 1883 1418 non
1949 1354 2176 1433 licere,
2253 1375 2455 1435 quum
2522 1359 2675 1418 ante

361 1483 533 1527 sors
603 1462 686 1526 de
746 1462 1093 1526 sortitione
1152 1468 1218 1526 et
1276 1461 1503 1526 ordine
1562 1468 1741 1525 sorte
1789 1461 1945 1525 dato
1992 1468 2376 1544 poneretur,
2445 1462 2678 1544 paucis

361 1570 576 1635 verbis
633 1575 788 1654 post
834 1571 900 1634 in
948 1575 1182 1654 aperta
1227 1569 1517 1633 eiusdem
1564 1569 1902 1633 sententiae
1947 1569 2441 1633 continuatione
2490 1591 2676 1652 pror-

361 1701 473 1742 sus
531 1678 731 1743 aliter
787 1698 1008 1742 vocem
1066 1677 1394 1760 accipere3
1464 1695 1673 1758 neque
1743 1678 2001 1740 omnino
2075 1697 2248 1741 sors
2317 1675 2677 1741 alicuius

358 1787 761 1851 cecidisse
820 1785 1049 1849 Latine
1111 1787 1205 1848 ita
1263 1783 1536 1861 dicitur,
1608 1791 1681 1848 ut
1748 1784 2026 1848 fortunae
2094 1789 2363 1848 eventus
2422 1783 2674 1848 intelle-

356 1902 573 1976 gatur.
678 1892 836 1969 Quae
882 1897 1060 1957 esset
1106 1892 1455 1972 sententia,
1514 1892 1994 1969 intellexerant,
2052 1893 2165 1975 qui
2212 1890 2675 1975 interpolatam

356 2003 757 2086 scripturam
812 1999 1197 2079 effecerunt3
1265 2000 1379 2064 sed
1447 2001 1507 2064 ei
1575 2000 1918 2064 sententiae
1985 1999 2325 2063 meliorum
2381 1997 2676 2063 codicum

356 2111 639 2194 vestigia
729 2109 900 2173 hanc
991 2108 1153 2172 dant
1228 2108 1536 2172 formam:
1631 2115 1714 2171 ut
1804 2108 2195 2188 cuiusque
2287 2107 2677 2171 ceciderit

357 2218 631 2301 primi,
691 2217 816 2281 hoc
862 2222 983 2293 est,
1041 2220 1116 2279 ut
1162 2217 1440 2299 quisque
1485 2216 1733 2298 primus
1780 2222 1956 2279 sorte
2004 2215 2240 2279 ductus
2287 2213 2488 2279 fuerit
2533 2213 2679 2294 (wie

356 2328 533 2391 eines
582 2325 782 2409 jeden
826 2324 998 2388 Loos
1045 2324 1162 2388 der
1205 2322 1411 2387 Reihe
1456 2322 1627 2387 nach
1671 2321 2210 2403 herauskommt).

529 2433 696 2517 Cap.
749 2436 845 2511 16,
894 2436 961 2495 5:
1010 2430 1148 2495 His
1197 2430 1506 2511 (Sabinis,
1553 2432 1666 2511 qui
1713 2453 1859 2494 cum
1905 2431 2086 2495 Attio
2124 2428 2361 2494 Clauso
2402 2431 2679 2494 Romam

356 2539 883 2624 transfugerant)
956 2539 1252 2603 civitas
1319 2538 1515 2603 data
1569 2559 1934 2623 agerque
1991 2545 2218 2603 trans
2274 2538 2674 2602 Anienem.

356 2652 621 2716 Vetus
671 2647 1020 2713 Claudia
1063 2647 1373 2727 tribus,
1433 2647 1744 2713 additis
1804 2655 2096 2731 postea
2139 2648 2363 2711 novis
2410 2646 2678 2711 tribu-

355 2757 606 2836 libus,
654 2758 786 2841 qui
835 2778 925 2820 ex
970 2778 1062 2820 eo
1111 2778 1301 2838 agro
1348 2757 1750 2836 venirent,
1798 2756 2243 2840 appellata.
2345 2755 2418 2818 In
2465 2755 2567 2819 his
2613 2761 2681 2819 et

359 2867 469 2932 alii
549 2866 893 2930 haeserunt
972 2871 1038 2929 et
1102 2863 1536 2942 NiebuhriuS,
1617 2864 1793 2946 quod
1873 2863 2031 2928 alibi
2112 2870 2295 2928 vetus
2379 2869 2445 2927 et
2509 2885 2682 2928 nova

357 2973 641 3040 Claudia
713 2971 925 3037 tribus
991 2994 1124 3036 non
1180 2978 1822 3037 commemoraretur.
1935 2970 2252 3036 Poterant
2309 2972 2522 3042 verius
2577 2993 2680 3035 re-

360 3081 801 3166 prehendere,
870 3080 1104 3145 miram
1164 3080 1367 3144 videri
1424 3102 1697 3145 causam
1754 3080 2064 3144 veteris
2121 3079 2391 3144 tribus
2455 3078 2679 3162 appel-

356 3190 594 3268 landae,
655 3189 834 3271 quod
881 3189 940 3252 ei
986 3189 1115 3273 ipsi
1160 3190 1307 3252 novi
1356 3188 1632 3253 tribules
1680 3189 2132 3264 accessissent,
2181 3193 2320 3252 tum
2367 3207 2681 3268 quaerere,

358 3298 635 3380 quinam
693 3297 786 3360 illi
846 3297 999 3361 novi
1056 3296 1335 3361 tribules
1396 3303 1617 3361 essent
1676 3319 1752 3360 ex
1812 3318 1888 3360 eo
1936 3317 2092 3378 agro
2139 3295 2501 3372 venienteS,
2569 3296 2682 3376 qui

360 3405 632 3471 Sabinis
678 3405 810 3469 iam
859 3405 1052 3468 datus
1098 3411 1290 3468 esset.
1404 3405 1796 3470 Obscuravit
1851 3425 1988 3468 rem
2034 3403 2294 3468 facilem
2341 3402 2680 3467 intellectu

364 3535 496 3579 una
588 3513 819 3577 littera
898 3518 1158 3577 mutata
1236 3519 1302 3576 et
1383 3512 1582 3577 verba
1661 3512 1830 3575 male
1912 3511 2279 3576 coniuncta.
2406 3512 2681 3595 Scripsit

363 3621 623 3686 Livius:
693 3620 947 3684 Vetus
996 3618 1349 3684 Claudia
1403 3620 1699 3698 tribus,
1759 3619 2072 3684 additis
2118 3626 2408 3702 postea
2454 3621 2681 3684 novis

359 3728 843 3807 tribulibus,
900 3728 1035 3810 qui
1072 3727 1223 3808 (hoc
1269 3734 1385 3804 est,
1432 3727 1546 3806 illi,
1596 3727 1739 3810 qui)
1779 3749 1867 3791 ex
1914 3749 2001 3792 eo
2050 3747 2244 3808 agro
2291 3728 2679 3803 venirent,

360 3834 791 3921 appellati,
837 3834 960 3900 hac
1007 3836 1363 3900 sententia:
1432 3836 1529 3898 Ex
1575 3835 1677 3899 his
1728 3835 1986 3900 Sabinis
2033 3857 2180 3898 cum
2220 3835 2402 3900 Attio
2444 3834 2682 3900 Clauso

356 3944 747 4026 transfugis,
796 3943 1035 4026 quibus
1082 3965 1240 4026 ager
1285 3949 1471 4009 trans
1517 3944 1831 4008 Anienem
1878 3943 2073 4008 datus
2120 3949 2242 4023 est,
2290 3944 2446 4009 solis
2494 3945 2682 4009 initio

358 4049 647 4117 Claudia
689 4050 903 4116 tribus
949 4052 1312 4116 constituta
1357 4056 1485 4130 est;
1554 4059 1812 4134 postea,
1883 4074 2082 4133 quum
2130 4053 2195 4115 in
2240 4073 2385 4116 eam
2430 4052 2671 4117 tribum
2710 4067 2817 4134 (57)

358 4159 509 4224 novi
559 4158 844 4225 tribules
892 4165 1082 4224 extra
1126 4180 1276 4224 eum
1323 4181 1552 4242 agrum
1599 4159 1809 4223 additi
1857 4165 2109 4239 essent,
2175 4181 2296 4223 usu
2344 4166 2680 4243 receptum

359 4275 493 4346 est,
555 4273 636 4331 ut
680 4265 807 4345 illi,
868 4267 981 4349 qui
1027 4288 1106 4331 ex
1152 4288 1229 4333 eo
1276 4289 1435 4350 agro
1482 4267 1761 4332 Romam
1809 4274 1876 4331 et
1921 4267 2005 4331 ad
2052 4267 2320 4332 comitia
2362 4268 2680 4344 venirent,

358 4376 668 4440 veteris
736 4372 1028 4440 Claudiae
1093 4375 1309 4440 tribus
1370 4374 1815 4457 appellatione
1874 4375 2435 4457 distinguerentur
2494 4396 2536 4439 a
2579 4395 2681 4438 ce-

360 4482 524 4548 teris
584 4481 965 4548 tribulibus.
1069 4484 1394 4567 Apparet,
1454 4504 1570 4546 cur
1613 4480 1836 4547 Livius
1893 4484 1961 4547 in
2017 4484 2294 4548 relativa
2351 4482 2681 4547 sententia
