3230 5282
1444 610 1566 671 765

425 796 594 851 done
611 814 640 850 c
687 799 802 850 717.
874 794 1064 864 Plusq.
1121 793 1264 848 coni.
1310 791 1473 846 simul
1595 808 1694 844 vus
1715 808 1786 845 ex
1801 790 1912 844 alio
1933 807 2064 844 casu
2089 790 2492 858 intellegendus
2511 792 2611 844 519
2629 813 2641 860 ;

424 882 844 954 hypotheticum
881 887 937 935 et
972 879 1191 934 causale
1225 880 1342 933 706.
1595 878 1714 931 eius
1748 876 1941 933 formae
1981 893 2013 929 a
2046 876 2287 929 librariis
2315 882 2645 945 permutatae

359 970 718 1025 Polliceor
751 968 983 1022 facere
1019 968 1134 1020 348.
1595 965 1681 1031 58,
1721 966 1838 1017 350.
1896 963 2059 1018 Pron.
2097 963 2249 1016 relat.
2281 963 2423 1017 male
2459 963 2532 1017 ad
2566 980 2647 1018 re-

359 1056 767 1126 Pomptinus
802 1072 836 1108 a
872 1052 1181 1107 Pometia
1215 1053 1283 1104 65
1319 1069 1370 1104 ιι.
1595 1050 1801 1104 motius
1839 1049 2071 1104 relatum
2100 1053 2187 1117 71,
2231 1051 2340 1105 128.

357 1142 738 1211 Populares
775 1139 897 1207 (sui)
938 1140 1050 1192 156.
1527 1135 1979 1205 Prospectare
2018 1138 2127 1189 179.

358 1226 608 1298 Populi
657 1226 882 1295 (singuli
929 1224 1276 1293 singulorum
1313 1221 1472 1290 oppi·
1526 1219 1944 1291 Prospectus
1983 1227 2040 1276 et
2074 1226 2494 1290 conspectus
2531 1225 2646 1276 427.

428 1312 643 1378 dorum)
682 1313 794 1366 546.
1530 1308 1991 1362 Pulvinarium
2027 1308 2321 1361 barbarum
2357 1310 2474 1361 282.

364 1399 650 1453 Portare
685 1402 744 1451 et
779 1397 1145 1466 deportare
1180 1396 1297 1448 687.
1533 1394 1892 1448 Putearius
1929 1396 2045 1449 702.

361 1484 635 1539 Positivus
686 1500 792 1553 pro
845 1481 1224 1551 comparativo
1277 1478 1476 1533 dubius
2176 1535 2181 1540 ⁴

427 1573 510 1625 97.
1534 1564 1762 1631 Qualis
1801 1566 1913 1635 qui
1941 1568 1999 1620 in
2028 1567 2368 1636 superlativo
2396 1567 2651 1637 augendo

363 1655 526 1710 Post
560 1673 678 1710 sex
722 1655 915 1709 annis
958 1655 1118 1723 impr.
1156 1654 1288 1720 5803
1343 1652 1479 1704 item
1602 1652 1730 1706 dub.
1767 1654 1869 1706 205
1904 1671 1955 1707 n.

433 1760 549 1796 sex
584 1759 797 1796 annos
833 1745 990 1811 post
1024 1742 1139 1795 623.
1534 1736 2109 1809 Quantuscunque
2143 1756 2246 1808 pro
2281 1736 2500 1792 infinito
2536 1741 2651 1792 400.

364 1827 689 1882 Potentia
721 1829 824 1881 278
858 1846 910 1882 ιι.
1534 1821 1743 1889 Quasi
1780 1843 1905 1879 oum
1942 1841 2106 1895 praes.
2144 1829 2201 1879 et
2233 1825 2449 1894 imperf.
2492 1827 2600 1879 110.

365 1913 816 1983 Praecipitare
850 1915 934 1976 35,
975 1915 1085 1967 170.
1535 1913 1669 1975 Quo
1717 1938 1787 1946 —
1831 1928 1903 1964 ac
1948 1912 2076 1964 dub.
2117 1911 2262 1980 apud
2297 1911 2518 1965 Livium
2553 1913 2656 1965 377

366 1999 850 2055 Praeiudicium
888 1997 1126 2065 fit(non
1155 1994 1482 2062 affertur)
1579 2014 1684 2062 ,n.;
1722 2014 1843 2065 que
1878 1998 2276 2066 transpositum
2313 2000 2433 2065 608,
2468 2014 2656 2051 errore

390 2091 400 2101 ‘
432 2088 514 2141 97.
1606 2081 1859 2136 additum
1895 2085 2010 2137 248.

367 2170 694 2224 Praenomen
729 2187 843 2223 non
881 2174 1034 2224 recte
1069 2170 1332 2222 omissum
1367 2170 1484 2230 312,
1540 2167 1878 2238 Quicquid
1907 2186 2008 2238 pro
2039 2169 2332 2238 quidque
2363 2170 2491 2223 dub.
2513 2170 2659 2239 apud

435 2259 552 2322 572,
592 2258 710 2323 690,
747 2273 862 2310 ιιοιι
897 2259 1050 2310 recte
1084 2255 1298 2309 nomini
1333 2256 1487 2323 post·
1608 2255 1827 2308 Livium
1865 2257 1965 2309 543
2000 2273 2053 2308 ιι.

434 2343 682 2413 positum
716 2343 818 2395 416
853 2360 907 2395 ιι.
1316 2403 1323 2410 ,
1542 2339 1946 2409 Quicunque
1980 2358 2149 2409 prave
2184 2341 2430 2410 positum
2464 2343 2547 2395 95.

368 2428 699 2498 Praepositio
756 2428 842 2481 bis
890 2425 1273 2497 intellegenda
1315 2424 1490 2494 (apud
1542 2426 1719 2493 Quid
1756 2426 1939 2495 quod
1975 2429 2073 2481 491
2112 2445 2164 2482 n.

438 2519 527 2581 ut,
565 2512 784 2580 velut)
821 2516 903 2579 78,
942 2531 975 2567 a
1010 2529 1143 2571 casu
1180 2529 1278 2566 suo
1316 2512 1486 2566 inter·
1542 2511 1819 2578 Quidem
1882 2512 2038 2580 (non
2103 2531 2174 2581 q,
2238 2513 2341 2567 vix
2403 2513 2475 2582 q.)
2528 2516 2657 2582 335;

438 2604 607 2655 ventu
670 2599 811 2655 alius
869 2598 1284 2670 praepositionis
1328 2614 1487 2668 sepa·
1612 2600 1929 2669 quoniam
1966 2599 2234 2669 quidem
2270 2601 2387 2655 214.

439 2691 564 2740 rata
603 2689 717 2752 172,
753 2687 959 2741 omissa
1002 2686 1150 2755 apud
1184 2686 1357 2748 relat..
1392 2702 1491 2754 po·
1545 2685 1960 2753 Quiescendi
1996 2687 2227 2739 verbum
2275 2686 2662 2756 depravationi

441 2773 550 2826 sita
584 2773 731 2841 apud
759 2773 1072 2828 demonstr.
1109 2774 1212 2826 685
1247 2790 1298 2825 ιι.
1611 2772 1916 2825 obnoxium
1951 2774 2069 2838 636,
2105 2775 2219 2825 741.

372 2855 627 2912 Praesens
689 2860 746 2913 in
808 2858 1137 2913 condicione
1185 2856 1355 2910 futuri
1403 2857 1489 2922 (ni
1544 2855 1665 2922 Qui
1701 2858 1917 2911 minus
1951 2875 2054 2928 pro
2102 2876 2230 2927 quo
2274 2860 2493 2913 minus
2531 2860 2660 2913 dub.

441 2943 469 2996 f
475 2945 492 2996 i
507 2944 557 3010 t)
606 2946 721 3010 523,
767 2944 914 3013 apud
972 2944 1342 3013 gerundivum
1387 2960 1489 3012 pro
1611 2946 1727 2996 671.

439 3029 633 3084 futuro
663 3032 765 3084 305
782 3049 834 3084 ιι.
890 3029 1143 3084 Praesens
1182 3033 1240 3084 et
1272 3028 1408 3098 perf.
1433 3029 1491 3082 in
1544 3027 1909 3122 Quisquam
1948 3047 2060 3083 non
2106 3031 2379 3099 praecedit
2413 3031 2663 3099 negatio-

443 3115 773 3186 qm'busdam
808 3116 994 3170 verbis
1032 3115 1327 3170 scribendo
1365 3132 1492 3170 con·
1614 3131 1741 3168 nem
1783 3118 1907 3182 117;
1957 3133 2127 3183 prave
2173 3133 2277 3185 pro
2323 3116 2663 3185 quispiam

441 3201 565 3256 fusa
599 3203 719 3265 227,
753 3203 870 3255 434.
1612 3203 1693 3255 56.

374 3288 686 3342 Proesens
722 3287 818 3353 (de
852 3288 1127 3357 pecuniis)
1162 3289 1277 3342 488.
1548 3285 1842 3356 Quisque
1869 3288 2211 3363 nominativo
2231 3306 2363 3343 casu
2391 3287 2538 3342 inter
2565 3289 2662 3340 ab·

373 3372 787 3427 Praesidium
826 3374 1033 3443 duplici
1071 3373 1253 3443 signif.
1296 3376 1406 3428 129.
1614 3372 1819 3427 lativos
1854 3376 1979 3438 3813
2034 3392 2208 3444 pravo
2254 3392 2383 3428 casu
2420 3374 2664 3443 positum

373 3459 644 3513 Praeter
678 3458 1000 3513 coniunctio
1036 3461 1151 3526 415,
1190 3461 1305 3514 721.
1617 3461 1736 3526 381,
1785 3461 1887 3513 558
1921 3479 1974 3514 ιι.
2048 3459 2338 3513 Familia
2385 3476 2664 3529 quoeqne

374 3544 639 3599 Praetor
674 3545 861 3598 inter
901 3545 1088 3599 cives
1117 3563 1231 3599 non
1257 3545 1496 3615 appella·
1618 3545 1915 3600 trahunt
1947 3546 2109 3615 impr.
2147 3548 2247 3600 205
2282 3564 2335 3599 n.

443 3634 539 3684 tur
573 3632 815 3685 urbanus
851 3631 932 3684 63.
1549 3628 1688 3696 Quo
1726 3631 1911 3701 plus,
1950 3649 2064 3686 non
2102 3632 2274 3701 quod
2310 3632 2463 3701 plus
2500 3633 2614 3685 561.

376 3716 646 3770 Primus
698 3716 986 3787 quisque
1023 3719 1139 3770 639.
1550 3715 1738 3783 Quod
1782 3717 1859 3784 (si
1896 3715 2096 3785 forte)
2141 3735 2269 3772 cum
2310 3717 2668 3772 coniunctivo

378 3802 717 3871 Princeps
751 3804 834 3856 48.
1620 3805 1720 3856 518
1754 3821 1836 3868 ιι.;
1874 3804 2048 3872 quod
2084 3809 2141 3857 et
2177 3808 2341 3873 quot
2374 3806 2476 3859 484
2510 3822 2563 3858 ιι.

377 3887 508 3941 Pro
565 3886 826 3942 indicio
898 3886 1136 3940 dicere
1191 3890 1323 3956 4883
1394 3905 1498 3958 pro
1551 3889 1748 3956 Quoi3
1790 3905 2004 3944 errores
2034 3908 2103 3943 ex
2127 3889 2232 3944 hac
2262 3890 2667 3959 scripturassbo.

446 3976 795 4041 quaestore
866 3972 1082 4026 alicui
1156 3974 1294 4040 (non
1364 3974 1495 4028 ali·
1553 3975 1830 4045 Quoque
1872 3991 1990 4029 non
2039 3980 2196 4030 recto
2248 3976 2373 4031 loco
2426 3976 2669 4044 positum

447 4055 666 4126 cuius)
703 4060 820 4112 607.
1626 4063 1739 4127 105,
1781 4064 1895 4128 122,
1937 4064 2032 4115 127
2066 4080 2117 4114 ιι.

377 4143 826 4198 Prodictator
860 4162 973 4199 non
1013 4145 1140 4200 usit.
1213 4147 1328 4199 287.
1553 4146 1855 4214 Quoteni
1898 4150 2007 4201 158.

378 4228 662 4283 Profuse
710 4247 879 4299 prave
935 4232 1059 4301 (pro
1095 4229 1242 4285 fuse
1280 4236 1377 4285 aut
1411 4231 1500 4285 ef·
1554 4232 1761 4300 Quum
1826 4250 1951 4287 cum
2014 4231 2182 4285 modo
2257 4237 2354 4285 aut
2420 4238 2672 4302 tempore

447 4314 614 4383 fuse)
650 4318 766 4370 233.
1623 4318 1782 4373 verbi
1819 4335 1932 4372 non
1968 4323 2123 4371 recto
2160 4319 2245 4385 68,
2281 4320 2365 4383 78,
2406 4321 2518 4382 132,
2560 4323 2672 4386 133,

380 4400 691 4455 Pronomen
705 4401 1025 4458 reflexivnm
1041 4403 1301 4458 omissum
1315 4405 1411 4456 341
1430 4423 1498 4465 ιι..
1621 4406 1738 4467 423,
1774 4405 1892 4469 620,
1926 4405 2043 4469 689,
2080 4406 2195 4457 738.

449 4488 564 4540 508.
604 4487 956 4543 Pronominis
975 4489 1195 4543 relativi
1214 4490 1505 4543 nominati·
