3230 5282
1460 601 1582 663 323
2309 617 2436 671 Lib.
2472 617 2678 673 xxm.

363 799 665 845 morum
733 781 1335 864 stipendiorum
1402 792 1624 850 esset.
1739 786 1966 864 Quod
2033 809 2153 871 pro
2221 791 2352 871 qui
2421 791 2554 854 iam
2610 792 2678 855 in

364 888 842 954 recentioribus
938 890 1195 972 aliquot
1283 892 1624 959 codicibus
1719 895 2038 978 scriptum
2134 903 2267 975 est,
2368 905 2676 981 recteque

362 991 529 1058 hanc
576 997 994 1080 scripturam,
1053 1020 1198 1082 quae
1244 1008 1398 1066 ante
1445 1002 1847 1069 Gronovium
1891 1003 2265 1086 tenebatur,
2330 1003 2677 1072 Creverius

364 1102 673 1183 praetulit.
690 1104 747 1183 ¹)

533 1209 692 1294 Cap.
740 1214 851 1289 26,
916 1218 983 1277 7:
1054 1217 1423 1297 equitum
1480 1226 1797 1301 partem
1857 1220 1952 1286 ad
2011 1221 2673 1306 depopulandum

362 1337 501 1399 per
536 1339 773 1402 agros
808 1322 1109 1404 passim
1146 1323 1473 1390 dimisit.
1543 1325 1888 1410 Nusquam
1923 1335 2039 1394 aut
2060 1328 2282 1394 Livius
2318 1335 2437 1394 aut
2471 1332 2676 1395 ceteri

362 1423 662 1491 absolute
720 1427 809 1492 de
826 1452 867 1512 p
887 1430 1210 1512 cpulari
1273 1431 1583 1498 dixerunt
1629 1434 1788 1516 (non
1834 1436 2045 1519 magis
2094 1453 2291 1519 quam
2338 1435 2587 1520 depas
2605 1438 2674 1502 ci

360 1554 478 1616 pro
547 1535 825 1617 pasci).
928 1537 1134 1603 Scrib.
1182 1539 1280 1604 ad
1351 1542 1922 1624 populandum.
2032 1544 2276 1609 Nocuit
2341 1545 2677 1628 geminata

356 1638 582 1706 littera
626 1644 668 1707 d
713 1645 885 1724 (ad).
934 1645 1178 1727 (1862.)
1246 1644 1313 1711 C.
1340 1649 1440 1726 27,
1491 1653 1563 1711 11
1614 1651 1886 1733 possit
1927 1652 1996 1716 in
2043 1653 2212 1717 serie
2255 1651 2674 1735 imperfecto-

356 1769 501 1812 rum
546 1757 614 1815 et
645 1752 1158 1834 praecedentium
1196 1761 1261 1819 et
1299 1755 1841 1838 subsequentium
1872 1760 1939 1822 in
1976 1765 2254 1842 posset
2286 1759 2674 1824 mutandum
2793 1762 2796 1765 ’

358 1876 522 1936 esse,
566 1858 1077 1925 Forchhammer
1123 1862 1427 1929 attendit.
1516 1864 1764 1947 (1862.)

530 1963 686 2050 Cap.
734 1971 835 2046 29,
884 1974 953 2033 7;
1023 1969 1324 2053 Itaque
1379 1971 1600 2038 velut
1659 1973 1951 2056 quibus
2007 1973 2337 2039 reditus
2391 1974 2471 2038 in
2528 1995 2672 2058 pa·

356 2073 602 2165 triam
648 2096 736 2141 eo
783 2076 1266 2142 discrimine
1311 2100 1593 2163 pugnae
1637 2087 2150 2160 verteretur,
2209 2081 2671 2146 obstinave-

354 2187 542 2246 rant
574 2184 863 2249 animis
898 2185 1227 2251 vincere
1266 2193 1405 2252 aut
1441 2191 1673 2254 mori.
1733 2188 1913 2254 Alibi
1936 2188 2154 2253 Livius
2189 2189 2409 2254 inhoc
2431 2208 2670 2270 genere

353 2286 665 2372 loquendi
735 2291 976 2371 (utitur
1043 2298 1266 2359 autem
1334 2316 1411 2360 eo
1482 2296 1682 2380 saepe)
1750 2298 1828 2361 in
1894 2296 2429 2381 praepositionem
2473 2295 2671 2361 addit

357 2395 594 2475 (verti
663 2400 744 2463 in
814 2400 1097 2482 aliqua
1159 2400 1305 2483 re),
1372 2403 1679 2488 idemque
1739 2405 1942 2470 ceteri
1987 2404 2241 2471 faciunt
2287 2405 2668 2488 scriptoreS,

353 2524 565 2587 neque
634 2507 773 2571 sine
835 2529 915 2574 ea
971 2509 1242 2574 ablativi
1301 2512 1471 2577 ratio
1533 2517 1840 2577 constare
1883 2512 2159 2578 videtur.
2272 2513 2431 2577 Loci
2478 2514 2664 2577 notio

354 2614 564 2696 magis
620 2615 821 2682 etiam
866 2617 1106 2683 eminet
1152 2618 1331 2701 apud
1377 2619 1632 2685 Livium
1677 2620 1889 2701 XXX,
1949 2624 2016 2698 3,
2079 2627 2107 2686 1
2159 2619 2332 2702 (ibi)
2379 2626 2446 2686 et
2490 2619 2666 2704 apud

356 2718 735 2788 Ciceronem
791 2725 876 2789 ad
919 2725 1055 2790 Att.
1104 2725 1286 2804 VIII,
1352 2732 1457 2806 14,
1523 2733 1550 2791 l
1603 2727 2107 2809 (Brundisii).
2218 2728 2399 2792 Dixit
2441 2728 2665 2792 Livius

352 2828 498 2909 (III,
546 2834 648 2909 27,
707 2831 803 2913 7):
873 2840 1187 2916 puncto'
1238 2855 1444 2918 saepe
1502 2836 1903 2920 temporis
1959 2837 2481 2901 maximarum
2537 2856 2664 2900 re·

352 2957 522 3003 rum
586 2948 985 3007 momenta
1051 2943 1288 3021 verti3
1368 2943 1483 3008 sed
1561 2945 1877 3027 temporis
1954 2945 2138 3009 notio
2207 2964 2393 3007 suam
2459 2942 2665 3007 habet

349 3048 841 3130 proprietatem.
944 3049 1070 3114 Hic
1127 3050 1391 3133 quidem
1450 3057 1600 3134 post
1645 3071 1704 3112 ι
1751 3048 2168 3134 (patriam)
2213 3049 2521 3114 facillime
2580 3050 2662 3113 in

349 3154 650 3221 excidere
695 3158 942 3240 potuit,
1015 3178 1228 3241 neque
1273 3157 1485 3222 minus
1530 3164 1684 3223 ante
1731 3178 1786 3218 ιι
1833 3159 1902 3222 in
1948 3157 2159 3222 altero
2203 3156 2349 3222 loco
2395 3157 2485 3234 X,
2557 3159 2659 3233 39,

349 3265 421 3340 7,
487 3262 603 3327 ubi
659 3265 819 3330 item
875 3271 952 3329 ut
1006 3264 1114 3329 hic
1172 3265 1514 3330 scribitur:
1582 3287 1732 3348 quo
1800 3265 2107 3330 maiore
2177 3265 2660 3329 discrimine
2739 3291 2752 3299 ·

344 3390 474 3434 res
532 3371 1032 3437 vertebatur.
1138 3370 1326 3456 [Cap.
1376 3377 1487 3452 30,
1555 3378 1652 3452 15,
1712 3373 1828 3438 ubi
1870 3373 1939 3437 in
1987 3372 2177 3438 codd.
2226 3378 2358 3436 est:
2426 3371 2525 3435 Et
2568 3369 2658 3436 M.

341 3476 665 3544 AEmilio
709 3479 1073 3545 —ludos
1129 3480 1517 3546 funebres
1573 3502 1719 3566 per
1776 3481 2143 3546 triduum
2202 3487 2281 3545 et
2335 3479 2657 3562 gladia-

342 3590 605 3650 torum
676 3587 907 3670 paria
975 3586 1125 3650 duo
1201 3595 1280 3652 et
1345 3589 1639 3676 yiginti
1710 3610 1855 3672 per
1921 3587 2282 3654 triduum
2338 3588 2416 3652 in
2475 3586 2700 3652 foro'

341 3692 776 3771 dederunt,
836 3693 1119 3759 alterum
1163 3716 1304 3779 per
1349 3695 1721 3760 triduum
1765 3704 1943 3761 recte
1990 3694 2333 3760 Creverius
2379 3697 2649 3760 notavit.

396 3945 441 4011 ¹)
478 3946 672 4013 ¹“Quod
708 3965 754 4002 c.
792 3948 886 4015 26,
936 3951 999 4002 10
1042 3949 1191 4018 apud
1226 3948 1630 4018 Ingerslevium
1678 3948 2132 4016 emendaveram,
2176 3954 2244 4003 ut
2276 3965 2379 4018 pro
2414 3948 2529 4003 his:
2585 3949 2653 4002 in

475 4031 729 4086 collem
766 4034 937 4087 satis
975 4034 1275 4102 arduum,
1322 4040 1542 4088 tutum
1579 4033 1873 4088 flumine
1911 4034 2120 4087 etiam
2159 4033 2461 4100 obiect0,
2506 4037 2653 4086 tum

475 4116 715 4184 copias
791 4118 1120 4172 subducit
1185 4118 1548 4174 scriberetur:
1627 4119 1696 4172 in
1767 4119 2020 4173 collem
2096 4118 2280 4172 satis
2353 4117 2653 4200 arduum,

473 4201 769 4256 flumine
796 4203 1002 4257 etiam
1034 4204 1312 4257 obiecto
1343 4208 1587 4268 tutum,
1627 4204 1873 4273 copias
1906 4203 2258 4270 subduxit,
2294 4201 2457 4255 idW.
2483 4202 2653 4256 etiam

471 4285 878 4356 Heerwagenio
934 4288 1212 4357 placuisse
1264 4289 1475 4344 scribit.
1562 4287 1828 4342 Notabile
1865 4294 1952 4342 est
1989 4287 2304 4360 exemplum
2342 4286 2648 4355 interpola·

471 4371 644 4426 tionis
699 4372 965 4440 (tutum)
1024 4380 1154 4427 ante
1204 4373 1325 4427 cod.
1375 4372 1724 4427 Puteaneum
1770 4373 1979 4427 mendo
2030 4374 2330 4438 (obiecto
2369 4376 2508 4424 tum
2548 4387 2651 4440 pro

474 4457 757 4511 obiecto
794 4458 1042 4524 tutum)
1081 4456 1512 4526 superinductae.

2085 4558 2183 4611 21*
