3230 5282
1482 644 1604 705 325
2332 659 2455 715 Lib.
2495 661 2698 717 xxm.

389 826 506 890 ita
577 827 932 908 inparem
1001 826 1254 905 bello,
1324 828 1531 909 quod
1592 836 1718 895 cet.
1832 830 2139 914 [Frustra
2194 853 2272 896 ex
2329 833 2432 897 his
2492 836 2701 900 satis

390 933 712 998 firmum
786 935 1212 1017 praesidem
1269 935 1482 1000 solum
1539 937 1857 1002 firmum
1914 939 2143 1003 audire
2201 948 2524 1006 conantur
2578 963 2701 1007 nec

389 1041 670 1108 firmus
716 1042 930 1108 bello
976 1043 1196 1107 dativo
1245 1063 1402 1108 casu
1448 1046 1544 1109 sic
1591 1045 1880 1128 dicitur.]
1971 1046 2195 1127 (Initio
2241 1048 2478 1132 capitis
2523 1050 2585 1132 (ξ
2631 1051 2698 1130 2)

388 1150 669 1216 fortasse
727 1151 1148 1216 scribendum
1194 1152 1685 1218 firmandum
1733 1153 1901 1219 fide
1951 1153 2269 1236 (foedus);
2339 1157 2480 1221 iure
2527 1159 2700 1223 enim

386 1258 651 1324 Dukero
707 1259 996 1324 insolens
1054 1259 1315 1325 videtur
1372 1260 1716 1329 firmare
1773 1261 2019 1327 fidem
2065 1262 2425 1330 alicuius
2473 1265 2553 1329 de
2601 1287 2701 1345 e0,

387 1368 501 1450 qui
545 1369 649 1433 ius
694 1368 1044 1433 iurandum
1091 1368 1176 1433 ab
1223 1388 1301 1432 eo
1349 1370 1607 1453 accipit,
1653 1391 1772 1434 nec
1820 1370 2118 1453 exempla
2162 1378 2393 1436 contra
2437 1373 2700 1455 prolata

387 1496 523 1539 rem
570 1477 924 1558 attingunt.
1023 1476 1235 1555 1862.)

559 1582 713 1667 Cap.
774 1588 884 1660 37,
961 1588 1032 1647 11
1106 1585 1186 1648 de
1245 1584 1340 1648 Ti.
1401 1583 1770 1669 Sempronii
1837 1586 2044 1669 Longi
2111 1586 2195 1651 ad
2254 1587 2689 1653 Grumentum
2726 1603 2869 1673 (πω)

387 1713 534 1757 cum
574 1692 950 1757 Hannibale
997 1692 1250 1774 proelio
1298 1693 1393 1756 sic
1438 1693 1784 1759 scribitur:
1819 1729 1907 1740 —
1940 1714 2332 1777 prospere
2376 1703 2695 1779 pugnat.

389 1799 652 1884 Supra
730 1801 884 1865 duo
963 1799 1229 1864 millia
1292 1798 1693 1866 hominum
1774 1801 2087 1868 occidit
2154 1809 2232 1867 et
2297 1802 2695 1869 ducentos

385 1909 814 1991 octoginta
869 1908 1182 1972 milites
1242 1909 1545 1987 amisit,
1613 1911 1848 1993 signa
1900 1910 2308 1975 militaria
2363 1911 2458 1975 ad
2504 1933 2697 1995 qua·

392 2016 775 2100 draginta
864 2037 1096 2080 unum
1179 2017 1416 2100 cepit.
1553 2015 1712 2093 Quis
1798 2040 1933 2084 non
2012 2019 2242 2095 sentit,
2336 2020 2401 2083 in
2481 2019 2699 2084 decla·

388 2125 591 2190 rando
659 2144 980 2209 prospero
1036 2122 1270 2207 proelii
1339 2132 1571 2189 eventu
1632 2126 1912 2209 permire
1971 2145 2118 2189 cum
2181 2125 2469 2192 hostium
2528 2128 2697 2193 occi·

390 2254 609 2297 sorum
685 2253 954 2296 numero
1034 2230 1331 2314 copulari
1400 2232 1532 2312 (et)
1600 2235 1990 2298 amissorum
2057 2234 2262 2316 ipsius
2331 2235 2698 2319 Sempronii

388 2341 667 2405 militum
723 2361 1065 2404 numerum
1113 2341 1224 2421 (—-
1270 2348 1448 2404 recte
1506 2342 1680 2405 enim
1739 2343 2143 2425 comparatio
2202 2344 2356 2425 poni
2401 2350 2696 2426 poterat:

389 2470 620 2530 quum
677 2448 851 2532 ipse
898 2470 1049 2512 non
1095 2448 1271 2530 plus
1319 2446 1718 2512 CCLXXX
1765 2449 2077 2514 milites
2124 2451 2541 2515 amisisset
2584 2452 2696 2533 —)

388 2567 454 2621 et
509 2558 835 2641 interponi
893 2557 1064 2620 inter
1121 2577 1441 2621 caesorum
1497 2557 1787 2622 hostium
1844 2565 1912 2622 et
1973 2566 2317 2643 captorum
2363 2561 2698 2641 signorum

387 2667 830 2732 mentionem?
907 2665 1326 2730 Manifestum
1396 2672 1530 2740 est,
1598 2668 1666 2730 ni
1723 2666 1944 2740 fallor,
2012 2666 2264 2733 Livium
2322 2669 2695 2751 scripsisse:

390 2779 652 2858 Supra
717 2773 865 2838 MM
934 2773 1331 2838 hominum
1402 2774 1711 2839 occidit
1777 2784 1854 2840 et
1908 2773 2308 2840 CCLXXX
2376 2776 2697 2856 milites,

388 2885 621 2967 signa
674 2883 1083 2947 militaria
1140 2881 1236 2946 ad
1292 2880 1461 2945 XLI
1520 2883 1771 2966 cepit,
1841 2882 1923 2947 ab
1983 2881 2203 2963 aliquo
2259 2890 2509 2962 autem,
2582 2884 2695 2966 qui

382 3013 516 3057 non
570 2990 1177 3064 animadvertisset,
1246 2989 1533 3054 medium
1603 3008 1864 3073 quoque
1930 3010 2274 3054 numerum
2335 2991 2417 3055 ad
2477 2992 2699 3076 cepit

383 3100 741 3182 pertinere,
832 3105 899 3163 et
992 3120 1184 3163 suum
1266 3097 1578 3180 quodque
1657 3097 2020 3162 membrum
2099 3097 2367 3163 verbum
2447 3099 2694 3164 habere

382 3207 722 3285 voluisset,
782 3205 1083 3271 additum
1143 3227 1286 3271 esse
1337 3207 1634 3270 amisit.
1749 3207 2044 3289 Apparet
2089 3207 2249 3284 iam,
2311 3226 2428 3270 cur
2474 3207 2697 3272 Livius

385 3323 536 3398 post
604 3314 1003 3380 hominum
1073 3313 1408 3378 addiderit
1467 3313 1816 3390 milites3
1883 3314 2287 3378 contrarium
2345 3315 2514 3378 enim
2571 3314 2697 3379 hoc

389 3423 593 3505 signis
650 3422 738 3487 ad
795 3422 968 3486 idem
1026 3423 1295 3487 verbum
1343 3420 1622 3505 (cepit)
1669 3422 1987 3501 refertum
2053 3422 2120 3486 in
2176 3420 2445 3505 vulgata
2490 3423 2697 3508 scrip·

383 3539 537 3596 tura
603 3531 837 3596 vitiose
904 3530 1399 3612 distinguuntur
1464 3530 1762 3595 homines
1830 3530 2062 3604 occisi,
2140 3528 2382 3594 milites
2449 3530 2695 3596 amissi.

382 3639 565 3704 Solet
611 3639 862 3715 Livius,
921 3637 1036 3703 ubi
1083 3639 1271 3720 signa
1316 3645 1514 3720 capta
1558 3644 2057 3716 commemorat,
2114 3640 2315 3703 etiam
2358 3637 2693 3702 hominum

379 3754 717 3829 captorum
764 3746 1159 3810 mentionem
1204 3746 1440 3812 facere.
1488 3747 1677 3811 cuius
1723 3747 1818 3811 rei
1862 3748 1929 3810 in
1974 3753 2265 3810 extrema
2309 3744 2503 3809 huius
2539 3745 2695 3810 libri

381 3861 576 3937 parte
643 3860 964 3936 quattuor
1030 3860 1185 3918 sunt
1252 3853 1580 3937 exempla,
1663 3854 1902 3937 exigua
1979 3854 2300 3918 orationis
2367 3854 2690 3919 varietate

378 3962 459 4042 (c.
506 3966 611 4039 40,
664 3965 775 4026 12:
843 3963 1010 4026 tria
1064 3961 1339 4026 millia
1385 3969 1461 4027 et
1507 3962 2023 4045 septingenti
2068 3962 2289 4044 capti
2337 3969 2416 4025 et
2461 3962 2696 4043 signa

377 4070 782 4135 militaria
860 4075 1173 4152 septem
1241 4075 1318 4134 et
1382 4070 1709 4153 viginti3
1777 4074 1890 4147 46,
1958 4075 2030 4148 4;
2108 4074 2220 4146 49,
2295 4073 2364 4132 11
2440 4076 2507 4133 et
2578 4072 2692 4132 13:

378 4198 625 4261 supra
659 4177 811 4242 duo
852 4185 1091 4261 capta
1128 4198 1295 4242 cum
1334 4178 1594 4260 signis
1634 4176 1953 4242 duobus
2000 4185 2077 4242 et
2111 4176 2694 4262 quadraginta3

376 4286 491 4352 cfr.
518 4284 752 4365 XXIV,
799 4289 901 4365 41,
955 4290 1063 4364 103
1109 4288 1213 4365 42,
1257 4293 1297 4348 4
1344 4291 1411 4350 et
1456 4290 1513 4363 8,
1562 4293 1722 4362 tum,
1772 4285 1887 4350 ubi
1933 4285 2360 4368 participium
2405 4292 2694 4368 captus

377 4394 768 4478 geminatur,
827 4392 905 4472 X,
973 4398 1066 4472 14,
1124 4397 1226 4471 21,
1286 4392 1517 4471 XXIV,
1583 4397 1679 4469 16,
1728 4398 1787 4468 4,
1848 4391 2108 4469 XXXV,
2162 4396 2216 4470 1,
2271 4392 2408 4474 10);
2477 4411 2693 4475 neque

374 4522 531 4566 sane
588 4509 840 4566 veteres
895 4500 1231 4565 annalium
1288 4500 1695 4578 conditores,
1766 4500 1877 4583 qui
1935 4500 2056 4562 has
2113 4519 2407 4563 summas
2466 4519 2693 4563 nume-
