3230 5282
1385 629 1507 691 649
2262 640 2388 697 Lib.
2423 639 2600 698 XLII.

309 809 412 877 hae
479 834 644 880 cum
711 819 928 880 ortum
974 813 1061 879 sit
1105 834 1185 879 ex
1232 834 1469 880 secum
1549 812 1672 897 (sic
1741 814 1912 880 enim
1979 816 2221 899 partim
2289 815 2603 882 scribitur

309 920 460 986 alibi
504 922 569 987 in
616 921 861 1000 codice,
908 923 1149 1006 partim
1195 923 1560 1007 antiquitus
1608 923 1932 1007 scriptum
1975 923 2178 990 fuisse
2226 945 2307 990 ex
2349 925 2602 991 mendis

309 1036 594 1114 apparet,
644 1031 1075 1114 similiterque
1119 1032 1604 1116 propincum
1640 1031 1950 1099 scribitur
1995 1053 2047 1098 c.
2089 1038 2186 1114 50,
2235 1039 2271 1099 7
2319 1040 2387 1099 et
2423 1033 2600 1117 alia).

307 1135 671 1205 Proximum
715 1140 919 1230 igitur
965 1139 1392 1206 obiiceretur:
1462 1139 1561 1225 Sp
1584 1141 1736 1206 atio
1783 1147 2050 1207 autem
2095 1140 2605 1208 indutiarum

309 1255 616 1332 sumpto
652 1227 957 1333 aequum
990 1256 1416 1315 venturum
1451 1248 1636 1331 (eva),
1677 1251 1732 1315 si
1768 1250 1947 1317 credi
1971 1257 2215 1335 posset,
2252 1251 2349 1317 ita
2369 1251 2604 1317 Latine

309 1352 432 1420 dici
480 1356 576 1438 (es
624 1357 842 1424 wiirde
890 1356 1403 1441 Gleichgewicht
1445 1359 1834 1441 eintreten);
1881 1359 1997 1426 sed
2053 1379 2263 1442 neque
2309 1380 2608 1442 aequum

307 1462 728 1543 (nominativo
777 1464 960 1549 casu)
1006 1487 1217 1550 neque
1262 1468 1536 1533 venire
1583 1468 1680 1533 sic
1727 1466 1986 1534 dicitur.
2076 1467 2356 1533 Videtur
2396 1467 2607 1533 latere

305 1579 445 1636 aut:
492 1574 572 1638 in
618 1595 922 1658 aequum
969 1581 1358 1643 venturos
1404 1583 1550 1642 aut:
1611 1596 1915 1659 acquum
1962 1582 2371 1642 certamen
2415 1596 2606 1641 ven·

303 1685 587 1747 turum.
681 1680 1214 1767 [Wesenbergius
1261 1685 1340 1749 in
1387 1705 1625 1750 secum
1669 1690 2120 1765 venturum,
2166 1691 2240 1751 ut
2283 1684 2608 1750 referatur

302 1787 384 1852 ad
451 1789 868 1874 exercitum]
981 1790 1382 1877 (Spatium
1461 1792 1966 1859 indutiarum
2048 1813 2360 1859 sumere
2433 1814 2607 1858 cum

304 1896 615 1982 alique,
686 1899 862 1984 quod
929 1900 1117 1967 video
1175 1902 1451 1981 tentari,
1519 1900 1684 1965 nihil
1741 1908 1872 1981 est3
1932 1902 2207 1967 vitiosus
2263 1901 2609 1985 verborum

306 2005 459 2072 ordo
506 2007 854 2090 manet.)¹)

468 2114 630 2200 Cap.
678 2120 779 2196 48,
827 2120 863 2180 6
911 2137 1054 2199 sqq.
1101 2116 1392 2181 Primum
1448 2119 1789 2182 sententiae
1849 2117 1944 2183 sic
2001 2117 2382 2184 dirimendae
2429 2122 2607 2183 sunt:

301 2223 735 2309 iussusque
783 2224 896 2306 (M.
943 2224 1314 2306 Lucretius)
1363 2224 1459 2290 ab
1505 2226 1759 2291 sociis
1806 2245 1899 2290 ex
1953 2225 2292 2292 foedere
2338 2245 2611 2310 accep·

303 2332 408 2397 tis
451 2333 802 2398 navibus
871 2332 966 2399 ad
1014 2330 1630 2418 Cephalleniam
1677 2332 1928 2399 classi
1988 2354 2454 2412 occurrere,
2513 2334 2608 2400 ab

298 2439 632 2523 Reginis
678 2442 1002 2507 triremi
1068 2463 1253 2522 una,
1324 2441 1417 2508 ab
1465 2442 1747 2508 Locris
1797 2442 2139 2524 duabus,
2208 2443 2304 2509 ab
2350 2442 2610 2509 Uriti-

296 2547 436 2613 bus
505 2549 589 2630 (?)
650 2556 1067 2634 quattuor.
1167 2550 1474 2617 Praeter
1541 2572 1762 2618 oram
1830 2557 1953 2618 cet.
2053 2550 2222 2617 Nam
2290 2551 2383 2618 ab
2464 2550 2612 2617 Re-

297 2660 521 2742 ginis
566 2659 888 2724 triremi
933 2680 1092 2725 una
1158 2694 1245 2706 —
1310 2661 1643 2727 traiicit
1685 2661 1994 2726 vitiosum
2039 2667 2140 2727 est
2186 2658 2341 2743 (etsi
2386 2661 2613 2727 rectis·

298 2768 568 2833 simum:
615 2768 935 2833 triremi
979 2789 1134 2834 una
1178 2769 1569 2851 traiicio).
1642 2767 1816 2852 [Non
1842 2769 2370 2853 improbabiliter
2403 2768 2613 2834 Weis-

303 2877 696 2942 senbornius
744 2883 899 2961 post
945 2897 1384 2942 occurrere
1428 2875 1618 2961 plene
1666 2877 2090 2961 interpungit,
2138 2876 2374 2943 deinde
2408 2878 2614 2962 parti-

301 2985 453 3069 cipii
505 2984 887 3066 ablativum,
933 2990 1257 3069 sumpta
1304 2991 1420 3050 aut
1466 2985 1685 3063 data,
1735 2984 2052 3051 excidisse
2100 2992 2311 3070 putat,
2357 2993 2430 3051 ut
2475 2985 2613 3051 baec

297 3114 442 3159 cum
495 3092 927 3178 sequentibus
975 3092 1505 3175 coniungantur]
1595 3093 1848 3159 Deinde
1911 3094 2153 3160 omissa
2211 3100 2364 3177 post
2419 3115 2609 3178 pro-

296 3222 472 3267 mun
490 3202 791 3267 terium
852 3199 1311 3285 praepositione
1369 3200 1478 3279 in,
1535 3221 1682 3284 quae
1751 3222 1829 3267 ex
1876 3222 1932 3264 ιι
1978 3201 2201 3267 littera
2245 3207 2391 3268 orta
2432 3201 2609 3267 vide-

296 3318 429 3387 tur,
481 3309 902 3376 scribendum
947 3315 1080 3374 est:
1127 3308 1440 3373 Praeter
1486 3328 1702 3374 oram
1748 3308 2019 3375 Italiae
2065 3316 2608 3395 supervectus

298 3416 703 3485 Calabriae
741 3425 1182 3483 extremum
1216 3417 1866 3500 promuntorium
1902 3417 2137 3484 Ionio
2184 3418 2387 3483 mari
2422 3418 2609 3502 Dyr-

348 3664 397 3730 ¹)
436 3662 469 3732 ἓ
508 3663 558 3729 9,
596 3662 692 3716 ubi
740 3661 949 3715 editur:
1004 3660 1196 3715 Vicit
1249 3675 1326 3714 ea
1377 3677 1534 3731 pars
1590 3670 1899 3730 senatus,
1954 3664 2063 3717 cui
2117 3663 2354 3733 potior
2405 3662 2608 3716 utilis

437 3765 635 3818 quam
672 3747 967 3802 honesti
1003 3763 1167 3801 cura
1204 3752 1378 3813 erat,
1417 3748 1683 3816 quoniam
1720 3749 1778 3801 in
1816 3747 1938 3802 cod.
1981 3752 2067 3803 est
2120 3748 2396 3813 utilius,
2452 3753 2607 3802 recte

436 3834 736 3903 Siesbyeus
794 3834 966 3887 scribi
1019 3833 1210 3887 iubere
1259 3832 1483 3887 videtur
1534 3833 1833 3888 utilium.
1907 3834 2163 3890 Alterum
2201 3831 2352 3904 apud
2385 3831 2607 3887 Livium

434 3920 754 3989 exemplum
790 3918 1041 3988 genetivi
1092 3917 1256 3972 huius
1294 3920 1515 3988 generis
1569 3937 1671 3989 pro
1710 3920 2064 3975 substantivo
2114 3918 2304 3990 positi,
2357 3916 2422 3984 V,
2458 3919 2507 3985 8,
2545 3920 2605 3972 9:

436 4006 493 4060 si
530 4005 903 4074 quidquam
955 4005 1023 4058 in
1057 4004 1280 4069 vobis,
1336 4020 1470 4059 non
1524 4005 1684 4060 dico
1722 4005 1981 4069 civilis,
2033 4005 2154 4059 sed
2192 4002 2466 4058 humani
2506 4021 2607 4058 es·

437 4098 565 4157 set,
623 4090 980 4145 Woelfflinus
1031 4090 1296 4157 removit,
1356 4089 1548 4145 addito
1605 4092 1812 4146 animi
1866 4098 1998 4161 post
2050 4089 2346 4145 humani.
2403 4088 2606 4154 (1876.)

433 4174 465 4245 ξ
508 4179 566 4229 11
607 4192 720 4231 non
757 4182 906 4232 recte
942 4192 1046 4246 pro
1085 4175 1544 4243 accendere,
1582 4176 1940 4247 Kreyssigius
1978 4181 2034 4230 et
2070 4173 2330 4229 Hertzius
2369 4174 2606 4244 scripse·

433 4268 569 4316 runt
624 4278 1010 4317 accersere.
1080 4260 1280 4330 Neque
1334 4261 1484 4316 enim
1537 4264 1603 4317 A.
1643 4262 1847 4317 Atilius
1883 4262 2002 4332 ipse
2046 4275 2293 4327 praesens
2348 4264 2446 4313 aut
2478 4275 2607 4328 pro-

432 4348 673 4417 pinquus
728 4348 1034 4404 Thessalia
1087 4348 1297 4419 milites
1352 4347 1574 4402 aliunde
1625 4364 1911 4403 accersere
1947 4346 2217 4412 debebat,
2272 4344 2374 4400 sed
2424 4344 2605 4399 Roma

444 4432 804 4502 proficiscens
859 4452 892 4489 a
942 4432 1191 4500 Licinio,
1248 4433 1343 4503 qui
1377 4432 1661 4488 Brundisii
1718 4440 1865 4501 erat,
1918 4434 1977 4487 in
2030 4432 2277 4487 transitu
2330 4431 2603 4500 accipere.

438 4519 641 4585 (1364.)

140 4858 986 5160 f*
1293 5070 1791 5254 ι
