3230 5282
1391 712 1402 720 .
1499 629 1625 689 499
2299 642 2421 696 Lib.
2461 641 2712 695 XXXIV.

411 812 503 874 sie
574 812 877 875 omissum
947 812 1121 895 apud
1179 814 1549 894 genetivum
1607 814 2066 896 possessivum,
2136 818 2210 877 ut
2267 812 2578 878 audiatur
2636 836 2716 878 ex

409 919 682 1000 pluralis
751 920 1005 983 numeri
1072 919 1269 984 verbo
1339 927 1571 1001 postea
1640 941 1786 984 cum
1844 920 2152 986 adverbio
2211 919 2351 1000 (ibi
2411 921 2714 1001 essent)

411 1025 737 1104 subiect03
820 1026 1049 1090 deinde
1132 1027 1481 1109 oportebat
1548 1027 1786 1092 saltem
1853 1028 2197 1111 scriptum:
2280 1036 2356 1092 et
2435 1049 2716 1093 eorum

407 1134 952 1215 imperatores
1011 1134 1123 1198 ibi
1185 1141 1305 1198 cet.
1421 1134 1582 1213 Sed,
1644 1135 1820 1218 quod
1867 1143 2068 1218 caput
2112 1142 2242 1214 est,
2301 1156 2431 1199 non
2476 1137 2713 1218 agitur,

408 1260 687 1321 quorum
733 1240 1052 1323 Hispania
1096 1241 1313 1318 fuerit,
1373 1241 1486 1305 sed
1533 1241 2012 1318 tantummodo,
2070 1243 2201 1307 utri
2245 1242 2339 1307 ibi
2386 1244 2713 1308 exercitus

407 1346 788 1425 habuerint,
858 1348 993 1411 utri
1061 1369 1188 1411 non
1258 1347 1639 1426 habuerint,
1713 1352 2234 1432 pervertiturque
2305 1352 2711 1433 comparatio

407 1454 519 1519 illo
566 1456 855 1532 adiecto;
921 1477 1132 1537 neque
1190 1476 1343 1519 sane
1392 1453 1555 1520 Cato
1605 1476 2038 1522 concessurus
2086 1465 2258 1537 erat,
2326 1457 2714 1541 Hispaniam

404 1571 564 1639 tum,
613 1583 811 1643 quum
860 1563 1139 1626 Romani
1184 1562 1614 1645 postularent,
1661 1571 1737 1626 ut
1781 1566 1845 1627 in
1886 1565 2158 1631 foedere
2207 1565 2711 1644 adscriberetur,

408 1668 571 1734 fines
608 1669 857 1734 Hibero
894 1670 1255 1748 terminari,
1294 1668 1937 1753 Carthaginiensium
1974 1673 2206 1752 fuisse3
2253 1673 2499 1738 iniusta
2545 1673 2715 1736 enim

407 1777 739 1841 Romanos
786 1777 1154 1860 postulasse
1203 1777 1472 1841 diceret.
1576 1776 1995 1843 Contrarium
2043 1801 2323 1862 quoque,
2383 1780 2495 1864 qui
2540 1801 2712 1845 nunc

407 1885 520 1962 sit,
586 1906 805 1948 rerum
866 1891 1112 1948 statum
1171 1882 1333 1947 Cato
1392 1886 1710 1967 proximis
1766 1886 1982 1950 verbis
2039 1909 2170 1951 non
2228 1888 2323 1951 ita
2379 1887 2712 1961 describit,

404 1996 478 2053 ut
535 1992 978 2055 Romanorum
1035 1992 1421 2074 Hispaniam
1480 2013 1623 2056 esse
1682 1993 1889 2072 dicat,
1960 1994 2074 2057 sed
2130 2002 2204 2058 ut
2261 1995 2710 2058 Romanorum

403 2104 719 2179 praetores
790 2101 1246 2183 exercitusque
1315 2120 1459 2163 eam
1530 2100 1854 2178 obtinere,
1927 2099 2536 2183 Carthaginiensem
2598 2123 2710 2165 ne-

400 2206 639 2268 minem
695 2206 788 2269 ibi
846 2228 1008 2270 esse.
1119 2208 1443 2289 Apparet,
1514 2206 1933 2273 scribendum
1980 2229 2153 2273 esse:
2223 2209 2506 2274 Patres
2564 2230 2702 2273 no·
2739 2219 2878 2283 (400)

402 2314 588 2388 stri,
660 2335 887 2396 quum
963 2312 1035 2374 ln
1092 2314 1499 2396 Hispania
1555 2314 2357 2398 Carthaginiensium
2426 2324 2504 2381 et
2570 2318 2710 2380 im-

401 2426 836 2502 peratores
895 2427 971 2484 et
1030 2423 1445 2485 exercitus
1509 2431 1781 2486 essent
1837 2430 1960 2487 cet.
2074 2424 2284 2502 Quum
2330 2425 2709 2507 praepositio

399 2533 552 2608 post
596 2527 884 2592 litteram
933 2548 1007 2606 ιιι,
1057 2536 1131 2592 ut
1178 2550 1369 2611 saepe,
1417 2529 1877 2609 intercidisset,
1923 2531 2220 2595 additum
2267 2537 2368 2596 est
2411 2531 2542 2594 ibi.
2626 2531 2712 2594 Et

401 2634 481 2697 in
526 2640 670 2699 erat
715 2636 780 2699 in
828 2635 1233 2700 editionibus
1281 2644 1432 2702 ante
1480 2638 1868 2715 Gronvium,
1943 2638 2057 2703 sed
2116 2661 2317 2722 quum
2361 2638 2554 2703 simul
2599 2638 2712 2703 ibi

399 2743 828 2822 retineretur,
896 2746 1135 2809 vitiosa
1180 2744 1384 2808 fiebat
1432 2746 1666 2809 oratio.
1781 2746 2153 2824 PostremO,
2222 2768 2304 2810 ne
2351 2747 2506 2827 quid
2554 2748 2710 2810 reti·
2797 2830 2799 2833 Ι

402 2869 614 2928 ceam,
683 2852 788 2914 vix
835 2851 1099 2929 dubito,
1172 2854 1328 2933 quin
1376 2851 1597 2915 Livius
1647 2852 1756 2932 (de
1802 2875 1872 2918 re
1919 2855 2268 2937 imperiose
2317 2852 2710 2935 efflagitata)

400 2959 766 3040 scripserit:
825 2966 1093 3022 tamen
1143 2958 1320 3021 addi
1366 2959 1514 3025 hoc
1560 2961 1642 3024 in
1688 2960 2019 3024 foedere
2064 2961 2523 3038 voluerunt,
2578 2981 2711 3023 non

401 3063 720 3128 addere

573 3169 727 3254 Cap.
776 3177 870 3249 15,
919 3176 954 3234 3
1004 3173 1096 3252 (in
1145 3175 1528 3238 narratione
1573 3195 1807 3257 pugnae
1854 3181 2088 3239 contra
2123 3174 2511 3258 Hispanos):
2559 3176 2708 3241 Ubi

402 3280 667 3341 omnia
711 3279 901 3361 fu'ga
947 3280 1358 3363 completa
1402 3281 1608 3345 vidit
1657 3281 1870 3360 Cato,
1916 3285 2087 3366 ipse
2135 3282 2231 3346 ad
2276 3284 2709 3348 secundam

400 3385 830 3468 legionem,
887 3407 1055 3468 quae
1104 3388 1179 3451 in
1228 3387 1597 3452 subsidio
1653 3392 1929 3471 posita
1975 3397 2187 3468 erat,
2248 3411 2447 3473 equo
2496 3412 2708 3455 reve-

396 3491 621 3557 hitur
678 3500 756 3557 et
813 3494 1041 3575 signa
1097 3515 1255 3577 prae
1313 3516 1394 3559 se
1449 3495 1654 3559 ferri
1699 3495 2104 3578 plenoque
2150 3497 2398 3578 gradu
2449 3499 2542 3563 ad
2591 3520 2708 3563 ca-

402 3608 576 3666 stra
642 3600 994 3665 hostium
1065 3602 1611 3685 oppugnanda
1669 3602 2113 3668 succedere
2170 3605 2416 3669 iubet.
2527 3605 2708 3670 Nun-

399 3728 595 3788 quam
641 3707 800 3790 legi,
871 3726 1067 3790 quum
1130 3710 1195 3772 in
1253 3708 1508 3773 hostem
1567 3711 1855 3774 eundum
1902 3718 2104 3791 esset,
2170 3732 2300 3776 non
2347 3712 2541 3777 modo
2590 3714 2707 3777 im-

399 3821 773 3897 peratorem
842 3817 1028 3898 signa
1095 3838 1252 3899 prae
1319 3838 1398 3881 se
1454 3817 1654 3881 ferri
1723 3818 1877 3899 (hoc
1946 3825 2049 3883 est
2105 3821 2505 3899 necessari0,
2573 3842 2707 3904 prae

398 3923 822 4005 imperatore)
871 3924 1168 4002 iussisse,
1236 3924 1408 4007 quod
1466 3932 1680 3992 totum
1735 3925 2082 3992 ridiculum
2130 3935 2260 4006 est,
2331 3928 2443 3992 sed
2489 3949 2571 3992 ne
2616 3927 2707 3990 le-

401 4030 625 4110 giones
698 4031 961 4112 quidem
1028 4038 1096 4095 et
1162 4032 1468 4096 cohortes
1537 4034 1772 4115 signa
1832 4056 1990 4116 prae
2049 4056 2130 4099 se
2186 4035 2402 4100 ferre
2460 4036 2706 4113 iussas;

398 4137 626 4216 signa
693 4136 890 4201 ferri
960 4138 1270 4203 iubentur
1339 4160 1546 4221 eaque
1606 4140 1856 4205 locutio
1916 4142 2260 4225 permultis
2318 4142 2485 4206 Livii
2540 4141 2706 4206 locis

397 4243 666 4326 legitur3
735 4252 1050 4327 quattuor
1095 4247 1394 4330 exempla
1439 4247 1628 4312 dabit
1672 4248 2248 4315 Drakenborchius
2308 4250 2392 4314 ad
2438 4249 2704 4316 XXVII.

398 4356 497 4428 47,
558 4354 616 4430 S,
676 4337 912 4432 quibus
968 4353 1157 4435 plura
1215 4354 1369 4418 addi
1417 4362 1694 4436 possunt
1740 4356 1842 4436 (ut
1886 4356 2188 4433 XXXIII,
2239 4362 2294 4435 7,
2347 4362 2396 4429 1,
2445 4356 2706 4434 XXXV,

400 4463 497 4535 27,
554 4462 660 4533 163
721 4459 882 4538 XLI,
935 4464 990 4536 3,
1041 4467 1076 4520 8
1124 4464 1185 4523 in
1234 4462 1595 4526 narrando:
1667 4464 1942 4526 ferunt
1988 4465 2227 4527 citati
2276 4466 2533 4546 signa,
2592 4464 2701 4540 IX,

2143 4582 2240 4633 32*
