3230 5282
1438 575 1555 635 321
2099 537 2103 541 ¹
2286 587 2410 641 Lib.-
2447 586 2649 641 xxm.

338 766 508 825 tuna
574 760 834 823 sineret.
950 757 1230 840 [Ibidem
1298 778 1418 841 pro
1474 759 1632 823 iam
1685 758 1968 825 fortasse
2014 756 2430 823 scribendum
2473 764 2649 839 tam,

342 866 857 932 Forchhammer
901 866 1387 931 animadvertit.
1481 866 1766 949 1862.]¹)

516 972 674 1056 Cap.
736 979 848 1052 25,
910 979 978 1038 3:
1062 980 1224 1039 tum
1300 975 1405 1039 Ti.
1465 974 1986 1058 Sempronius
2042 1009 2128 1018 ——
2182 980 2460 1057 patres
2528 982 2651 1039 est

336 1082 870 1160 .adhortatu8‚
949 1104 1074 1159 ne,
1156 1083 1292 1165 qui
1359 1081 1762 1147 Cannensi
1828 1082 2077 1145 ruinae
2144 1102 2295 1147 non
2365 1102 2650 1146 succu-

343 1190 756 1269 buissent,
824 1190 918 1255 ad
975 1190 1326 1254 minores
1386 1189 1906 1256 calamitates
1965 1189 2273 1255 animos
2319 1190 2651 1255 submit·

340 1297 945 1382 terent;fquod
1026 1298 1120 1362 ad
1189 1297 1916 1381 Carthaginienses
1994 1296 2278 1362 hostes
2346 1297 2649 1362 Hanni·

341 1404 769 1490 balemque
827 1407 1259 1485 attineret,
1328 1427 1727 1490 prospera
1785 1405 2014 1471 modo
2073 1413 2368 1483 essent,
2438 1406 2651 1471 sicut

331 1522 717 1598 speraret
780 1513 1091 1593 futura,
1162 1512 1572 1585 Gallicum
1639 1512 1936 1578 bellum
2003 1513 2414 1579 etssomitti
2471 1518 2648 1576 tuto

339 1628 422 1686 et
478 1621 811 1687 differri
870 1643 1132 1706 posse.
1231 1621 1380 1686 Non
1436 1629 1593 1704 puto
1654 1627 1830 1686 recte
1877 1621 2033 1700 dici,
2092 1621 2272 1686 nullo
2319 1621 2647 1686 subiecto:

339 1751 740 1814 prospera
809 1736 1025 1809 sunt,
1093 1730 1302 1811 quod
1369 1729 1463 1794 ad
1522 1728 2244 1812 Carthaginienses
2310 1730 2647 1805 attinet,

338 1860 458 1923 pro
507 1860 617 1919 e0‚
684 1839 863 1922 quod
920 1845 1022 1903 est
1077 1857 1471 1920 prospera
1523 1858 1714 1917 ree,x
1751 1858 2144 1921 prospera
2190 1837 2484 1916 omnia3
2550 1839 2649 1920 ip-

332 1968 613 2030 sumque
670 1945 869 2010 illud:
938 1945 1147 2029 quod
1205 1944 1302 2009 ad
1351 1942 1615 2010 Carth.
1663 1944 1724 2009 h.
1773 1944 2478 2027 Hannibalemque
2525 1952 2648 2009 at-

338 2056 602 2120 tinere
620 2061 675 2134 t,
759 2056 815 2119 si
895 2053 1201 2119 absolute
1280 2061 1348 2118 et
1427 2060 1615 2118 extra
1679 2053 1952 2138 reliquae
2021 2055 2340 2121 orationis
2408 2073 2646 2118 nexum

336 2163 617 2246 ponitur,
664 2162 921 2227 videtur
966 2163 1296 2245 pertinere
1343 2161 1428 2225 ad
1469 2162 1705 2241 omnia,
1750 2182 1896 2244 quae
1930 2169 2315 2246 sequuntur,
2362 2162 2642 2227 maxime
2679 2180 2820 2250 (234)

338 2269 426 2335 ad
471 2271 790 2353 apodosin
836 2269 1268 2353 (Gallicum
1315 2268 1614 2334 bellum
1658 2304 1745 2313 —
1789 2269 2069 2352 posse),
2131 2271 2459 2336 sententia
2503 2291 2649 2353 per-

337 2399 544 2443 versa.
622 2378 858 2462 Itaque
903 2377 1153 2457 dubito,
1201 2398 1284 2442 an
1331 2377 1755 2442 scribendum
1801 2378 1918 2442 sit:
1967 2398 2135 2462 quae
2181 2377 2278 2444 ad
2317 2375 2649 2443 Cartha-

330 2488 751 2570 ginienses
812 2486 1097 2551 hostes
1154 2484 1854 2570 Hannibalemque
1913 2488 2406 2564 attinerent,
2465 2507 2649 2569 pro·

341 2617 577 2679 spera
622 2595 847 2660 modo
895 2599 1185 2673 essent,
1235 2592 1639 2659 Gallicum
1685 2601 1806 2660 cet.
1914 2594 2044 2678 [Ita
2087 2604 2265 2663 recte
2313 2594 2645 2661 contraria

342 2710 669 2789 ponuntur
705 2725 873 2788 quae
910 2703 1006 2767 ad
1042 2700 1772 2785 Carthaginienses
1807 2705 2267 2770 attinerent
2302 2711 2370 2769 et
2396 2703 2644 2768 Galli-

330 2833 510 2878 cum
554 2811 902 2894 bellum]
965 2811 1181 2876 Facile
1228 2811 1542 2876 substitui
1588 2817 1856 2894 poterat
1898 2812 2203 2878 usitatior
2235 2811 2466 2891 forma,
2512 2832 2646 2896 qua

341 2920 641 2986 absolute
714 2920 985 2985 dicitur:
1071 2918 1490 3002 quod.(ad
1567 2920 1715 2984 hoc
1794 2928 1932 2984 aut
2006 2918 2241 3000 illud)
2321 2920 2643 2984 attinet.

341 3027 549 3092 Paulo
606 3035 757 3112 post
802 3026 865 3108 (ξ
913 3028 978 3110 6)
1026 3027 1272 3091 editur:
1341 3047 1517 3104 nec,
1587 3027 1796 3091 unde
1863 3027 2343 3092 consulares
2412 3047 2645 3091 exer-

330 3137 550 3201 -citus
618 3139 825 3200 satis
892 3135 1110 3199 firmi
1178 3134 1274 3199 ad
1340 3140 1652 3198 tantum
1721 3134 2021 3199 bellum
2078 3134 2645 3210 efficerentur,

340 3245 712 3310 inibatur
778 3245 1017 3309 ratio.
1128 3242 1227 3306 Ex
1297 3242 1423 3307 hoc
1490 3241 1632 3306 fieri
1690 3229 1992 3307 debuisse
2045 3242 2332 3321 videtur,
2403 3249 2478 3306 ut
2533 3248 2650 3306 aut

338 3354 687 3436 praetorios
764 3372 883 3435 pro
966 3349 1422 3415 consularibus
1501 3356 1620 3414 aut
1697 3351 2082 3415 consulares
2148 3352 2360 3415 minus
2426 3349 2649 3414 firmos

336 3461 729 3526 scriberent.
845 3458 975 3524 Sed
1048 3458 1228 3523 aliud
1288 3459 1510 3523 Livius
1576 3467 1837 3527 narrat,
1908 3458 2122 3524 Gallia
2195 3459 2466 3536 omissa,
2534 3459 2648 3523 uni

672 3633 797 3640 *-

404 3733 447 3796 ι)
485 3731 660 3798 Quam
711 3733 781 3786 de
826 3748 947 3800 cap.
994 3734 1092 3796 22,
1146 3733 1179 3784 5
1215 3730 1600 3786 coniecturam
1649 3728 1890 3784 feceram
1938 3731 2140 3795 (binis
2187 3709 2653 3796 senatoribu3‚

485 3818 741 3886 quibus
803 3816 956 3882 cet),
1024 3832 1146 3868 eam
1208 3815 1697 3869 Weissenbornius
1751 3832 1785 3868 a
1837 3814 2037 3869 Vossio
2104 3823 2384 3886 sumptam
2451 3817 2654 3885 posuit.

484 3902 772 3971 Fugerant
806 3919 895 3956 me
930 3902 1042 3955 illoe
1080 3900 1266 3955 Vossii
1305 3898 1741 3953 emendationes.
1826 3899 1958 3969 [Sed
1998 3901 2161 3954 simul
2197 3918 2300 3969 pro
2339 3908 2551 3974 atque
2587 3902 2656 3954 in

490 3988 1010 4041 demortuorum
1076 3986 1302 4041 locum
1355 3985 1424 4038 in
1479 3990 1786 4040 senatum
1845 3986 2250 4054 legerentur
2301 3985 2657 4041 scribendum

493 4073 788 4141 geminatis
826 4071 1041 4126 duabus
1077 4071 1302 4125 litteris:
1342 4076 1544 4139 atque
1582 4072 1636 4123 el
1677 4073 1743 4124 in
1781 4077 1886 4125 cet.
1958 4070 2088 4125 Non
2122 4076 2312 4140 potest
2347 4088 2658 4141 pronomen

495 4159 553 4211 in
590 4159 956 4212 conversione
995 4158 1291 4211 sententiae
1328 4163 1385 4210 et
1422 4162 1722 4210 structurae
1762 4157 1969 4210 abesse.
2047 4154 2214 4223 1862]
2284 4155 2499 4210 Eodem
2536 4174 2656 4224 cap⁴

487 4240 529 4311 -ξ
565 4245 599 4296 8
640 4242 817 4296 miror
869 4246 1090 4297 actum
1143 4240 1394 4310 praeferri
1447 4242 1775 4297 certissimoe
1824 4241 2092 4296 Gronovii
2139 4242 2480 4296 coniecturae
2525 4242 2661 4294 iac·

496 4335 632 4381 tum
669 4327 853 4396 (codd.
891 4328 1189 4391 tactum).
1272 4326 1435 4380 Nulla
1483 4328 1600 4381 eius
1637 4328 1718 4380 rei
1755 4327 1937 4380 fuerat
1974 4328 2148 4393 actim
2199 4327 2298 4382 sed
2334 4328 2545 4381 mentio
2583 4328 2662 4381 in·

488 4414 855 4468 considerate
890 4415 1053 4468 iacta.

2140 4517 2201 4567 21
