3230 5282
1762 534 1903 657 ⁸254

691 782 980 848 editione
1036 781 1195 847 Ven.
1253 801 1311 845 a.
1363 784 1525 846 1498
1582 781 1758 866 typis
1813 780 2079 865 vulgata
2132 787 2314 861 sunt,
2384 781 2711 865 scriptura
2761 783 2823 847 in
2873 782 2968 846 Li·

690 891 897 957 vianis
944 890 1183 974 saepius
1229 888 1313 954 ab
1362 886 1404 953 S
1453 888 1824 954 aberrante.
1937 888 2038 954 Ea
2103 888 2435 974 copulatio
2489 897 2686 973 atque
2744 890 2970 957 codicis

691 999 1020 1083 Spirensis
1066 1004 1134 1063 et
1177 996 1477 1063 Rhenani
1522 997 2024 1064 adnotationum
2070 997 2308 1063 oblivio
2356 996 2601 1080 effecit,
2666 1008 2740 1065 ut
2780 1001 2968 1065 Weis-

692 1108 1082 1174 senbornius
1147 1111 1378 1171 totum·
1417 1105 1592 1171 hunc
1644 1104 1864 1186 locum
1922 1105 2271 1171 damnaret
2323 1112 2643 1189 tanquam
2687 1109 2770 1174 ab
2814 1108 2967 1174 Italo

690 1217 912 1301 aliquo
968 1215 1449 1280 renascentium
1505 1214 1876 1280 litterarum
1931 1220 2231 1298 tempore
2278 1217 2712 1300 compositum
2755 1239 2972 1301 meque

687 1327 756 1391 in
802 1324 1078 1390 eandem
1123 1324 1498 1408 opinionem
1541 1321 1987 1407 pertraheret,
2042 1344 2125 1387 ne
2171 1323 2332 1407 quid
2377 1323 2628 1390 scilicet
2672 1327 2969 1405 obstaret,

688 1456 817 1518 quo
875 1434 1087 1499 minus
1145 1432 1345 1497 etiam
1403 1431 1471 1496 in
1528 1431 1632 1496 his
1678 1433 1969 1517 quinque
2013 1432 2493 1516 posterioribus
2538 1432 2722 1501 libris
2766 1457 2975 1502 omnes

689 1542 950 1608 codices
1018 1561 1053 1606 e
1119 1540 1170 1604 P
1241 1540 1371 1606 orti
1435 1539 1917 1620 iudicarentur,
1997 1561 2197 1622 quam
2274 1541 2712 1625 suspicionem
2775 1550 2971 1610 totam

687 1652 940 1736 primus
1003 1632 1540 1733 Heerwagenius‚
1610 1654 1926 1714 renovata
1981 1648 2226 1714 codicis
2273 1646 2602 1733 Spirensis
2657 1654 2975 1733 memoria,

691 1760 943 1826 evertit.
1033 1757 1411 1840 Eademque
1470 1755 1805 1823 damnatio
1854 1758 2053 1823 etiam
2097 1757 2184 1822 ad
2226 1757 2504 1823 alterum
2547 1759 2700 1824 libri
2744 1760 2972 1826 XXVII

684 1868 931 1948 Iocum,
1001 1867 1112 1949 qui
1173 1887 1444 1950 prorsus
1501 1867 1756 1949 integer
1811 1866 1879 1929 in
1924 1864 1968 1931 S
2014 1866 2545 1949 perscribebatur
2590 1867 2691 1949 (ut
2736 1890 2769 1933 e
2817 1870 2971 1936 Rhe·

685 1976 841 2042 nani
888 1973 1426 2043 adnotationibus
1470 1973 1902 2057 intellegitur)
1949 1980 2015 2038 et
2048 1995 2084 2038 e
2119 1974 2451 2041 codicibus
2485 1975 2636 2041 inde
2673 1977 2970 2044 derivatis

684 2087 752 2151 in
801 2084 1124 2150 editiones
1167 2083 1378 2162 venit,
1435 2080 1764 2147 translata
1807 2088 1925 2163 est,
1983 2103 2062 2147 eo
2107 2084 2390 2166 praviuS,
2448 2084 2644 2169 quod,
2701 2109 2849 2171 quae
2889 2089 2966 2152 ibi

686 2194 766 2259 de
824 2213 983 2275 agro
1031 2190 1362 2274 Campano
1416 2190 1640 2256 locato
1695 2195 1762 2255 et
1806 2189 1888 2255 de
1935 2191 2382 2257 coniuratione
2429 2190 2668 2276 Capuae
2710 2195 2969 2263 Blossiis

685 2300 1092 2388 principibus
1156 2298 1340 2363 facta
1394 2298 1727 2382 leguntur,
1793 2298 2035 2364 nemini
2101 2300 2167 2364 in
2234 2306 2518 2365 mentem
2583 2305 2803 2370 venire
2867 2328 2968 2391 po·

684 2416 860 2477 terat
924 2408 1191 2492 fingere.
1305 2405 1456 2488 (Illa
1521 2408 1786 2489 quidem
1843 2405 1922 2472 de
1980 2427 2139 2489 agro
2187 2405 2519 2493 Campano
2578 2432 2632 2475 c.
2682 2417 2747 2493 3,
2825 2422 2851 2479 1
2897 2436 2967 2481 ne

683 2518 978 2599 intellegi
1036 2515 1298 2600 quidem
1353 2521 1694 2599 poterant,
1752 2522 2107 2598 antequam
2151 2537 2193 2581 a
2235 2515 2553 2584 Rhenano
2613 2542 2693 2585 ex
2745 2523 2888 2606 ipso
2929 2523 2966 2589 S

684 2626 1066 2695 emendatus
1108 2623 1289 2690 locus
1335 2622 1551 2706 est.)¹)

852 2735 1004 2802 Sine
1060 2732 1198 2798 ulla
1249 2733 1452 2818 igitur
1510 2731 1922 2800 dubitatione
1978 2733 2270 2799 codicem
2314 2733 2685 2820 Spirensem
2741 2762 2860 2824 per
2910 2759 2970 2804 se

680 2846 1016 2910 Puteaneo
1064 2842 1382 2926 dignitate
1430 2847 1498 2906 et
1541 2843 1939 2908 auctoritate
1985 2842 2405 2926 aequabimuS,
2452 2844 2760 2913 utilitatis
2794 2848 2969 2931 longe

681 2955 895 3019 minus
940 2951 1130 3017 nobis
1176 2950 1446 3035 praebet.
1548 2949 1833 3016 Tantum
1878 2951 2048 3016 enim
2095 2952 2176 3017 de
2222 2973 2299 3017 eo
2346 2953 2605 3034 scimuS,
2666 2964 2965 3038 quantum

678 3062 1034 3128 Rhenanus
1081 3059 1438 3138 adnotavit,
1485 3057 1609 3124 hoc
1657 3065 1772 3139 est,
1817 3059 2022 3125 multo
2069 3061 2387 3143 pauciora
2420 3082 2616 3145 quam
2653 3063 2965 3131 vellemne.

675 3172 764 3236 Et
807 3169 1011 3253 quod,
1080 3168 1393 3252 quoniam
1445 3167 1579 3232 iam
1639 3169 1875 3252 saepius
1932 3167 2195 3234 codices
2252 3170 2574 3253 quosdam
2616 3171 2771 3238 inde
2817 3172 2965 3238 deri-

674 3286 862 3347 vatos
930 3299 1075 3344 esse
1142 3275 1503 3360 significavi
1560 3275 1768 3360 (quod
1834 3276 1936 3341 vel
1991 3283 2264 3360 recepta
2322 3278 2391 3341 in
2448 3277 2772 3346 editiones
2826 3287 2963 3346 ante

675 3387 1061 3453 Rhenanum
1104 3406 1260 3450 vera
1303 3384 1761 3469 supplementa
1806 3383 2179 3466 ostendunt,
2238 3386 2360 3451 etsi
2405 3393 2673 3471 poterat
2718 3389 2964 3474 supple·

674 3501 967 3561 mentum
1025 3515 1061 3558 e
1121 3490 1165 3557 S
1221 3492 1608 3558 transscribi
1674 3492 1742 3556 in
1810 3492 2103 3558 codicem
2161 3515 2197 3559 e
2251 3494 2301 3558 P
2359 3497 2634 3577 ortum),
2701 3495 2962 3564 fortasse

730 3707 780 3773 ¹)
819 3707 1140 3762 Constituta
1172 3707 1285 3762 iam
1321 3706 1576 3762 codicum
1601 3706 1648 3761 P
1677 3711 1734 3763 et
1765 3706 1801 3761 S
1831 3707 2065 3777 originis
2102 3707 2447 3778 diversitate,
2482 3711 2602 3765 veri
2634 3711 2960 3767 simillimum

807 3791 898 3860 fit,
952 3793 1453 3862 transpositionem
1508 3809 1661 3859 eam,
1714 3809 1838 3862 quae
1892 3793 1952 3847 in
1993 3793 2039 3848 P
2085 3792 2236 3850 facta
2288 3799 2375 3850 est
2425 3796 2485 3850 in
2532 3801 2785 3852 extremo
2827 3798 2958 3855 libro

806 3876 1025 3931 xxvu
1073 3882 1131 3931 et
1171 3879 1336 3933 initio
1379 3877 1476 3932 lib.
1511 3876 1702 3932 XXIX
1746 3894 1985 3948 quaeque
2029 3879 2162 3935 inde
2199 3881 2320 3936 sine
2356 3880 2528 3936 dubio
2565 3881 2639 3936 ad
2673 3884 2960 3951 plerosque

807 3963 1034 4017 codices
1067 3968 1387 4033 propagata
1421 3968 1524 4033 est,
1569 3963 1697 4031 etsi,
1743 3965 1838 4034 qui
1873 3965 2258 4034 contulerunt,
2293 3970 2611 4036 tacuerunt,
2648 3970 2803 4037 quod
2834 3965 2958 4023 nihil

807 4048 1025 4116 deerat,
1072 4047 1165 4116 (—
1201 4053 1287 4103 est
1328 4049 1389 4103 in
1421 4049 1828 4118 Bambergensi
1862 4067 2040 4120 nuper
2075 4051 2298 4120 collato,
2336 4052 2749 4123 vestigiumque
2785 4060 2956 4117 tenue,

808 4133 907 4188 sed
943 4135 1158 4188 certum
1193 4133 1635 4204 deprehenditur
1670 4135 1733 4189 in
1764 4135 1852 4204 iis,
1898 4152 2024 4205 quoe
2062 4136 2134 4191 ad
2159 4136 2365 4206 XXIX,
2414 4141 2459 4206 1,
2505 4141 2573 4193 24
2602 4139 2673 4194 de
2699 4138 2955 4196 vocabulo

811 4218 971 4273 inde
1013 4219 1074 4273 in
1118 4219 1453 4288 quibusdam
1500 4218 1791 4274 codicibus
1835 4225 2064 4291 reperto
2113 4223 2480 4292 adnotantur,
2515 4224 2605 4294 —)
2641 4243 2759 4280 non
2794 4223 2952 4296 perti-

806 4305 998 4359 nuisse
1034 4303 1107 4358 ad
1144 4302 1201 4372 S,
1238 4305 1307 4359 de
1343 4321 1452 4375 quo
1487 4305 1794 4361 Rhenanus
1828 4311 1997 4377 tacet,
2033 4313 2131 4362 aut
2163 4310 2298 4365 inde
2334 4314 2505 4364 ortos.
2585 4310 2747 4379 Quod
2780 4318 2957 4366 tamen

803 4390 1235 4459 Heerwagenius
1253 4390 1505 4446 Hartelio
1541 4395 1686 4446 teste
1719 4391 1780 4447 in
1813 4409 1912 4446 sex
1939 4393 2229 4451 codicibus
2246 4394 2779 4452 vindobonensibus
2808 4397 2954 4451 recto

807 4475 1002 4532 ordine
1036 4475 1152 4545 legi
1187 4476 1380 4546 tradit,
1414 4475 1677 4532 nonnihil
1708 4476 1896 4532 miror.
