3230 5282
660 609 787 663 Lib.
825 607 994 662 XLII.
1745 597 1865 659 626

663 803 807 847 cum
852 782 1139 847 Eumene
1186 802 1404 847 coram
1447 782 1513 846 in
1561 786 1795 845 senatu
1831 780 2258 867 disceptaret)
2306 803 2533 865 quum
2579 804 2734 848 non
2781 803 2950 847 con-

660 891 997 973 tigisset
1063 890 1231 972 (cod.
1302 911 1469 954 cum
1529 889 2047 972 contigisset,
2107 893 2348 957 extrita
2403 893 2750 975 negatione
2796 895 2948 955 ante

663 998 855 1081 con),
900 998 1294 1064 libertate
1359 999 2052 1083 intemperantius
2112 1001 2490 1066 invectus
2536 1002 2611 1064 in
2654 1021 2950 1083 regem,

663 1108 867 1190 (recte
914 1107 1110 1172 Gron.
1169 1107 1560 1173 libertate
1628 1108 2213 1191 intemperanti
2258 1110 2426 1188 inv.,
2487 1109 2792 1193 quoniam
2847 1108 2946 1172 li-

661 1216 980 1281 bertate
1049 1215 1318 1280 invehi
1384 1215 1513 1281 dici
1557 1215 1830 1298 nequit),
1879 1215 2090 1300 quod
2146 1216 2568 1301 Lyciorum
2626 1223 2949 1299 gentem

662 1325 1054 1390 adversus
1133 1323 1486 1389 Rhodios
1578 1325 2087 1389 concitasset
2168 1327 2668 1408 graviorque
2747 1324 2951 1388 Asiae

664 1442 910 1511 esset,
963 1454 1193 1515 quam
1239 1431 1690 1497 Antiochus
1737 1432 2060 1506 suisset,
2108 1433 2581 1516 popularem
2631 1433 2951 1517 quidem

663 1564 749 1607 ac
796 1549 1101 1626 gratam
1149 1541 1472 1624 populis
1518 1540 1722 1606 Asiae
1770 1545 1963 1618 (nam
2016 1563 2101 1605 eo
2150 1563 2466 1625 quoque
2513 1543 2663 1605 iam
2721 1541 2950 1606 favor

660 1652 935 1716 Persei
983 1649 1338 1730 venerat)
1386 1649 1835 1714 orationem
1869 1647 2181 1717 habuit.
2219 1658 2574 1714 ceterum
2611 1651 2953 1715 invisam

663 1760 984 1825 senatui
1030 1757 1577 1839 inutilemque
1624 1738 1903 1822 sibiet
1949 1759 2275 1821 civitati
2324 1779 2501 1823 suae.
2584 1758 2729 1823 Non
2774 1766 2948 1823 recte

661 1890 780 1933 nec
825 1867 1055 1931 Latine
1101 1856 1523 1951 popularis
1571 1866 1783 1930 oratio
1832 1866 2223 1948 appellatur.
2270 1887 2412 1948 quae
2460 1887 2499 1931 a
2536 1866 2791 1932 Rhodio
2828 1867 2953 1931 rho-

494 1977 633 2043 (515)
672 1978 843 2041 mine
890 1978 958 2042 in
1004 1981 1240 2040 senatu
1285 1975 1576 2040 Romano
1640 1972 1871 2038 habita
1938 1983 2037 2038 est
2105 1975 2415 2039 adversus
2468 1997 2684 2058 regem
2743 1984 2954 2041 exter-

661 2108 832 2164 num,
881 2086 1268 2168 optimatum
1313 2082 1665 2166 populique
1702 2085 1984 2166 partium
2023 2077 2389 2147 dissensum
2424 2105 2549 2147 non
2593 2085 2953 2165 attingens,

661 2215 780 2259 nec
812 2192 976 2257 bene
1023 2191 1451 2275 popularis
1498 2211 1585 2255 ac
1631 2196 1875 2273 grata
1919 2191 2246 2275 populis
2281 2192 2487 2256 Asiae
2523 2192 2726 2273 (quod
2760 2192 2954 2274 longe

663 2301 841 2367 aliud
888 2299 1013 2381 est)
1060 2300 1554 2381 coniunguntur.
1646 2298 1719 2362 In
1766 2299 1989 2364 codice
2026 2300 2354 2383 scriptum
2403 2306 2649 2364 exstat:
2698 2322 2958 2384 popu·

660 2409 910 2474 larem
950 2406 1263 2490 quidem
1298 2406 2051 2489 quidemingratam
2085 2408 2417 2490 populis
2451 2429 2621 2472 nam
2646 2429 2731 2473 eo
2769 2430 2953 2491 quo·

663 2539 812 2601 que
861 2523 982 2581 cet.
1072 2515 1292 2579 Livius
1337 2514 1497 2579 nihil
1557 2517 1913 2599 scripserat
1969 2516 2095 2580 nisi
2161 2516 2335 2579 haec:
2403 2516 2957 2601 popularibus

662 2625 976 2709 quidem
1023 2624 1272 2706 (seinen
1321 2622 1790 2705 Landsleuten)
1838 2631 2149 2706 gratam
2209 2624 2408 2706 (nam
2477 2646 2563 2690 eo
2633 2646 2946 2708 quoque

662 2737 814 2799 iam
860 2733 1090 2799 favor
1136 2733 1415 2798 Persei
1460 2732 1822 2814 venerat)
1872 2734 2318 2799 orationem
2367 2732 2676 2798 habuit.
2744 2734 2849 2798 Ex
2894 2753 2946 2794 ι

661 2849 966 2927 gratam
1014 2850 1225 2907 ortum
1274 2843 1690 2924 ingratam.
1758 2840 1883 2906 Pro
1922 2826 2465 2925 popularibus
2512 2863 2711 2924 quum
2748 2842 2953 2907 libra·

659 2953 795 3017 rius
841 2952 1009 3017 male
1057 2950 1531 3035 popularem
1577 2950 1965 3032 scripsisset,
2000 2951 2322 3033 corrigere
2358 2949 2580 3014 volens
2620 2950 2949 3034 populis

659 3061 948 3144 scripsit,
997 3080 1161 3125 novo
1206 3058 1459 3138 mendo,
1517 3064 1591 3122 ut
1647 3057 1806 3124 alibi
1863 3080 1992 3124 non
2048 3078 2198 3122 raro
2267 3057 2417 3139 (vid.
2468 3081 2529 3142 p.
2576 3056 2751 3137 492).
2845 3057 2949 3121 Eo

658 3169 884 3233 referri
952 3173 1231 3253 apparet
1296 3168 1379 3231 ad
1444 3167 1747 3231 Rhodum
1816 3164 2331 3253 popularium
2400 3167 2656 3231 nomine
2703 3164 2948 3249 signifi-

661 3277 966 3358 catam.¹)
1036 3274 1095 3358 [ξ
1125 3282 1202 3341 10
1249 3298 1283 3365 e
1321 3275 1559 3340 codicis
1598 3274 1722 3338 hac
1756 3274 2110 3356 scriptura:
2149 3273 2518 3356 donaque
2557 3274 2685 3338 cui
2720 3294 2951 3357 quam

660 3385 1163 3469 amplissima
1244 3384 1431 3447 data
1497 3384 1840 3467 perspicue
1910 3381 2222 3459 efficitur,
2300 3384 2647 3465 geminatis
2712 3382 2950 3447 litteris

660 3513 861 3575 quae
909 3491 1159 3576 (quae):
1206 3514 1367 3576 quae
1415 3493 1790 3575 cuiquam
1837 3491 2343 3574 amplissima
2400 3489 2778 3572 (umquam),
2826 3490 2948 3554 da-

656 3605 757 3664 ta.
853 3599 1063 3683 1864]

829 3707 983 3793 Cap.
1036 3713 1131 3787 15,
1190 3713 1225 3773 5
1288 3707 1396 3790 (de
1460 3708 1627 3788 1000,
1694 3707 1808 3773 ubi
1873 3707 2153 3773 Eumeni
2219 3706 2512 3791 Delphos
2580 3706 2951 3772 escendenti

654 3816 961 3881 Euander
1006 3824 1072 3882 et
1115 3817 1228 3881 alii
1271 3817 1562 3881 insidiati
1611 3816 1822 3895 sunt):
1885 3814 2551 3881 Escendentibus
2606 3815 2704 3879 ad
2760 3822 2947 3879 tem-

654 3924 867 4008 plum
911 3961 997 3971 —
1041 3926 1398 3990 maceria
1443 3932 1619 3990 erat
1685 3924 1780 4010 ab
1839 3924 2037 3988 laeva
2096 3924 2401 3988 semitae
2462 3923 2792 4006 paulum
2835 3943 2949 3986 ex·

708 4213 758 4280 ²)
797 4211 1079 4282 [Dubitari
1114 4215 1270 4269 nullo
1305 4214 1475 4269 modo
1511 4218 1719 4283 potest,
1768 4213 1902 4282 quin
1949 4230 2157 4267 nomen
2204 4211 2480 4282 principis
2528 4210 2824 4277 legationis
2857 4224 2951 4278 po·

792 4300 960 4353 situm
997 4300 1187 4368 fuerit,
1242 4300 1311 4354 de
1364 4318 1473 4369 quo
1510 4304 1708 4370 postea
1742 4300 1949 4370 agitur.
2022 4298 2168 4353 Eum
2223 4316 2338 4352 non
2389 4296 2561 4352 fuisse
2606 4295 2745 4350 falsa
2780 4297 2942 4348 simu·

788 4385 1049 4451 laturum,
1086 4391 1202 4439 tam
1237 4402 1500 4455 perversa
1534 4390 1623 4438 est
1660 4385 1839 4439 oratio
1877 4389 1935 4438 et
1968 4388 2093 4439 toto
2131 4402 2335 4454 genere
2374 4388 2432 4438 et
2465 4381 2624 4438 verbi
2660 4380 2853 4447 forma,
2888 4382 2950 4431 ut

789 4471 962 4525 mirer
994 4471 1217 4541 placere
1252 4470 1482 4524 Hertzio
1517 4470 1782 4540 potuisse.
1859 4468 2028 4538 1864]
