3230 5282
589 586 710 639 Lib.
750 584 996 638 XXXIV.
1676 572 1800 633 498

591 779 790 838 quum
866 764 896 820 t
910 777 1005 820 an
1020 763 1047 820 t
1064 777 1105 819 ιι
1120 777 1184 818 ιιι
1251 754 1334 818 ad
1405 776 1447 816 ιι
1464 775 1498 817 e
1515 775 1548 818 c
1617 762 1705 819 ut
1770 777 1805 815 v
1821 756 1840 818 i
1859 757 1934 818 vi
2002 757 2331 838 pertinere
2400 778 2528 822 non
2600 756 2901 820 animad-

590 871 975 928 verteretur.
991 863 1048 943 ¹)

762 971 918 1054 Cap.
971 974 1076 1049 13,
1136 976 1174 1032 4
1232 969 1341 1048 (de
1385 969 1470 1033 M.
1521 967 1768 1033 Catone
1817 970 2082 1034 consule
2128 972 2196 1035 in
2240 971 2563 1054 Hispania
2608 992 2744 1034 rem
2788 992 2895 1052 ge-

589 1080 834 1159 rente):
902 1079 1053 1144 Ubi
1123 1078 1330 1142 satis
1399 1076 1829 1141 admodum
1888 1086 1964 1141 et
2026 1100 2348 1142 suorum
2404 1087 2480 1144 et
2538 1079 2897 1143 hostium

421 1207 560 1271 (399)
599 1189 858 1252 animo
878 1209 909 1251 s
957 1195 1079 1252 est
1123 1193 1529 1268 expertus,
1580 1187 2013 1250 convocari
2060 1186 2442 1251 tribunos
2489 1221 2578 1230 --
2621 1187 2893 1251 iussit.

591 1294 803 1371 Quum
861 1293 1162 1358 Dukerus
1219 1292 1821 1370 animadvertisset,
1893 1294 2209 1357 inusitate
2286 1294 2415 1358 dici
2486 1316 2515 1358 s
2532 1295 2648 1357 ati
2667 1316 2696 1357 s
2757 1315 2796 1357 a
2809 1294 2850 1357 d
2868 1327 2893 1337 -

590 1424 651 1465 m
668 1424 704 1466 o
721 1402 762 1465 d
779 1423 821 1465 u
836 1423 900 1466 m
917 1451 931 1480 ,
991 1401 1293 1466 Handius
1310 1451 1324 1478 ,
1385 1401 1482 1463 vir
1538 1401 1603 1463 in
1664 1399 1788 1464 hoc
1832 1421 2071 1482 genere
2118 1401 2741 1482 interpretationum
2785 1422 2895 1465 ex-

589 1508 1088 1590 cogitandarum
1144 1529 1274 1573 non
1335 1506 1756 1572 mediocriter
1812 1509 2230 1579 exercitatus,
2298 1508 2484 1572 TurS.
2534 1509 2563 1571 I
2625 1532 2685 1591 p.
2742 1514 2855 1573 171
2874 1532 2889 1570 t

593 1616 826 1694 „Verte
873 1615 1104 1681 modo“
1154 1615 1371 1698 inquit
1423 1615 1589 1692 „ista
1626 1615 1829 1679 vexba
1867 1615 2387 1698 hinlanglich
2431 1637 2707 1698 genug‚
2754 1638 2894 1698 gar

588 1746 628 1806 g
641 1746 675 1788 e
690 1746 731 1787 ιι
745 1746 787 1787 ιι
801 1728 876 1804 g·‘
899 1748 913 1802 ;
960 1722 1349 1806 exemplum,
1397 1721 1510 1785 ubi
1547 1723 1642 1786 sic
1691 1721 2041 1800 diceretur,
2090 1745 2222 1787 non
2269 1722 2542 1802 addidit,
2591 1744 2710 1787 nec
2756 1744 2795 1786 a
2810 1724 2851 1787 d
2866 1760 2891 1769 ·

587 1854 650 1895 111
666 1853 702 1895 o
723 1832 764 1895 d
778 1854 821 1895 u
836 1854 900 1895 m
944 1852 1089 1896 esse
1137 1831 1180 1893 h
1198 1831 1273 1894 ιιι
1287 1830 1309 1893 l
1325 1836 1415 1893 an
1430 1829 1508 1910 gl
1524 1830 1544 1892 i
1562 1829 1654 1892 ch
1701 1829 1836 1893 ullo
1884 1836 2266 1912 argumento
2317 1830 2646 1911 probavit;
2692 1852 2772 1894 ne
2822 1830 2889 1894 id

588 1939 852 2019 quidem
876 1937 1207 2020 cogitavit,
1227 1938 1606 2002 dicturusne
1634 1937 1983 2019 quisquam
2008 1958 2297 2019 unquam
2314 1936 2678 2002 Germanus
2696 1947 2888 2015 esset,

587 2067 785 2128 quum
863 2046 948 2110 ad
1014 2046 1180 2109 Livii
1245 2043 1521 2109 formam
1589 2044 1936 2108 historiam
2005 2051 2335 2120 narraret,
2420 2066 2460 2126 g
2474 2066 2513 2108 a
2531 2067 2562 2107 r
2639 2066 2679 2127 g
2695 2066 2727 2108 e
2742 2066 2783 2107 ιι
2796 2066 2838 2109 ιι
2851 2065 2891 2126 g

585 2176 626 2236 p
642 2175 675 2216 r
692 2160 735 2217 ii
751 2154 783 2217 f
790 2174 825 2217 e
840 2175 903 2216 ιι.
1015 2143 1143 2218 Sed
1209 2153 1276 2215 in
1332 2150 1385 2214 B
1446 2151 1554 2231 (de
1611 2150 1675 2213 M
1736 2150 1994 2230 siletur)
2062 2151 2313 2215 nullum
2383 2152 2726 2231 vestigium
2793 2158 2891 2215 est

583 2243 759 2324 vocis
806 2282 835 2324 s
850 2281 891 2324 a
903 2267 930 2324 t
943 2261 965 2323 i
977 2282 1027 2323 s.
1121 2260 1358 2322 Verum
1405 2280 1486 2322 ne
1533 2280 1573 2321 a
1587 2258 1629 2321 d
1644 2280 1707 2320 m
1721 2278 1757 2321 o
1774 2258 1815 2321 d
1829 2278 1870 2320 ιι
1884 2279 1948 2320 ιιι
1994 2257 2258 2338 quidem
2305 2257 2467 2322 Cato
2518 2280 2781 2323 suorum
2827 2267 2890 2321 et

584 2367 876 2431 hostium
934 2368 1188 2431 animos
1246 2373 1554 2448 expertus
1611 2386 1751 2428 esse
1806 2372 1961 2446 apte
2021 2365 2290 2444 dicitur3
2358 2387 2557 2429 unum
2604 2366 2730 2428 dici
2776 2386 2888 2447 po-

585 2483 760 2538 terat
775 2524 790 2552 ,
860 2496 889 2538 s
905 2476 1065 2538 atis
1082 2497 1096 2551 3
1164 2472 1279 2537 sed
1337 2494 1538 2554 quum
1585 2479 1933 2554 expertum
1979 2493 2124 2536 esse
2172 2495 2320 2536 eum
2369 2474 2621 2537 animos
2669 2472 2888 2536 Livius

582 2588 915 2660 narraret,
972 2579 1166 2645 facile
1211 2579 1733 2663 intellegebatur,
1792 2601 1821 2643 s
1838 2586 1917 2643 at
1933 2581 1954 2644 i
1969 2601 1999 2644 s
2048 2589 2403 2663 expertum.
2511 2581 2712 2645 Recte
2759 2580 2889 2644 Du-

584 2689 779 2754 kerus
836 2689 1151 2753 iudicavit
1195 2688 1448 2752 Livium
1506 2689 1843 2771 scripsisse
1862 2711 1873 2750 :
1943 2709 1985 2750 ιι
2000 2687 2076 2751 bi
2146 2710 2185 2752 a
2199 2689 2240 2751 d
2309 2687 2350 2751 h
2365 2710 2407 2751 u
2421 2710 2462 2751 n
2480 2709 2514 2752 c
2578 2711 2643 2752 m
2658 2712 2695 2752 o
2713 2689 2753 2752 d
2772 2710 2812 2751 u
2828 2709 2891 2751 m

585 2798 738 2867 (nisi
795 2797 971 2877 quod
1028 2799 1086 2861 is
1102 2846 1116 2875 ,
1186 2796 1563 2860 omittendae
1621 2796 1894 2860 alterius
1951 2796 2130 2859 vocis
2189 2797 2653 2860 auctoritatem
2711 2797 2888 2877 igno-

586 2925 760 2982 ranS,
808 2906 967 2968 sati
985 2926 1014 2968 s
1063 2905 1158 2968 ad
1206 2904 1412 2966 hunc
1460 2902 1768 2967 modum
1814 2901 2081 2984 posuit).
2165 2901 2413 2984 [Satis
2461 2925 2679 2969 errore
2725 2905 2792 2967 in
2837 2904 2889 2965 B

585 3009 957 3093 omittitur]
1071 3010 1385 3093 Sequitur
1441 3009 1640 3092 paulo
1700 3017 1850 3092 post
1907 3007 1940 3089 ξ
2005 3015 2039 3072 7
2100 3011 2166 3073 ιιι
2212 3008 2481 3074 Catonis
2542 3011 2719 3093 apud
2777 3012 2889 3074 tri-

584 3119 800 3183 bunos
848 3116 1318 3201 praefectosque
1366 3124 1432 3181 et
1479 3124 1736 3182 ceteros
1785 3123 2174 3181 convocatos
2222 3118 2521 3182 oratione
2541 3141 2553 3180 τ
2602 3118 2651 3181 Ρ
2670 3140 2710 3183 a
2723 3126 2750 3182 t
2764 3140 2797 3182 r
2812 3139 2845 3183 e
2861 3140 2891 3182 s

585 3227 845 3290 nostri
906 3247 1143 3308 quum
1188 3224 1592 3307 Hispania
1640 3222 2451 3305 Carthaginiensium
2509 3233 2588 3288 et
2647 3228 2891 3307 impe-

584 3341 906 3397 ratores
952 3332 1070 3395 ibi
1116 3338 1192 3394 et
1238 3332 1607 3396 exercitu
1628 3353 1657 3394 s
1706 3336 2008 3406 essent,
2077 3331 2154 3412 ip
2175 3333 2241 3393 si
2299 3332 2608 3396 nullum
2668 3335 2741 3395 in
2802 3353 2893 3394 ea

585 3439 923 3503 militem
1000 3437 1152 3502 hab
1173 3445 1427 3514 erent,
1496 3445 1762 3502 tamen
1830 3436 2126 3500 addere
2193 3438 2339 3501 hoc
2404 3440 2481 3502 in
2552 3438 2736 3503 foed
2757 3460 2891 3502 ere

585 3546 1044 3625 voluerunt,
1112 3553 1198 3610 ut
1264 3547 1594 3628 imperii
1664 3547 1784 3609 sui
1854 3544 2207 3608 Hiberus
2276 3544 2587 3611 fluvius
2672 3552 2892 3611 esset

585 3655 617 3718 f
625 3655 647 3716 i
661 3675 701 3716 n
722 3654 741 3715 i
761 3675 812 3718 s.
923 3654 1215 3717 Primum
1287 3652 1703 3717 vehementer
1761 3652 2034 3716 offendit
2091 3652 2356 3716 verbum
2414 3653 2892 3717 substantivum

644 3903 690 3967 ¹)
730 3904 889 3971 Quod
934 3905 1160 3972 quidam
1204 3922 1383 3974 nuper
1425 3905 1516 3959 hic
1564 3923 1661 3958 sex
1693 3905 1865 3958 verba
1900 3903 2033 3980 tolli·
2062 3905 2361 3960 voluerunt
2396 3907 2531 3974 (hic
2568 3908 2788 3961 Romae
2823 3935 2893 3945 —

722 3990 1076 4056 vicorum),
1132 3991 1443 4045 rectissime
1479 3989 1765 4055 Valerius,
1823 3989 1915 4056 qui
1963 3989 2311 4044 coloniarum
2356 3999 2413 4044 et
2458 3994 2893 4061 municipiorum

720 4075 1086 4143 magistratus
1124 4078 1606 4142 commemoravit,
1649 4075 1786 4142 quid
1823 4074 1932 4126 hic
1968 4071 2190 4127 Romae
2227 4074 2344 4143 fiat,
2386 4078 2671 4144 admonet,
2711 4096 2890 4146 neque

721 4159 898 4211 ullum
945 4161 1174 4213 omnino
1220 4162 1281 4213 in
1316 4160 1461 4213 Livii
1506 4158 1798 4212 codicibus
1846 4166 1931 4211 est
1977 4160 2278 4227 vestigium
2313 4161 2633 4215 huiusmodi
2670 4162 2886 4215 addita·

720 4252 1040 4297 mentorum
1084 4261 1258 4298 novas
1305 4260 1536 4313 prorsus
1582 4259 1673 4296 res
1711 4242 1784 4296 ad
1821 4259 1944 4307 eas,
2001 4261 2133 4311 quas
2171 4245 2362 4299 Livius
2408 4249 2888 4315 commemoravit,

724 4327 1162 4396 adiungentium.
1245 4329 1403 4381 Idem
1438 4328 1575 4380 mihi
1612 4327 1682 4380 de
1719 4345 1765 4380 c.
1809 4330 1886 4394 16,
1941 4330 2073 4381 l-3
2110 4329 2323 4384 dictum
2361 4340 2498 4386 esto.
2580 4333 2891 4386 Pet-multas

722 4412 951 4467 lacunas
990 4420 1305 4467 ceterorum
1342 4411 1598 4466 codicum
1636 4413 1830 4479 (etiam
1865 4413 1936 4478 B)
1976 4413 2126 4467 solus
2163 4414 2221 4468 M
2258 4418 2459 4484 explet.
