3230 5282
1470 652 1595 711 407
2273 662 2398 717 Lib.
2435 661 2689 716 XXVIII.

380 838 473 894 ἐπὶ
530 843 638 893 τῶν
698 839 935 913 κεράτων
992 840 1388 915 παρεμβάλλειν
1451 834 1806 917 (Hispanos
1876 834 1943 897 in
2013 834 2322 898 cornibus
2391 831 2685 916 ponere),

377 938 870 1005 Hasdrubalem
915 947 1137 1004 autem
1183 939 1244 1022 (ξ
1293 942 1358 1022 2)
1404 949 1471 1002 τὰ
1514 950 1693 1022 θηρία
1740 950 2124 1022 προτίθεσθαι
2157 977 2240 985 --
2282 950 2392 1003 τῶν
2437 948 2685 1022 κεράτων.

382 1046 587 1110 Paulo
623 1053 778 1130 post
817 1045 878 1129 (ξ
915 1047 979 1128 6)
1016 1054 1195 1112 recte
1229 1049 1296 1111 in
1332 1049 1519 1113 codd.
1549 1048 1943 1131 quibusdam
1966 1070 2131 1112 rece.
2160 1049 2470 1113 scribitur
2506 1048 2686 1129 (con-

375 1152 691 1235 iectura):
753 1154 895 1219 ubi
940 1153 1100 1219 haec
1149 1156 1569 1220 obstinate
1617 1156 1844 1221 credi
1890 1156 2495 1235 animadvertit,
2554 1178 2684 1220 non

377 1260 723 1340 credita,
802 1262 870 1325 in
950 1285 1078 1345 quo
1156 1284 1363 1345 prava
1435 1265 1754 1346 temporis
1821 1263 2214 1346 significatio
2283 1270 2416 1343 est3
2498 1271 2683 1328 ortus

380 1388 565 1433 error
622 1390 699 1432 ex
744 1352 1182 1450 geminatione
1229 1371 1466 1435 litterae
1513 1390 1549 1432 a
1595 1369 1958 1452 (credia).
2058 1371 2398 1436 Postremo
2444 1372 2511 1434 in
2554 1369 2682 1434 fine

377 1477 615 1559 capitis
663 1474 725 1558 (ἓ
775 1476 902 1557 20),
960 1477 1075 1541 ubi
1123 1478 1464 1543 scribitur:
1529 1500 1772 1560 eques
1827 1479 2191 1561 levisque
2251 1485 2681 1557 armatura,

378 1584 702 1662 velites,
770 1584 1362 1650 circumductis
1431 1586 1588 1650 alis
1648 1588 1728 1649 in
1782 1586 2057 1651 latera
2114 1584 2681 1664 incurrebant,

376 1712 645 1774 prorsus
692 1712 733 1754 a
775 1691 940 1755 Livii
989 1692 1460 1757 consuetudine
1509 1693 1825 1757 abhorret
1868 1694 2000 1770 illa,
2059 1693 2366 1775 apposito
2411 1693 2682 1756 velitum

376 1798 717 1876 vocabulo,
767 1799 1149 1878 declaratio,
1197 1821 1341 1882 quae
1386 1800 1587 1863 fuerit
1628 1800 1789 1864 levis
1835 1806 2203 1880 armatura3
2251 1806 2318 1864 et
2360 1807 2682 1883 praeterea

376 1926 417 1969 a
462 1905 588 1969 levi
634 1912 975 1970 armatura
1018 1907 1246 1972 velites
1294 1908 1731 1989 seiunguntur
1775 1905 2083 1991 proximo
2119 1909 2336 1990 capite
2374 1905 2572 1988 (15)§
2609 1913 2676 1970 5:

376 2035 642 2096 pugna
735 2015 1103 2097 equitum
1182 2015 1690 2097 velitumque
1771 2020 1848 2078 et
1926 2014 2124 2079 levis
2206 2021 2675 2094 armaturae;

376 2127 576 2201 atque
625 2122 823 2185 etiam
872 2143 923 2186 c.
977 2127 1083 2201 16,
1144 2129 1212 2202 5,
1270 2123 1387 2187 ubi
1442 2123 1744 2188 velites
1791 2121 2267 2203 auxiliaque
2312 2122 2675 2214 peditum

374 2228 873 2310 coniunguntur,
921 2230 1167 2294 auxilia
1211 2230 1327 2294 illa
1369 2231 1530 2294 levis
1576 2238 1915 2295 armatura
1961 2236 2091 2308 est3
2137 2230 2460 2294 sociorum
2505 2230 2677 2293 enim

375 2355 456 2400 ea
490 2335 627 2400 fere
664 2336 1099 2419 intellegitur3
1135 2339 1364 2402 velites
1387 2339 1667 2403 Romani
1701 2338 2032 2402 interdum
2066 2337 2180 2403 illo
2216 2338 2478 2401 nomine
2502 2359 2677 2401 com-

372 2441 869 2526 prehenduntur
903 2427 1022 2524 (ut
1037 2446 1181 2527 ipso
1221 2447 1438 2527 capite
1469 2451 1565 2525 16,
1591 2447 1680 2527 4),
1718 2446 1878 2511 alibi
1911 2468 2028 2510 suo
2068 2446 2346 2523 nomine,
2382 2427 2676 2509 seorsum

374 2550 460 2614 ab
496 2551 628 2628 illa,
668 2552 1033 2633 signantur.
1103 2553 1339 2635 Itaque
1377 2554 1795 2618 scribendum
1832 2560 1960 2618 est:
2013 2575 2262 2635 eques
2298 2553 2674 2634 levisque

370 2667 797 2737 armatura
832 2679 915 2721 ac
955 2660 1271 2726 velites.
1344 2660 1537 2743 [Edd.
1574 2669 1762 2726 vett:
1804 2670 1882 2726 et
1919 2659 2259 2742 velites]
2319 2661 2447 2726 Sed
2482 2661 2672 2724 simul

371 2790 450 2832 ex
485 2767 598 2830 illo
624 2768 858 2849 capitis
890 2772 964 2830 16
988 2766 1132 2833 loco
1155 2768 1295 2833 leve
1320 2770 1509 2834 unius
1532 2770 1769 2834 litterae
1796 2769 2098 2834 mendum
2121 2768 2448 2832 tollamus.
2495 2767 2663 2830 Nam
2701 2778 2844 2845 (333)

369 2875 461 2939 ibi
489 2873 552 2955 (ἓ
578 2881 615 2937 4
642 2882 707 2938 et
732 2876 796 2954 5)
825 2876 918 2939 sic
952 2876 1365 2940 scribendum
1402 2884 1532 2941 est:
1571 2878 1830 2959 Eques
1864 2875 2226 2958 levisque
2263 2881 2673 2938 armatura

369 3003 575 3045 nunc
620 2981 714 3045 ab
762 2988 1009 3064 tergo,
1072 3005 1275 3046 nunc
1321 2982 1417 3046 ab
1464 2983 1880 3047 lateribus
1929 2982 2433 3047 occurrendo
2480 2981 2670 3045 fati-

358 3089 620 3171 gabat
699 3089 1368 3173 morabatur-que,
1462 3098 1530 3152 et
1605 3071 1849 3171 quum
1944 3090 2037 3153 ad
2121 3088 2458 3153 crebros
2540 3092 2669 3153 tu-

368 3196 674 3260 multus
731 3197 967 3278 signa
1024 3197 1597 3261 subsisterent
1659 3233 1768 3275 —‚
1843 3204 2496 3278 supervenerunt
2550 3197 2668 3260 le-

370 3305 688 3386 giones;
734 3303 928 3385 vulgo
976 3305 1111 3368 sed
1160 3304 1493 3384 scribitur,
1541 3326 1684 3386 quae
1721 3306 2051 3386 particula
2089 3305 2171 3368 ab
2209 3305 2336 3368 hac
2375 3304 2669 3368 eiusdem

367 3412 463 3476 rei
509 3413 1006 3476 continuatione
1054 3420 1120 3476 et
1167 3412 1438 3477 effectus
1486 3411 1966 3494 significatione
2014 3413 2228 3476 aliena
2275 3412 2462 3493 est.¹)

542 3517 696 3601 Cap.
750 3523 848 3598 18,
912 3525 1017 3582 10:
1076 3521 1510 3584 traiecisse
1557 3542 1737 3584 sese
1784 3522 1860 3584 in
1907 3519 2297 3584 hostilem
2343 3528 2666 3598 terram,

367 3627 678 3709 regiam
733 3626 812 3689 in
857 3626 1101 3691 fidem
1147 3628 1685 3709 inexpertam.
1778 3628 2213 3692 Vehementer
2259 3627 2529 3692 offendit
2574 3628 2668 3693 al-

367 3740 582 3797 terum
628 3734 1021 3797 adiectivum
1067 3743 1219 3799 ante
1267 3737 1829 3818 praepositionem,
1885 3737 1952 3799 iu
2009 3735 2349 3819 anaphora
2395 3759 2666 3818 praeser-

366 3842 516 3919 tim,
578 3843 885 3925 positum.
999 3842 1274 3906 Videtur
1329 3842 1561 3907 fuisse:
1620 3845 1697 3907 in
1756 3842 2142 3908 hostilem
2199 3849 2529 3923 terram,
2589 3846 2667 3908 in

366 3951 674 4031 regiam
720 3947 1126 4031 (Syphacis),
1184 3951 1262 4013 in
1307 3949 1552 4015 fidem
1600 3953 2130 4035 inexpertam,
2180 3952 2368 4015 etin
2413 3958 2565 4034 post
2611 3972 2666 4012 m

364 4057 799 4121 intercidisse.

421 4257 468 4325 ¹)
507 4257 639 4326 Cap.
682 4261 770 4323 13,
817 4260 850 4310 8
886 4258 1260 4326 supplendum
1295 4261 1484 4328 potius
1520 4261 1883 4314 instarent
1917 4260 2144 4326 (fessis
2184 4260 2663 4330 Carthaginiensi-

500 4343 607 4396 bus
654 4349 712 4397 et
745 4342 1027 4408 Numidis)
1065 4361 1230 4411 quam
1278 4345 1619 4398 subirent.
1713 4345 1866 4414 [Cap.
1910 4348 1997 4410 17,
2046 4349 2103 4399 2:
2153 4347 2507 4401 scribendum
2554 4352 2663 4399 est:

497 4456 570 4465 —
602 4428 877 4482 Romam
916 4435 1023 4481 est
1056 4429 1339 4496 missus;
1379 4431 1497 4483 sed
1537 4448 1738 4497 quum
1777 4436 1880 4484 cet.
1917 4449 2025 4499 pro
2062 4449 2145 4496 eo,
2175 4432 2325 4499 quod
2354 4433 2560 4485 editur:
2599 4436 2669 4484 et

501 4530 720 4580 quum.
800 4510 968 4579 1863]
