3230 5282
558 618 682 672 Lib.
719 618 969 671 XXVIII.
1650 608 1776 667 410

559 790 827 869 mod0,
891 791 1050 871 qui,
1111 789 1202 853 de
1260 811 1411 871 quo
1460 790 1963 869 consulitur,
1999 811 2163 855 ‘suo
2208 791 2386 856 loco
2433 791 2641 856 dicit
2686 814 2864 857 sen-

559 899 930 963 tentiam.
1043 896 1110 961 Si
1168 896 1308 961 haec
1367 918 1527 961 sana
1584 904 1765 978 sunt,
1824 897 1898 975 Q.
1944 896 2216 976 Fabius,
2274 919 2402 979 quo
2451 898 2614 963 nihil
2658 901 2863 982 magis

559 1006 909 1070 ridiculum
979 1026 1440 1088 perversumve
1497 1004 1656 1086 fingi
1713 1012 1963 1088 potest,
2031 1005 2100 1069 in
2168 1006 2310 1088 ipso
2383 1007 2649 1072 exordio
2718 1029 2863 1072 ora-

559 1114 757 1178 tionis
826 1134 894 1177 se
962 1113 1100 1195 ipse
1167 1134 1443 1195 peccare
1515 1113 1701 1192 dicit,
1770 1114 1883 1195 qui
1951 1115 2317 1177 orationem
2389 1114 2661 1193 habeat,
2729 1137 2860 1180 non

558 1223 773 1285 minus
821 1242 1018 1302 quam
1065 1219 1465 1303 Scipionem3
1533 1241 1687 1283 nam
1733 1219 1874 1285 haec
1919 1222 2270 1285 sententia:
2339 1222 2505 1302 qui,
2564 1221 2655 1285 de
2713 1244 2860 1304 quo

559 1328 1024 1392 consulitur
1069 1336 1190 1391 cet.
1239 1334 1468 1410 aperte
1514 1328 1875 1409 respondet
1918 1329 2240 1411 superiori
2286 1328 2409 1391 illi:
2469 1330 2600 1410 qui
2646 1330 2736 1393 de
2781 1350 2861 1393 re

556 1443 992 1502 transacta
1060 1442 1181 1499 cet.
1243 1435 1602 1517 eodemque
1669 1435 1975 1499 refertur.
2096 1434 2515 1500 Manifestum
2585 1444 2713 1516 est,
2785 1437 2858 1515 Q.

557 1543 836 1607 Fab'ium
895 1565 934 1606 a
993 1564 1060 1606 se
1118 1542 1380 1626 culpam
1436 1564 1737 1606 amovere
1796 1548 1862 1605 et
1919 1543 1988 1605 in
2034 1542 2405 1626 Scipionem
2450 1550 2662 1608 totam
2710 1566 2860 1609 con·

555 1653 723 1716 ferre
769 1659 966 1732 atque
1012 1649 1226 1728 illum,
1295 1650 1474 1733 quod
1517 1671 1649 1713 non
1697 1648 2024 1728 debuerit,
2090 1649 2305 1714 facere
2352 1650 2596 1727 dicere,
2655 1673 2726 1715 se
2772 1653 2857 1730 id,

558 1759 733 1843 quod
781 1758 1063 1823 officium
1110 1764 1319 1839 cogat.
1420 1756 1778 1822 Verissime
1836 1758 2040 1839 igitur
2086 1763 2154 1821 et
2197 1756 2551 1822 Rhenanus
2599 1765 2666 1822 et
2710 1766 2859 1823 ante

386 1882 526 1950 (336)
564 1890 711 1932 eum
757 1867 1020 1948 ignotus
1065 1865 1291 1942 hom0,
1349 1866 1531 1928 cui‘us
1590 1865 2115 1929 emendationem
2160 1870 2296 1928 tres
2343 1866 2520 1947 apud
2565 1865 2861 1930 Draken-

557 1974 903 2060 borchium
949 1972 1205 2036 codices
1247 1979 1546 2037 recentes
1593 1972 1861 2048 habent,
1911 1973 2181 2037 sublata
2224 1994 2382 2038 voce
2430 1974 2684 2052 mod0‚
2733 1996 2860 2057 qua

556 2091 701 2148 tota
756 2081 1084 2146 sententia
1141 2080 1485 2166 evertitur,
1548 2081 1643 2142 sic
1700 2081 2132 2162 scripserunt:
2203 2081 2609 2145 consulem
2671 2103 2859 2164 pec-

557 2211 742 2254 care
802 2187 1191 2264 arbitror,
1249 2186 1383 2266 qui
1428 2220 1544 2265 —,
1603 2209 1757 2250 non
1805 2195 2296 2266 senatorem,
2357 2190 2495 2271 qui
2542 2197 2663 2253 cet.
2757 2188 2854 2253 Si-

555 2298 736 2361 milia
794 2294 1246 2359 additamenta
1304 2315 1384 2357 ex
1441 2293 1565 2357 hac
1612 2294 1853 2359 decade
1899 2298 2089 2379 posui
2141 2319 2200 2379 p.
2250 2296 2463 2377 208.¹)
2568 2296 2664 2377 (Si
2711 2297 2857 2379 quis

557 2403 901 2468 conabitur
967 2423 1117 2465 non
1186 2409 1648 2465 senatorem
1716 2403 1943 2467 modo
2015 2405 2409 2486 coniungere
2480 2425 2626 2468 cum
2695 2404 2856 2468 illis:

555 2517 919 2577 senatum
976 2509 1132 2576 Iud.
1179 2509 1454 2588 habet,
1516 2509 1861 2574 ridiculam
1920 2509 2162 2576 efficiet
2221 2512 2700 2593 separationem
2760 2532 2862 2574 se-

554 2626 748 2685 natus
816 2624 881 2682 et
951 2618 1141 2681 unius
1212 2617 1536 2683 senatoris
1593 2618 2001 2701 adiectaeque
2056 2618 2232 2682 illius
2292 2619 2630 2682 sententiae
2686 2617 2858 2682 rela-

553 2730 729 2793 tivae:
787 2727 939 2809 qui,
998 2725 1086 2789 de
1135 2744 1284 2810 quo
1332 2733 1454 2790 cet.
1501 2727 1825 2789 rationem
1872 2746 2143 2808 prorsus
2189 2723 2567 2807 pervertet.)
2659 2723 2857 2806 [Rhe-

552 2857 762 2900 nanus
833 2835 1207 2918 Spirensem
1274 2840 1539 2898 secutus
1608 2840 1771 2897 erat.
1862 2831 1894 2913 ἓ
1952 2836 1989 2894 2
2046 2831 2148 2895 bis
2194 2829 2523 2913 particula
2569 2837 2647 2894 et
2702 2839 2855 2913 post

551 2944 820 3008 verbum
913 2942 1139 3005 iisdem
1231 2941 1472 3005 litteris
1548 2942 1974 3004 terminatum
2031 2937 2303 3017 excidit,
2360 2939 2645 3021 primum
2701 2946 2855 3022 post

552 3056 1190 3133 transportaret,
1236 3049 1347 3113 ubi
1394 3050 1459 3112 in
1508 3048 1655 3111 edd.
1696 3054 1848 3111 vett.
1886 3046 2169 3125 additur,
2219 3046 2453 3111 deinde
2500 3053 2650 3129 post
2695 3047 2859 3130 pla-

552 3166 805 3237 ceret,
884 3158 994 3222 ubi
1065 3164 1218 3221 ante
1290 3157 1388 3220 W.
1448 3155 1768 3219 edebatur
1835 3156 2274 3239 ceterique.
2386 3153 2640 3219 Neutro
2710 3155 2851 3218 loco

552 3260 916 3350 asyndeton
980 3264 1138 3328 ferri
1203 3269 1442 3347 potest.
1557 3262 1590 3344 ἓ
1651 3267 1687 3325 9
1743 3264 1989 3326 rectius
2044 3261 2317 3327 fortasse
2374 3262 2596 3326 Livius
2654 3262 2857 3345 scrip-

607 3522 656 3587 ¹)
691 3521 861 3574 Libet
907 3538 1032 3573 cum
1078 3522 1482 3589 antiquissimae
1529 3523 1587 3575 in
1631 3500 1880 3576 Livianis
1929 3520 2214 3576 codicibus
2258 3521 2707 3589 interpolationis
2757 3515 2848 3574 ex-

688 3605 883 3674 emplis
934 3611 1077 3659 ortas
1124 3624 1192 3658 ex
1237 3624 1410 3675 pravo
1457 3608 1754 3660 intellectu
1800 3607 2097 3661 sententiae
2137 3624 2250 3659 non
2287 3605 2529 3659 difficilis
2566 3611 2621 3659 et
2657 3606 2852 3659 formae

689 3690 963 3743 orationis
1028 3692 1342 3759 perspicuae
1406 3693 1747 3760 coniungere
1810 3692 1990 3745 simile
2045 3691 2359 3758 exemplum
2416 3709 2483 3744 ex
2536 3692 2855 3758 antiquiore

689 3775 970 3829 Ciceronis
1026 3775 1247 3840 codice,
1304 3793 1468 3842 quam
1514 3776 1781 3830 Livianus
1831 3778 1975 3830 ullus
2022 3782 2134 3841 est,
2188 3776 2704 3829 manifestissimum
2752 3792 2853 3828 nec

687 3868 874 3914 tamen
914 3878 946 3912 a
981 3877 1264 3927 quoquam
1301 3860 1767 3915 animadversum.
1841 3861 1981 3915 Nam
2023 3861 2091 3915 de
2127 3861 2191 3914 R.
2224 3861 2283 3914 P.
2304 3861 2354 3928 1,
2388 3864 2470 3926 34,
2507 3863 2591 3927 51,
2629 3860 2719 3911 ubi
2760 3858 2850 3911 Ci-

687 3962 818 3999 cero
874 3946 1121 4013 scripsit:
1179 3962 1396 3997 neuneu
1451 3945 1561 3998 illi
1615 3946 1981 4014 principes
2039 3947 2445 4015 optimatium
2504 3944 2851 3997 mordicus

687 4033 933 4097 tenent,
998 4047 1060 4083 re
1125 4036 1353 4084 autem
1418 4034 1662 4096 carent,
1728 4030 1994 4085 librarius
2057 4049 2227 4099 quum
2291 4049 2361 4084 re
2425 4046 2525 4097 pro
2581 4028 2847 4083 adverbio

685 4133 929 4183 reapse
965 4116 1301 4183 accepisset,
1350 4115 1559 4168 additis
1595 4116 1830 4169 vocibus
1868 4134 1941 4169 eo
1979 4118 2262 4182 nomine,
2308 4115 2578 4168 orationis
2616 4114 2855 4166 formam

688 4204 744 4253 et
797 4201 1176 4253 membrorum
1233 4201 1480 4269 pondere
1527 4201 1927 4269 insignitorum
1972 4202 2120 4254 inter
2169 4219 2225 4254 se
2272 4200 2630 4266 relationem,
2688 4216 2853 4266 quam

687 4287 997 4339 litterarum
1044 4284 1236 4337 formis
1283 4285 1623 4355 significavi,
1677 4286 2065 4355 pessumdedit
2109 4285 2427 4353 effecitque,
2483 4290 2547 4337 ut
2594 4283 2856 4337 dicantur

684 4372 972 4439 principes
1009 4370 1090 4422 illi
1128 4387 1317 4423 carere
1355 4388 1419 4423 eo
1458 4371 1704 4439 nomine,
1753 4372 1903 4440 quod
1939 4376 2186 4424 teneant.
2268 4369 2394 4423 Non
2434 4370 2661 4422 nomine
2698 4385 2850 4421 care·

687 4458 844 4523 bant,
883 4456 981 4510 sed
1021 4473 1095 4507 re.
