3230 5282
583 590 707 644 Lib.
745 589 841 642 IX.
1686 579 1810 639 214

592 763 746 827 dere
792 761 1109 826 voluisset
1125 811 1138 838 ,
1207 761 1275 824 in
1333 760 1610 825 eundem
1668 762 2011 826 sententiae
2068 760 2287 826 locum
2330 760 2705 825 necessario
2755 781 2912 825 con-

587 872 854 935 iecisset
912 875 977 934 et
1038 870 1131 933 sic
1191 870 1671 933 coniunxisset:
1741 871 2218 952 priusquam
2274 862 2699 934 nominare
2717 876 2913 933 ntur

588 998 736 1062 apu
757 979 800 1043 d
859 977 1376 1055 dictatorem,
1449 977 1614 1041 sive
1684 977 1928 1042 timor
1986 998 2125 1042 seu
2184 978 2718 1042 conscientiae
2775 978 2912 1053 vis,

586 1107 801 1151 mors
882 1090 1105 1149 certe
1183 1083 1276 1148 ab
1346 1086 1548 1168 ipsis
1618 1105 1651 1148 c
1671 1105 1767 1150 on
1787 1086 2003 1151 scita
2071 1085 2387 1149 iudicio
2458 1085 2908 1149 subtraxit.

587 1194 757 1258 Nam
818 1214 851 1256 c
868 1200 992 1257 ert
1008 1213 1042 1256 e
1099 1198 1241 1256 tum
1303 1190 1652 1255 dicendum
1696 1192 1959 1271 fuisset,
2029 1201 2104 1257 ut
2151 1192 2640 1275 significaretur
2658 1243 2672 1270 ,
2744 1193 2911 1256 nihil

589 1302 674 1367 ad
717 1323 857 1365 rem
901 1300 1250 1384 pertinere,
1310 1306 1530 1363 utrum
1574 1298 1841 1379 fuisset;
1910 1321 2082 1364 nune
2129 1299 2197 1363 id
2242 1307 2502 1365 tantum
2548 1299 2731 1378 dicit,
2781 1320 2913 1363 non

589 1409 861 1475 dubium
933 1428 1075 1472 esse
1089 1457 1103 1485 ,
1185 1408 1342 1487 quin
1419 1407 1794 1471 voluntaria
1859 1429 2034 1472 mors
2100 1407 2319 1472 fuerit.
2448 1406 2576 1472 Sed
2642 1410 2912 1472 omnino

588 1519 786 1583 timor
853 1522 919 1581 et
974 1515 1389 1579 conscientiae
1446 1515 1541 1578 vis
1558 1565 1572 1593 ‚
1643 1516 1767 1578 etsi
1825 1516 2058 1580 mortis
2117 1521 2272 1579 sunt
2332 1536 2549 1579 oausae
2566 1565 2580 1592 ‚
2650 1517 2913 1598 species

588 1634 810 1690 tamen
876 1624 1108 1688 mortis
1176 1643 1306 1685 non
1377 1627 1533 1686 sunt
1598 1643 1720 1686 neo
1786 1630 2068 1706 possunt
2125 1625 2219 1687 sio
2280 1624 2697 1706 appositione
2761 1645 2914 1687 oum

587 1733 820 1798 mortis
876 1732 1136 1795 nomine
1186 1730 1508 1812 coniungi.
1622 1729 1965 1795 Facillima
2011 1737 2112 1795 est
2157 1730 2527 1795 emendatio
2545 1755 2558 1810 3
2626 1752 2786 1794 nam
2834 1752 2915 1795 ex

589 1844 630 1904 Ε
697 1842 765 1904 in
834 1860 868 1902 o
882 1861 919 1904 o
935 1862 978 1904 n
993 1861 1023 1902 s
1040 1858 1073 1901 o
1087 1838 1109 1901 i
1125 1859 1158 1901 e
1173 1860 1216 1900 n
1230 1838 1346 1900 tia
1362 1858 1396 1901 e
1473 1837 1848 1902 faciendum
1914 1839 1951 1898 F
1965 1889 1979 1916 ,
2071 1844 2394 1921 praeterea
2473 1858 2602 1901 una
2679 1837 2915 1904 littera

588 1948 908 2013 mutanda
954 1946 1005 2027 (t
1049 1967 1169 2028 pro
1206 1945 1291 2025 s):
1341 1944 1660 2027 Itaque,
1710 1947 1874 2010 sive
1921 1948 2160 2010 timor
2208 1968 2345 2011 seu
2393 1946 2917 2011 conscientia

591 2055 763 2135 runt,
814 2054 1191 2119 Calavios
1226 2088 1312 2097 —
1346 2075 1555 2118 mors
1589 2089 1676 2097 —
1699 2053 2006 2119 iudicio
2053 2053 2566 2134 subtraxit.¹)
2656 2053 2916 2119 Eodem

591 2165 811 2247 capite
859 2161 891 2244 ξ
943 2167 971 2224 l
985 2167 1019 2225 5
1065 2161 1134 2223 in
1189 2182 1259 2224 re
1316 2159 1559 2242 pusilla
1618 2182 1787 2244 aegre
1846 2169 2067 2225 tamen
2112 2162 2250 2226 fero
2297 2161 2915 2228 Weissenbornium

591 2280 658 2336 et
680 2272 1042 2347 Hertzium,
1090 2289 1221 2332 non
1266 2268 1458 2332 modo
1484 2268 1986 2346 Alschefskium‚
2033 2269 2275 2333 oblitos
2312 2290 2477 2348 esse,
2526 2292 2567 2353 q
2582 2291 2625 2333 u
2641 2272 2837 2335 onia
2852 2294 2916 2334 m

591 2403 634 2462 q
648 2380 727 2443 ui
746 2379 789 2442 d
805 2399 839 2442 e
853 2399 917 2441 m
974 2394 1301 2458 nusquam
1346 2376 1475 2440 dici
1489 2428 1503 2453 ,
1574 2378 1699 2441 nisi
1748 2378 2207 2442 coniunctione
2224 2429 2238 2457 ‚
2308 2398 2455 2460 quse
2503 2377 2599 2441 sic
2646 2376 2915 2458 (addito

593 2488 729 2571 qui
748 2486 790 2549 d
806 2506 840 2550 e
860 2484 950 2564 m)
997 2483 1390 2566 insigniatur
1405 2535 1419 2561 ,
1477 2485 1689 2567 primo
1738 2484 1882 2549 loco
1932 2506 2077 2549 cum
2123 2485 2413 2568 pondere
2460 2486 2706 2567 posita,
2770 2509 2803 2551 s
2821 2510 2858 2552 e
2874 2489 2917 2551 d

423 2617 564 2686 (181)
604 2618 702 2679 qu
719 2616 755 2661 o
768 2594 846 2658 ni
861 2616 900 2658 a
914 2614 977 2656 m
1046 2612 1089 2674 q
1104 2591 1241 2657 uid
1255 2613 1289 2657 e
1303 2614 1369 2657 m
1426 2591 1783 2657 barbarum
1841 2614 2003 2658 esse.
2116 2592 2615 2668 Restituendum
2670 2596 2916 2677 igitur:

598 2707 639 2771 S
659 2705 751 2770 ed
798 2725 896 2786 qu
916 2701 1183 2765 oniam
1230 2699 1554 2781 quidam
1598 2701 1873 2766 nobile
1895 2724 1925 2766 s
1972 2702 2333 2768 homines
2381 2703 2577 2784 cet.²)

653 2909 699 2975 ¹)
741 2907 831 2976 [In
868 2905 991 2960 cod.
1014 2903 1146 2971 Ups.
1186 2903 1671 2972 Haeggstroemius
1709 2904 1964 2972 repperit
2001 2905 2144 2959 sive
2183 2905 2237 2958 is
2277 2906 2482 2960 timor
2516 2907 2925 2978 probavitque,

732 2999 788 3046 et
824 2991 1004 3045 estin
1040 2988 1102 3041 M
1135 2992 1240 3041 m.1
1282 2990 1452 3042 sivei
1487 2987 1735 3056 timor.]

648 3079 698 3145 ²)
737 3077 1035 3146 Superiore
1086 3074 1271 3142 capite
1319 3074 1430 3141 (25,
1480 3075 1528 3140 5)
1576 3075 1770 3127 Livius
1827 3093 1941 3128 non
2001 3076 2253 3142 scripsit:
2312 3076 2565 3129 docent
2618 3094 2776 3130 suos
2836 3108 2927 3143 —,

732 3163 933 3215 simul
983 3159 1066 3214 ad
1111 3159 1451 3212 Lautulas
1497 3165 1879 3228 pugnatum
1924 3161 2320 3226 audierunt,
2367 3178 2487 3229 pro
2530 3161 2748 3216 vietis
2790 3164 2922 3217 Ro·

732 3264 966 3301 manos
1014 3247 1375 3311 habuisse,
1429 3250 1491 3297 ut
1537 3246 1763 3299 codices
1812 3249 1869 3298 et
1918 3245 2195 3299 editiones
2241 3245 2476 3312 habent,
2533 3247 2632 3299 sed
2679 3249 2926 3302 audie-

732 3334 890 3386 rint.
971 3329 1089 3399 [Sic
1137 3331 1248 3383 iam
1283 3327 1626 3398 Rupertius.]
1709 3329 1830 3382 Hoc
1874 3334 2098 3397 tempus
2148 3329 2500 3398 (perfectum)
2540 3350 2609 3385 ex
2654 3334 2927 3387 oratione

732 3424 889 3471 recta
933 3416 992 3468 in
1039 3415 1270 3482 obliqua
1312 3420 1594 3468 retentum
1642 3415 1699 3469 in
1744 3414 1847 3467 tali
1894 3415 2173 3468 sententia
2209 3433 2481 3482 nusquam
2520 3434 2636 3469 non
2672 3419 2928 3472 transire

735 3503 793 3553 in
844 3501 1290 3564 coniunctivum,
1349 3500 1656 3553 ostendunt
1708 3517 1788 3553 ese
1835 3501 2138 3553 verborum
2186 3500 2409 3567 formae,
2465 3517 2587 3569 quae
2641 3519 2758 3556 non
2808 3521 2929 3557 una

733 3585 928 3639 littera
964 3585 1197 3637 distant.
1279 3583 1517 3651 Legitur
1560 3585 1880 3639 huiusmodi
1927 3586 2070 3639 locis
2108 3585 2404 3653 aliquoties
2444 3586 2771 3640 fecerunt
2809 3606 2923 3656 pro

734 3671 1042 3725 fecerint
1091 3667 1598 3736 (impedierunt
1644 3688 1745 3739 pro
1792 3670 2245 3737 impedierint
2280 3669 2360 3736 II,
2408 3673 2490 3736 58,
2528 3671 2598 3736 5),
2636 3690 2926 3740 nusquam

741 3754 918 3822 (certa
971 3752 1100 3820 fide)
1157 3753 1325 3806 fecit
1378 3772 1481 3822 pro
1536 3754 1796 3808 fecerit
1851 3761 1949 3809 aut
2007 3773 2199 3822 quum
2254 3755 2597 3809 bellatum
2652 3760 2761 3809 est
2812 3775 2924 3825 pro

733 3839 1075 3893 bellatum
1133 3838 1223 3891 sit
1270 3838 1614 3905 (XXXVIII,
1665 3844 1726 3905 8,
1774 3838 1842 3905 7).
1935 3839 2071 3906 Cfr„
2128 3858 2250 3907 quse
2289 3840 2546 3893 dicentur
2581 3838 2652 3892 ad
2687 3839 2927 3908 XXXV,

739 3927 828 3989 12,
885 3926 960 3977 13.
1057 3922 1370 3991 [XXXVIL
1426 3926 1521 3988 56,
1576 3927 1609 3975 2
1660 3929 1715 3978 et
1750 3926 1783 3977 6
1819 3943 1923 3992 pro
1972 3930 2353 3994 pugnatum
2399 3931 2508 3978 est
2554 3925 2927 3980 scribendum

733 4012 1117 4077 pugnatum
1163 4006 1389 4075 esset]
1480 4008 1631 4076 (Cap.
1670 4011 1761 4076 27,
1809 4012 1843 4062 8
1877 4011 1999 4063 haec
2037 4010 2292 4077 partitio:
2349 4009 2718 4063 Consulum
2767 4010 2930 4065 Sul-

736 4094 969 4162 picius
1015 4094 1083 4146 in
1134 4094 1410 4158 dextrO,
1463 4093 1825 4148 Poetelius
1874 4095 1946 4148 in
1982 4095 2152 4147 laevo
2191 4112 2404 4149 cornu
2438 4099 2595 4148 recta
2631 4099 2812 4161 esset,
2875 4098 2927 4149 si

738 4179 1019 4231 diceretur
1064 4178 1410 4231 consistit
1455 4177 1584 4242 (etsi
1623 4183 1744 4231 tum
1782 4196 2007 4246 quoque
2043 4180 2424 4233 nominativus
2464 4180 2600 4248 poni
2635 4183 2927 4248 poterat);

737 4263 835 4314 sed
895 4262 1159 4330 quoniam
1213 4263 1626 4327 consistunt
1675 4263 1743 4316 de
1793 4267 2032 4328 utroque
2081 4265 2443 4318 coniunctum
2490 4263 2724 4330 dicitur,
2782 4268 2928 4319 seri-

736 4346 981 4399 bendum
1029 4347 1284 4412 videtur,
1335 4352 1398 4400 ut
1435 4348 1505 4400 ab
1542 4347 1692 4400 Aldo
1731 4348 1801 4400 ad
1839 4347 2183 4401 Gronovium
2221 4349 2521 4414 edebatur,
2570 4350 2925 4404 consules.

743 4430 910 4498 1861.)
979 4430 1107 4498 Cap.
1136 4434 1216 4498 29,
1261 4434 1325 4484 10
1361 4431 1512 4499 quod
1548 4433 1837 4486 scribit-ur:
1876 4432 2215 4487 Traditur
2251 4435 2413 4489 inde
2452 4433 2644 4486 dictu
2685 4431 2924 4504 [interp.
