3230 5282
597 560 721 615 Lib.
755 560 951 615 XLIV.
1686 550 1810 612 680

602 739 680 797 et
718 733 1059 816 imperia
1100 736 1561 820 trepidans,
1626 734 1818 801 duos
1865 754 1956 799 ex
2011 734 2291 800 amicis
2336 733 2638 800 Pellam
2682 734 2897 800 alte·-

600 862 766 905 rum
830 862 1082 924 usque
1147 842 1248 908 ad
1314 842 1645 928 pathum
1708 843 2056 927 pecunia
2122 842 2504 926 deposita
2568 848 2748 907 erat
2803 863 2894 908 ex

599 949 1017 1032 praesidiis
1084 958 1417 1017 revocat
1481 952 1899 1033 omnisque
1966 949 2243 1015 aditus
2308 952 2582 1035 aperit
2644 949 2889 1016 bello.

597 1056 657 1121 N
660 1078 746 1122 on
805 1057 1095 1125 dubitari
1151 1066 1400 1145 potest,
1459 1061 1617 1144 quin
1673 1058 1903 1124 eadem
1958 1058 2408 1142 significentur
2471 1079 2899 1143 praepropera

597 1166 904 1249 imperia,
963 1188 1238 1252 quorum
1283 1175 1545 1253 postea,
1592 1168 1859 1253 dempto
1902 1174 2187 1247 terrore,
2233 1166 2473 1233 Persea
2515 1168 2896 1252 paenituisse

611 1273 831 1340 Livius
898 1296 951 1340 c.
1024 1281 1102 1342 10
1156 1278 1298 1342 init.
1365 1284 1613 1359 narrat,
1684 1277 1962 1342 alterum
2016 1275 2100 1341 de
2157 1296 2319 1359 gaza
2370 1277 2551 1360 regia
2600 1277 2670 1340 in
2714 1296 2895 1340 mare

596 1384 1036 1466 proficienda,
1092 1386 1269 1467 quod
1313 1386 1539 1452 Nicias
1584 1383 1802 1451 facere
1847 1386 2064 1450 iussus
2111 1391 2281 1464 erat,
2327 1384 2608 1450 alterum
2654 1383 2736 1449 de
2778 1405 2895 1449 na-

598 1492 854 1558 valibus
920 1491 1397 1559 Thessalonicae
1462 1493 1911 1573 incendendis,
1978 1492 2207 1557 datum
2271 1493 2664 1559 Andronico.
2766 1493 2898 1557 Res

599 1608 1148 1667 commemoratur
1191 1604 1393 1668 etiam
1437 1604 1504 1667 in
1550 1603 1876 1686 excerptis
1911 1600 2186 1667 Diodori
2219 1602 2647 1667 Peirescianis
2681 1624 2745 1686 p.
2771 1604 2895 1665 579

597 1709 826 1788 Wess„
895 1708 1011 1774 ubi
1063 1731 1184 1793 pro
1228 1708 1419 1775 Nicia
1478 1710 1690 1776 Nicon
1745 1708 2150 1794 appellatur,
2219 1711 2331 1794 qui
2385 1711 2600 1774 iussus
2655 1708 2900 1775 dicitur

598 1823 690 1893 τὴν
736 1828 791 1879 ἐν
834 1824 908 1898 τῷ
950 1824 1111 1899 Φάκῳ
1155 1826 1328 1901 γάζαν
1371 1824 1462 1882 καὶ
1503 1826 1569 1880 τὰ
1612 1825 1862 1899 χρίματα
1907 1827 2314 1898 καταποντίσαι,
2362 1825 2431 1883 et
2474 1817 2651 1901 apud
2693 1819 2898 1901 Appi·

600 1946 796 1990 anum
838 1926 908 1990 in
951 1924 1185 1991 iisdem
1230 1927 1559 2013 excerptis
1605 1927 1884 2007 (Maced.
1929 1926 2009 1991 fr.
2062 1927 2186 2008 14).
2275 1925 2417 1992 Iam
2463 1945 2515 1991 c.
2569 1928 2666 2004 10,
2714 1928 2752 1988 3
2800 1925 2895 1989 sic

600 2033 950 2099 scribitur:
995 2034 1425 2100 incautior
1472 2036 1699 2119 (quam
1742 2034 2173 2115 Andronicus,
2219 2036 2333 2120 qui
2375 2040 2634 2119 tempus
2679 2040 2898 2098 traxe-

599 2142 733 2224 rat)
777 2141 1057 2208 Nicias
1102 2141 1343 2208 Pellae
1389 2143 1913 2228 proiiciendo
1962 2143 2131 2226 (cod.
2182 2142 2714 2227 proiciendae)
2773 2163 2898 2226 pe·

430 2251 572 2322 (568)
613 2252 866 2316 cuniae
930 2256 1278 2334 partem,
1340 2252 1550 2337 quod
1614 2251 1904 2317 fuerat
1967 2259 2269 2318 natum.
2357 2250 2629 2317 Mirifice
2695 2251 2899 2316 inter-

600 2361 941 2443 polarunt:
1030 2362 1391 2445 pecuniae
1476 2366 1815 2445 partem,
1907 2361 2117 2443 quod
2194 2359 2468 2426 fuerat
2550 2367 2898 2425 nanctus

600 2468 1007 2550 (abundante
1053 2469 1286 2534 saltem
1329 2469 1594 2553 partis
1641 2467 1949 2550 nomine),
1998 2469 2184 2551 quasi
2224 2467 2665 2533 nanciscenda
2697 2468 2901 2533 fuerit

599 2577 899 2659 pecunia,
947 2577 1032 2641 ad
1077 2597 1275 2662 quam
1318 2578 1385 2643 in
1430 2577 1762 2644 thesauris
1805 2578 2169 2663 repositam
2214 2598 2360 2643 cum
2405 2576 2700 2643 clavibus
2747 2578 2895 2641 mis-

602 2706 713 2750 sus
755 2684 977 2753 Nicias
1023 2691 1186 2752 erat.
1275 2686 1454 2751 Nihil
1497 2693 1725 2771 potest
1767 2686 2175 2755 manifestius
2221 2708 2397 2765 esse,
2453 2706 2647 2770 quam
2696 2686 2896 2751 scribi

603 2792 869 2860 debere:
914 2796 1273 2878 pecuniae
1317 2802 1657 2879 partem,
1706 2816 1874 2880 quae
1919 2796 2189 2862 fuerat
2232 2797 2320 2858 nd
2362 2795 2667 2859 Phacum
2714 2795 2799 2878 (ἐν
2827 2802 2897 2876 τῷ

604 2901 884 2984 ψάκῳ).1)
971 2904 1136 2969 Erat
1178 2904 1351 2968 enim
1392 2903 1647 2969 Phacus
1692 2925 1809 2968 arx
1853 2903 2069 2984 Pellae,
2116 2905 2182 2968 in
2227 2924 2357 2987 qua
2401 2910 2467 2968 et
2507 2924 2672 2986 gaza
2716 2904 2897 2987 regia

604 3010 990 3078 servabatur
1022 3000 1104 3078 'et
1153 3013 1352 3078 vincti
1409 3010 1974 3093 custodiebantur,
2032 3033 2196 3095 quos
2240 3033 2356 3076 rex
2400 3011 2720 3076 custodiri
2767 3014 2895 3077 ius-

603 3126 807 3200 serat,
864 3122 1204 3187 nominata
1249 3122 1449 3186 etiam
1515 3119 1694 3205 apud
1739 3120 2080 3205 Polybium
2130 3118 2390 3201 (XXXI,
2440 3118 2569 3200 25).
2660 3119 2894 3204 Itaque

601 3226 849 3294 frustra
890 3229 1189 3295 Valesius
1232 3229 1459 3310 Pellae,
1503 3250 1637 3294 non
1683 3228 1890 3293 Phaci
1948 3231 2173 3311 gazam
2217 3226 2650 3292 Macedonum
2693 3227 2897 3294 fuisse

603 3336 920 3422 disputat,
963 3343 1132 3404 teste
1175 3344 1371 3403 utens
1416 3337 1598 3404 Livio
1645 3337 1727 3419 (c.
1778 3342 1878 3417 23,
1926 3341 1964 3401 9
2011 3343 2078 3401 et
2123 3356 2178 3400 c.
2226 3340 2327 3415 46,
2372 3340 2411 3399 8
2456 3335 2648 3401 huius
2691 3335 2893 3415 libri),

602 3446 707 3512 cui
773 3445 1040 3528 adiungi
1104 3445 1418 3531 Polybius
1483 3452 1706 3531 potest
1772 3444 2035 3527 (XXIX,
2084 3444 2148 3526 3)
2194 3451 2261 3509 et
2306 3442 2540 3509 Strabo
2588 3443 2730 3527 (lib.
2778 3444 2895 3509 VII

601 3553 679 3619 fr.
728 3558 810 3620 20
854 3575 933 3620 ex
976 3553 1196 3640 epit.);
1261 3575 1411 3619 nam
1457 3577 1603 3639 quae
1658 3556 1728 3620 in
1784 3574 1938 3620 arce
1993 3554 2077 3619 ad
2120 3552 2371 3618 Pellam
2428 3559 2602 3631 erat,
2670 3553 2897 3618 eadem

602 3662 800 3728 Pellae
843 3683 988 3728 esse
1031 3670 1211 3731 recte
1258 3662 1619 3729 dicebatur.
1708 3659 1874 3728 Livii
1920 3662 2183 3745 quidem
2238 3663 2482 3741 locum,
2528 3661 2641 3745 qui
2690 3667 2792 3726 est
2831 3663 2897 3726 in

742 3916 971 3983 aliter,
1008 3916 1180 3970 alibi
1216 3921 1419 3986 atque
1455 3918 1628 3972 alibi
1664 3917 1855 3973 dicere
1884 3919 2081 3973 solent.
2155 3917 2418 3972 Livianos
2453 3917 2607 3972 locos
2633 3918 2763 3987 plus
2800 3918 2890 3972 de-

740 4019 862 4058 cem
899 4002 1248 4071 collegerunt
1281 4002 1390 4057 Iac.
1421 4002 1734 4059 Gronovius
1764 4008 1823 4059 et
1848 4003 2341 4059 Drakenborchius
2374 4002 2446 4057 ad
2478 4001 2682 4071 XXIV,
2724 4005 2810 4071 20,
2844 4005 2891 4057 9.

662 4087 707 4157 ¹)
748 4088 909 4157 Quod
943 4088 1194 4156 sequitur
1225 4089 1329 4142 ibi:
1385 4090 1501 4144 sed
1554 4090 1621 4142 in
1674 4108 1815 4145 rem
1873 4088 2379 4145 emendabilem
2431 4087 2624 4142 visus
2657 4088 2893 4159 lapsus

740 4191 918 4241 esse,
958 4174 1188 4243 rectius,
1245 4176 1466 4244 opinor,
1521 4174 2015 4229 Drakenborchins
2062 4174 2424 4229 scribendum
2457 4178 2643 4243 putat:
2698 4175 2769 4228 in
2821 4189 2891 4227 re

741 4258 1152 4314 emendabili
1189 4276 1356 4329 quam
1387 4258 1707 4315 Gronovius
1735 4265 1797 4315 et
1820 4259 2189 4315 recentiores:
2227 4260 2296 4314 in
2332 4276 2644 4314 errorem
2683 4276 2890 4313 emen·

743 4344 1035 4399 dabilem
1089 4344 1182 4411 (in
1232 4362 1369 4399 rem
1423 4360 1538 4398 em.
1584 4362 1677 4399 ex:
1732 4345 1799 4399 in
1846 4363 1920 4399 re
1958 4344 2116 4413 em.).
2189 4344 2301 4400 Sed
2335 4349 2616 4414 praeterea
2650 4344 2895 4400 scriben-

741 4430 874 4484 dum
908 4431 1165 4486 videtur:
1200 4431 1398 4484 visus
1433 4432 1529 4483 est
1563 4429 1806 4500 lapsu·
1843 4446 2010 4485 ene.
