3230 5282
593 600 719 655 Lib.
753 597 896 653 XLI.
1682 582 1805 644 610

596 772 694 838 ad
781 771 1299 853 religionem,
1401 766 1651 850 quod·
1702 765 1828 832 Cn.
1919 766 2340 833 Cornelius
2430 769 2712 834 consul
2799 790 2895 834 ex

593 887 859 946 monte
905 878 1224 944 Albano
1281 876 1604 942 rediens
1662 875 2040 940 concidit.
2131 875 2203 939 In
2253 874 2474 941 codice
2521 878 2615 941 sic
2662 877 2893 943 scribi·

593 996 733 1054 tur:
777 988 1265 1052 Accesserat
1311 985 1404 1050 ad
1447 985 1848 1067 legionem
1908 981 2029 1047 Cn.
2079 981 2508 1049 Cornelius
2555 992 2675 1050 cet.
2765 985 2894 1052 Po-

594 1104 725 1162 test
771 1096 988 1160 Livius
1036 1095 1411 1178 scripsisse:
1458 1094 1945 1157 Accesserat
1990 1090 2149 1153 ana
2193 1091 2511 1173 religi-3
2557 1109 2715 1155 n-
2762 1091 2891 1158 Cn.

598 1204 1032 1271 Cornelius
1077 1210 1199 1269 cet.
1269 1200 1397 1267 Sed
1441 1221 1547 1265 res
1592 1201 1862 1264 incerta.
1931 1198 2238 1264 Extremo
2287 1201 2502 1284 capite
2550 1198 2704 1282 (§9:
2753 1221 2897 1265 sua

551 1315 903 1379 .virtute
980 1333 1068 1377 ac
1144 1310 1564 1376 felicitate
1642 1309 2027 1372 neminem
2104 1308 2252 1372 iam
2330 1309 2443 1372 cis
2513 1307 2681 1391 [cod.
2749 1306 2897 1392 sic]

596 1423 824 1507 Alpis
869 1420 1185 1486 hostem
1230 1414 1497 1500 populi
1542 1415 1876 1480 Romani
1922 1414 2091 1498 [cod.
2139 1414 2305 1500 pro]
2353 1417 2694 1498 agrique
2741 1416 2895 1480 ali-

601 1538 988 1614 quantum
1045 1532 1369 1608 captum
1431 1522 1584 1604 cet.)
1655 1522 2042 1588 infinitivum
2088 1522 2318 1589 abesse
2362 1545 2492 1589 non
2538 1545 2734 1607 posse
2782 1524 2896 1606 (ob

600 1662 746 1704 eam
779 1641 1064 1712 causam,
1111 1652 1307 1716 quam
1355 1631 1629 1714 exposui
1663 1654 1725 1715 p.
1754 1635 1878 1695 248
1924 1635 2108 1709 not),
2154 1633 2285 1696 iam
2321 1630 2901 1698 Drakenborchius

428 1754 575 1823 (501)
612 1748 832 1828 aliquo
879 1742 1070 1807 modo
1116 1745 1439 1818 senserat3
1485 1746 1709 1803 utrum
1753 1747 1903 1822 post
1947 1740 2175 1822 Alpis
2222 1761 2306 1804 an
2350 1747 2499 1824 post
2534 1761 2705 1824 pop.
2756 1741 2900 1806 Ro-

600 1855 807 1920 mani
854 1848 1169 1916 exciderit
1215 1867 1424 1925 esse,
1471 1846 1725 1911 definiri
1771 1849 2019 1931 nequit.

772 1959 926 2041 Cap.
978 1947 1073 2034 17',
1120 1959 1184 2019 6:
1231 1955 1303 2033 Q.
1351 1954 1739 2021 Petillius
1786 1955 2064 2020 consul
2124 1955 2540 2039 collegam,
2585 1958 2721 2039 qui
2767 1978 2900 2022 ex-

601 2067 904 2152 templo
938 2064 1507 2147 magistratum
1544 2065 1986 2146 occiperet,
2024 2066 2337 2129 creavit
2383 2064 2452 2129 C.
2480 2063 2905 2129 Val'erium

603 2175 1025 2242 Laevinum.
1138 2171 1212 2236 Is
1282 2173 1441 2236 iam
1509 2171 1640 2236 diu
1720 2172 2060 2255 cupidus
2127 2173 2593 2256 provinciae,
2661 2195 2899 2256 quum

601 2287 1069 2368 opportunae
1130 2280 1578 2364 cupiditati
1647 2281 1821 2344 eius
1878 2280 2180 2345 litterae
2238 2281 2534 2347 adlatae
2592 2290 2905 2362 essent,

600 2393 940 2473 Ligures
984 2386 1477 2466 rebellasse,
1545 2387 1801 2452 Nonis
1862 2386 2351 2466 Sextilibus,
2420 2389 2897 2473 paludatuS,

597 2497 915 2564 litteris
962 2495 1289 2574 auditis,
1337 2494 1737 2560 tumultus
1785 2497 1954 2560 eius
2001 2514 2242 2561 causa
2298 2497 2699 2581 legionem
2744 2504 2904 2562 ter·

597 2608 787 2672 tiam
833 2603 933 2669 ad
980 2603 1046 2670 C.
1095 2602 1518 2670 Claudium
1565 2603 1978 2670 consulem
2036 2605 2115 2669 in
2161 2604 2512 2671 Galliam
2564 2603 2896 2690 profici-

601 2715 718 2780 sci
765 2714 1013 2779 iussit
1058 2719 1137 2778 et
1196 2713 1658 2777 duumviros
1725 2712 2058 2778 navales
2128 2734 2299 2778 cum
2354 2714 2611 2779 classe
2657 2714 2897 2780 Pisas

596 2825 733 2900 ire,
780 2828 901 2886 cet.
994 2820 1210 2887 Consu
1279 2820 1637 2906 paludatus
1707 2822 1774 2885 in
1820 2822 2227 2905 provinciam
2293 2821 2489 2900 ibat,
2544 2844 2675 2887 non
2730 2823 2901 2889 alios

594 2929 926 3014 proficisci
969 2929 1261 3008 iubebat,
1308 2950 1428 2995 nec
1472 2929 1731 2994 litteras
1779 2950 1813 2992 e
1857 2931 2210 3012 provinciis
2257 2930 2515 2996 adlatas
2563 2931 2897 3010 audiebat,

593 3038 713 3103 sed
759 3038 1018 3121 legebat
1064 3039 1203 3122 ipse
1252 3046 1318 3103 et
1381 3036 1713 3102 recitabat
1779 3038 2120 3102 recitative
2187 3037 2490 3118 iubebat,
2569 3060 2719 3118 nec,
2786 3040 2897 3104 lit-

593 3148 753 3211 teris
788 3147 1029 3212 adlatis
1067 3147 1347 3230 primum
1383 3144 1924 3229 paludamentum
1950 3144 2269 3224 sumebat,
2323 3146 2579 3226 deinde,
2626 3147 2890 3227 auditiS,

593 3255 735 3319 fieri
803 3254 1051 3337 aliquid
1117 3253 1404 3318 iubebat.
1495 3252 1625 3319 Sed
1693 3254 1850 3336 quid
1915 3252 2052 3317 haec
2130 3253 2430 3336 pluribus
2511 3277 2895 3341 persequor,

595 3384 797 3444 quum
832 3362 1431 3453 manifestissimum
1470 3363 1574 3440 sit,
1622 3361 1883 3426 initium
1919 3363 2235 3426 orationis
2283 3362 2360 3427 de
2408 3363 2674 3428 consule
2725 3385 2887 3442 esse,

593 3469 847 3548 statim,
915 3491 1114 3553 quum
1178 3469 1416 3535 litterae
1482 3468 1720 3535 adlatae
1777 3477 2026 3548 essent,
2087 3470 2320 3554 cupide
2376 3472 2444 3536 in
2488 3473 2893 3555 provinciam

591 3576 969 3658 festinante,
1016 3579 1263 3641 exitum
1311 3578 1389 3642 de
1436 3584 1689 3656 senatu,
1738 3576 1976 3642 litteris
2023 3578 2202 3661 apud
2245 3599 2312 3643 se
2358 3579 2655 3644 recitatis
2703 3579 2885 3645 audi-

588 3685 824 3769 tisque,
873 3706 1015 3769 quae
1061 3686 1201 3750 fieri
1247 3686 1376 3751 alia
1421 3686 1503 3750 ab
1542 3686 1690 3750 aliis
1726 3684 2026 3764 debeant,
2070 3685 2355 3767 iubente,
2401 3687 2618 3753 media
2653 3695 2888 3767 autem,

592 3794 828 3876 quibus
874 3793 1341 3859 absolvebatur
1385 3795 1570 3878 prior
1618 3795 1976 3873 sententia,
2034 3816 2204 3860 nova
2260 3794 2644 3880 incipiebat,
2694 3797 2889 3861 inter-

592 3900 869 3966 cidisse?
949 3902 1179 3984 Itaque
1226 3905 1319 3967 sic
1357 3900 1775 3967 scribendum
1820 3909 1950 3966 est:
1997 3938 2084 3948 —
2126 3901 2376 3968 Nonis
2425 3902 2888 3969 Sextilibus

587 4009 1031 4093 paludatus
1095 4046 1199 4074 —.
1291 4011 1629 4088 Senatus,
1712 4010 2040 4075 litteris
2098 4011 2439 4090 auditis,
2487 4013 2891 4077 tumultus

589 4118 758 4182 eius
828 4140 1065 4184 causa
1112 4128 1234 4184 cet.
1325 4119 1410 4183 Et
1478 4118 1796 4183 excidisse
1864 4117 2138 4200 aliquid,
2204 4120 2402 4183 etiam
2458 4119 2759 4185 Dukerus
2819 4127 2888 4185 et

592 4226 1161 4292 Weissenbornius
1212 4237 1581 4304 senserunt3
1630 4227 1913 4292 transire
1949 4227 2395 4292 narrationem
2440 4228 2525 4292 ad
2570 4238 2887 4308 senatum,

586 4355 717 4400 non
761 4336 1060 4401 videntur
1127 4335 1685 4400 animadvertisse.
1780 4334 2155 4417 [Senatus
2226 4337 2646 4421 suppleverat
2714 4338 2886 4403 Heu-

591 4441 861 4525 singer]
954 4444 1080 4508 Sed
1129 4442 1389 4521 consul,
1457 4445 1567 4525 qui
1636 4446 1701 4508 in
1766 4445 2162 4527 proviincam
2219 4446 2519 4527 festinat,
2588 4448 2643 4512 si
2701 4445 2892 4512 editae
