<?xml version="1.0" encoding="UTF-8"?>
<!DOCTYPE html PUBLIC "-//W3C//DTD XHTML 1.0 Transitional//EN"
    "http://www.w3.org/TR/xhtml1/DTD/xhtml1-transitional.dtd">
<html xmlns="http://www.w3.org/1999/xhtml" xml:lang="en" lang="en">
 <head>
  <title>
</title>
<meta http-equiv="Content-Type" content="text/html;charset=utf-8" />
  <meta name='ocr-system' content='tesseract 3.04.00' />
  <meta name='ocr-capabilities' content='ocr_page ocr_carea ocr_par ocr_line ocrx_word'/>
</head>
<body>
  <div class='ocr_page' id='page_1' title='image "./emendationesliv03madvgoog_0434.png"; bbox 0 0 3230 5282; ppageno 0'>
   <div class='ocr_carea' id='block_1_1' title="bbox 579 638 1801 703">
    <p class='ocr_par' dir='ltr' id='par_1_1' title="bbox 579 638 1801 703">
     <span class='ocr_line' id='line_1_1' title="bbox 579 638 1801 703; baseline -0.004 0"><span class='ocrx_word' id='word_1_1' title='bbox 579 650 704 703; x_wconf 90' lang='lat' dir='ltr'><strong>Lib.</strong></span> <span class='ocrx_word' id='word_1_2' title='bbox 740 648 939 703; x_wconf 82' lang='lat' dir='ltr'>XXIX.</span> <span class='ocrx_word' id='word_1_3' title='bbox 1674 638 1801 699; x_wconf 78' lang='lat'>420</span> 
     </span>
    </p>
   </div>
   <div class='ocr_carea' id='block_1_2' title="bbox 575 820 2926 4570">
    <p class='ocr_par' dir='ltr' id='par_1_2' title="bbox 579 820 2926 2845">
     <span class='ocr_line' id='line_1_2' title="bbox 583 820 2889 902; baseline -0 -17"><span class='ocrx_word' id='word_1_4' title='bbox 583 822 930 902; x_wconf 84' lang='lat' dir='ltr'>dicaret3</span> <span class='ocrx_word' id='word_1_5' title='bbox 998 827 1185 885; x_wconf 89' lang='lat' dir='ltr'>ante</span> <span class='ocrx_word' id='word_1_6' title='bbox 1257 821 1520 885; x_wconf 89' lang='lat' dir='ltr'>omnia</span> <span class='ocrx_word' id='word_1_7' title='bbox 1586 827 1711 886; x_wconf 91' lang='lat' dir='ltr'>cet.</span> <span class='ocrx_word' id='word_1_8' title='bbox 1827 820 1955 886; x_wconf 87' lang='lat' dir='ltr'>Sed</span> <span class='ocrx_word' id='word_1_9' title='bbox 2022 821 2450 887; x_wconf 86' lang='lat' dir='ltr'>vindicationi</span> <span class='ocrx_word' id='word_1_10' title='bbox 2516 821 2703 886; x_wconf 89' lang='lat' dir='ltr'>locus</span> <span class='ocrx_word' id='word_1_11' title='bbox 2760 842 2889 886; x_wconf 87' lang='lat' dir='ltr'>non</span> 
     </span>
     <span class='ocr_line' id='line_1_3' title="bbox 584 929 2892 1012; baseline -0.001 -17"><span class='ocrx_word' id='word_1_12' title='bbox 584 936 685 995; x_wconf 88' lang='lat' dir='ltr'>est</span> <span class='ocrx_word' id='word_1_13' title='bbox 752 931 816 993; x_wconf 92' lang='lat' dir='ltr'>in</span> <span class='ocrx_word' id='word_1_14' title='bbox 879 951 950 993; x_wconf 91' lang='lat' dir='ltr'>re</span> <span class='ocrx_word' id='word_1_15' title='bbox 1006 951 1138 993; x_wconf 94' lang='lat' dir='ltr'>non</span> <span class='ocrx_word' id='word_1_16' title='bbox 1196 930 1634 1012; x_wconf 82' lang='lat' dir='ltr'>comparenti,</span> <span class='ocrx_word' id='word_1_17' title='bbox 1707 950 1828 994; x_wconf 89' lang='lat' dir='ltr'>nec</span> <span class='ocrx_word' id='word_1_18' title='bbox 1884 929 2127 994; x_wconf 89' lang='lat' dir='ltr'>indicio</span> <span class='ocrx_word' id='word_1_19' title='bbox 2191 929 2371 1008; x_wconf 91' lang='lat' dir='ltr'>(nam</span> <span class='ocrx_word' id='word_1_20' title='bbox 2426 929 2721 1009; x_wconf 86' lang='lat' dir='ltr'>fuerunt,</span> <span class='ocrx_word' id='word_1_21' title='bbox 2778 930 2892 1012; x_wconf 90' lang='lat' dir='ltr'>qui</span> 
     </span>
     <span class='ocr_line' id='line_1_4' title="bbox 581 1036 2890 1121; baseline -0.001 -18"><span class='ocrx_word' id='word_1_22' title='bbox 581 1038 1083 1103; x_wconf 80' lang='lat' dir='ltr'>indicarent</span> <span class='ocrx_word' id='word_1_23' title='bbox 1162 1036 1462 1119; x_wconf 81' lang='lat' dir='ltr'>mallent)</span> <span class='ocrx_word' id='word_1_24' title='bbox 1540 1037 1901 1119; x_wconf 81' lang='lat' dir='ltr'>quidquam</span> <span class='ocrx_word' id='word_1_25' title='bbox 1993 1037 2447 1121; x_wconf 87' lang='lat' dir='ltr'>proficeretur.</span> <span class='ocrx_word' id='word_1_26' title='bbox 2585 1036 2890 1102; x_wconf 89' lang='lat' dir='ltr'>Scriben-</span> 
     </span>
     <span class='ocr_line' id='line_1_5' title="bbox 584 1144 2889 1229; baseline -0.001 -19"><span class='ocrx_word' id='word_1_27' title='bbox 584 1147 737 1211; x_wconf 90' lang='lat' dir='ltr'>dum</span> <span class='ocrx_word' id='word_1_28' title='bbox 795 1147 1058 1229; x_wconf 90' lang='lat' dir='ltr'>opinor:</span> <span class='ocrx_word' id='word_1_29' title='bbox 1127 1145 1191 1208; x_wconf 86' lang='lat' dir='ltr'>si</span> <span class='ocrx_word' id='word_1_30' title='bbox 1260 1145 1451 1227; x_wconf 94' lang='lat' dir='ltr'>quid</span> <span class='ocrx_word' id='word_1_31' title='bbox 1517 1167 1670 1210; x_wconf 94' lang='lat' dir='ltr'>non</span> <span class='ocrx_word' id='word_1_32' title='bbox 1739 1152 2274 1229; x_wconf 85' lang='lat' dir='ltr'>compareret,</span> <span class='ocrx_word' id='word_1_33' title='bbox 2343 1145 2550 1210; x_wconf 91' lang='lat' dir='ltr'>unde</span> <span class='ocrx_word' id='word_1_34' title='bbox 2608 1144 2889 1222; x_wconf 81' lang='lat' dir='ltr'>vellet,</span> 
     </span>
     <span class='ocr_line' id='line_1_6' title="bbox 584 1250 2891 1338; baseline -0.001 -19"><span class='ocrx_word' id='word_1_35' title='bbox 584 1259 1007 1338; x_wconf 91' lang='lat' dir='ltr'>repeteret</span> <span class='ocrx_word' id='word_1_36' title='bbox 1075 1250 1524 1336; x_wconf 89' lang='lat' dir='ltr'>[repeteret</span> <span class='ocrx_word' id='word_1_37' title='bbox 1588 1254 1727 1318; x_wconf 89' lang='lat' dir='ltr'>Pal.</span> <span class='ocrx_word' id='word_1_38' title='bbox 1780 1258 1815 1317; x_wconf 91' lang='lat'><strong>3</strong></span> <span class='ocrx_word' id='word_1_39' title='bbox 1890 1260 1956 1318; x_wconf 91' lang='lat' dir='ltr'>et</span> <span class='ocrx_word' id='word_1_40' title='bbox 2028 1254 2173 1318; x_wconf 89' lang='lat' dir='ltr'>edd.</span> <span class='ocrx_word' id='word_1_41' title='bbox 2223 1254 2522 1338; x_wconf 88' lang='lat' dir='ltr'>quaedam</span> <span class='ocrx_word' id='word_1_42' title='bbox 2576 1251 2891 1335; x_wconf 84' lang='lat' dir='ltr'>veteres];</span> 
     </span>
     <span class='ocr_line' id='line_1_7' title="bbox 584 1360 2889 1446; baseline -0 -20"><span class='ocrx_word' id='word_1_43' title='bbox 584 1368 772 1426; x_wconf 87' lang='lat' dir='ltr'>ante</span> <span class='ocrx_word' id='word_1_44' title='bbox 840 1367 998 1441; x_wconf 89' lang='lat' dir='ltr'>cet.;</span> <span class='ocrx_word' id='word_1_45' title='bbox 1067 1361 1224 1425; x_wconf 89' lang='lat' dir='ltr'>data</span> <span class='ocrx_word' id='word_1_46' title='bbox 1290 1361 1553 1426; x_wconf 84' lang='lat' dir='ltr'>videtur</span> <span class='ocrx_word' id='word_1_47' title='bbox 1620 1368 1916 1445; x_wconf 86' lang='lat' dir='ltr'>potestas</span> <span class='ocrx_word' id='word_1_48' title='bbox 1982 1362 2158 1446; x_wconf 89' lang='lat' dir='ltr'>apud</span> <span class='ocrx_word' id='word_1_49' title='bbox 2225 1361 2466 1426; x_wconf 82' lang='lat' dir='ltr'>milites</span> <span class='ocrx_word' id='word_1_50' title='bbox 2536 1360 2889 1445; x_wconf 74' lang='lat' dir='ltr'>quaerendi.</span> 
     </span>
     <span class='ocr_line' id='line_1_8' title="bbox 584 1467 2889 1554; baseline 0 -21"><span class='ocrx_word' id='word_1_51' title='bbox 584 1468 829 1551; x_wconf 84' lang='lat'><strong>(1863.)</strong></span> <span class='ocrx_word' id='word_1_52' title='bbox 953 1467 985 1551; x_wconf 66' lang='grc' dir='ltr'><strong>ἕ</strong></span> <span class='ocrx_word' id='word_1_53' title='bbox 1059 1473 1136 1532; x_wconf 89' lang='grc'>10</span> <span class='ocrx_word' id='word_1_54' title='bbox 1207 1469 1301 1549; x_wconf 90' lang='lat' dir='ltr'>(in</span> <span class='ocrx_word' id='word_1_55' title='bbox 1369 1471 1667 1535; x_wconf 88' lang='lat' dir='ltr'>oratione</span> <span class='ocrx_word' id='word_1_56' title='bbox 1733 1469 2218 1552; x_wconf 83' lang='lat' dir='ltr'>Locrensium):</span> <span class='ocrx_word' id='word_1_57' title='bbox 2296 1491 2438 1554; x_wconf 91' lang='lat' dir='ltr'>pro</span> <span class='ocrx_word' id='word_1_58' title='bbox 2519 1475 2741 1534; x_wconf 91' lang='lat' dir='ltr'>certo</span> <span class='ocrx_word' id='word_1_59' title='bbox 2809 1490 2889 1533; x_wconf 89' lang='lat' dir='ltr'>se</span> 
     </span>
     <span class='ocr_line' id='line_1_9' title="bbox 582 1577 2926 1662; baseline 0 -22"><span class='ocrx_word' id='word_1_60' title='bbox 582 1577 918 1655; x_wconf 90' lang='lat' dir='ltr'>habere,</span> <span class='ocrx_word' id='word_1_61' title='bbox 977 1598 1234 1660; x_wconf 89' lang='lat' dir='ltr'>neque</span> <span class='ocrx_word' id='word_1_62' title='bbox 1293 1578 1516 1642; x_wconf 88' lang='lat' dir='ltr'>iussu</span> <span class='ocrx_word' id='word_1_63' title='bbox 1572 1599 1831 1662; x_wconf 87' lang='lat' dir='ltr'>neque</span> <span class='ocrx_word' id='word_1_64' title='bbox 1876 1577 2310 1641; x_wconf 80' lang='lat' dir='ltr'>voluntate</span> <span class='ocrx_word' id='word_1_65' title='bbox 2356 1577 2426 1642; x_wconf 90' lang='lat' dir='ltr'>P.</span> <span class='ocrx_word' id='word_1_66' title='bbox 2476 1577 2926 1660; x_wconf 36' lang='lat' dir='ltr'>Scipionis*</span> 
     </span>
     <span class='ocr_line' id='line_1_10' title="bbox 582 1682 2890 1765; baseline -0.001 -15"><span class='ocrx_word' id='word_1_67' title='bbox 582 1691 712 1750; x_wconf 90' lang='lat' dir='ltr'>tot</span> <span class='ocrx_word' id='word_1_68' title='bbox 780 1691 935 1750; x_wconf 88' lang='lat' dir='ltr'>tam</span> <span class='ocrx_word' id='word_1_69' title='bbox 993 1682 1349 1758; x_wconf 83' lang='lat' dir='ltr'>nefanda</span> <span class='ocrx_word' id='word_1_70' title='bbox 1407 1686 1854 1765; x_wconf 87' lang='lat' dir='ltr'>commissa,</span> <span class='ocrx_word' id='word_1_71' title='bbox 1923 1686 2060 1750; x_wconf 90' lang='lat' dir='ltr'>sed</span> <span class='ocrx_word' id='word_1_72' title='bbox 2122 1693 2259 1750; x_wconf 90' lang='lat' dir='ltr'>aut</span> <span class='ocrx_word' id='word_1_73' title='bbox 2316 1685 2712 1750; x_wconf 90' lang='lat' dir='ltr'>Pleminio</span> <span class='ocrx_word' id='word_1_74' title='bbox 2770 1685 2890 1748; x_wconf 93' lang='lat' dir='ltr'>ni-</span> 
     </span>
     <span class='ocr_line' id='line_1_11' title="bbox 582 1792 2890 1876; baseline -0 -20"><span class='ocrx_word' id='word_1_75' title='bbox 582 1795 816 1857; x_wconf 90' lang='lat' dir='ltr'>mium</span> <span class='ocrx_word' id='word_1_76' title='bbox 883 1799 1019 1856; x_wconf 89' lang='lat' dir='ltr'>aut</span> <span class='ocrx_word' id='word_1_77' title='bbox 1078 1792 1241 1856; x_wconf 84' lang='lat' dir='ltr'>sibi</span> <span class='ocrx_word' id='word_1_78' title='bbox 1298 1814 1578 1876; x_wconf 88' lang='lat' dir='ltr'>parum</span> <span class='ocrx_word' id='word_1_79' title='bbox 1637 1793 2070 1874; x_wconf 89' lang='lat' dir='ltr'>creditum,</span> <span class='ocrx_word' id='word_1_80' title='bbox 2141 1800 2280 1857; x_wconf 88' lang='lat' dir='ltr'>aut</span> <span class='ocrx_word' id='word_1_81' title='bbox 2334 1798 2632 1857; x_wconf 86' lang='lat' dir='ltr'>natura</span> <span class='ocrx_word' id='word_1_82' title='bbox 2687 1792 2890 1857; x_wconf 91' lang='lat' dir='ltr'>insi-</span> 
     </span>
     <span class='ocr_line' id='line_1_12' title="bbox 581 1900 2890 1985; baseline -0.001 -20"><span class='ocrx_word' id='word_1_83' title='bbox 581 1907 745 1965; x_wconf 91' lang='lat' dir='ltr'>tum</span> <span class='ocrx_word' id='word_1_84' title='bbox 828 1901 1321 1985; x_wconf 85' lang='lat' dir='ltr'>quibusdam</span> <span class='ocrx_word' id='word_1_85' title='bbox 1402 1922 1617 1980; x_wconf 87' lang='lat' dir='ltr'>esse,</span> <span class='ocrx_word' id='word_1_86' title='bbox 1708 1908 1794 1964; x_wconf 91' lang='lat' dir='ltr'>ut</span> <span class='ocrx_word' id='word_1_87' title='bbox 1881 1902 2131 1984; x_wconf 87' lang='lat' dir='ltr'>magis</span> <span class='ocrx_word' id='word_1_88' title='bbox 2209 1901 2540 1985; x_wconf 88' lang='lat' dir='ltr'>peccari</span> <span class='ocrx_word' id='word_1_89' title='bbox 2619 1900 2890 1964; x_wconf 90' lang='lat' dir='ltr'>nolint</span> 
     </span>
     <span class='ocr_line' id='line_1_13' title="bbox 584 2007 2888 2092; baseline 0 -21"><span class='ocrx_word' id='word_1_90' title='bbox 584 2030 812 2091; x_wconf 91' lang='lat' dir='ltr'>quam</span> <span class='ocrx_word' id='word_1_91' title='bbox 873 2008 1081 2072; x_wconf 86' lang='lat' dir='ltr'>satis</span> <span class='ocrx_word' id='word_1_92' title='bbox 1139 2007 1385 2070; x_wconf 89' lang='lat' dir='ltr'>animi</span> <span class='ocrx_word' id='word_1_93' title='bbox 1449 2008 1549 2071; x_wconf 90' lang='lat' dir='ltr'>ad</span> <span class='ocrx_word' id='word_1_94' title='bbox 1595 2008 2089 2073; x_wconf 78' lang='lat' dir='ltr'>vindicanda</span> <span class='ocrx_word' id='word_1_95' title='bbox 2136 2015 2474 2092; x_wconf 90' lang='lat' dir='ltr'>peccata</span> <span class='ocrx_word' id='word_1_96' title='bbox 2518 2007 2888 2072; x_wconf 85' lang='lat' dir='ltr'>habeant.</span> 
     </span>
     <span class='ocr_line' id='line_1_14' title="bbox 583 2113 2890 2182; baseline -0.001 -2"><span class='ocrx_word' id='word_1_97' title='bbox 583 2117 784 2180; x_wconf 84' lang='lat' dir='ltr'>Recte</span> <span class='ocrx_word' id='word_1_98' title='bbox 831 2115 1344 2180; x_wconf 87' lang='lat' dir='ltr'>Forchhammer</span> <span class='ocrx_word' id='word_1_99' title='bbox 1389 2115 1673 2180; x_wconf 88' lang='lat' dir='ltr'>alterum</span> <span class='ocrx_word' id='word_1_100' title='bbox 1719 2123 1858 2180; x_wconf 87' lang='lat' dir='ltr'>aut</span> <span class='ocrx_word' id='word_1_101' title='bbox 1902 2116 2266 2182; x_wconf 87' lang='lat' dir='ltr'>tollendum</span> <span class='ocrx_word' id='word_1_102' title='bbox 2311 2115 2645 2180; x_wconf 84' lang='lat' dir='ltr'>iudicavit.</span> <span class='ocrx_word' id='word_1_103' title='bbox 2727 2113 2890 2178; x_wconf 79' lang='lat' dir='ltr'>Duae</span> 
     </span>
     <span class='ocr_line' id='line_1_15' title="bbox 583 2224 2892 2307; baseline -0.001 -18"><span class='ocrx_word' id='word_1_104' title='bbox 583 2225 755 2289; x_wconf 92' lang='lat' dir='ltr'>enim</span> <span class='ocrx_word' id='word_1_105' title='bbox 801 2244 1015 2286; x_wconf 86' lang='lat' dir='ltr'>causae</span> <span class='ocrx_word' id='word_1_106' title='bbox 1063 2229 1473 2305; x_wconf 86' lang='lat' dir='ltr'>separantur,</span> <span class='ocrx_word' id='word_1_107' title='bbox 1523 2231 1641 2288; x_wconf 86' lang='lat' dir='ltr'>aut</span> <span class='ocrx_word' id='word_1_108' title='bbox 1683 2246 1814 2288; x_wconf 93' lang='lat' dir='ltr'>non</span> <span class='ocrx_word' id='word_1_109' title='bbox 1861 2224 2218 2289; x_wconf 86' lang='lat' dir='ltr'>credidisse</span> <span class='ocrx_word' id='word_1_110' title='bbox 2266 2224 2657 2307; x_wconf 86' lang='lat' dir='ltr'>Scipionem,</span> <span class='ocrx_word' id='word_1_111' title='bbox 2703 2227 2892 2287; x_wconf 87' lang='lat' dir='ltr'>tanta</span> 
     </span>
     <span class='ocr_line' id='line_1_16' title="bbox 584 2321 2893 2415; baseline -0.001 -20"><span class='ocrx_word' id='word_1_112' title='bbox 584 2352 728 2395; x_wconf 90' lang='lat' dir='ltr'>esse</span> <span class='ocrx_word' id='word_1_113' title='bbox 766 2321 1062 2394; x_wconf 88' lang='lat' dir='ltr'>Pleminii</span> <span class='ocrx_word' id='word_1_114' title='bbox 1099 2330 1367 2410; x_wconf 85' lang='lat' dir='ltr'>scelera,</span> <span class='ocrx_word' id='word_1_115' title='bbox 1420 2338 1537 2395; x_wconf 88' lang='lat' dir='ltr'>aut</span> <span class='ocrx_word' id='word_1_116' title='bbox 1572 2332 1951 2411; x_wconf 88' lang='lat' dir='ltr'>credidisse,</span> <span class='ocrx_word' id='word_1_117' title='bbox 1986 2332 2099 2397; x_wconf 89' lang='lat' dir='ltr'>sed</span> <span class='ocrx_word' id='word_1_118' title='bbox 2133 2353 2367 2415; x_wconf 88' lang='lat' dir='ltr'>parum</span> <span class='ocrx_word' id='word_1_119' title='bbox 2403 2332 2601 2396; x_wconf 91' lang='lat' dir='ltr'>animi</span> <span class='ocrx_word' id='word_1_120' title='bbox 2639 2330 2723 2394; x_wconf 93' lang='lat' dir='ltr'>ad</span> <span class='ocrx_word' id='word_1_121' title='bbox 2758 2330 2893 2393; x_wconf 86' lang='lat' dir='ltr'>vin-</span> 
     </span>
     <span class='ocr_line' id='line_1_17' title="bbox 584 2438 2894 2522; baseline 0 -21"><span class='ocrx_word' id='word_1_122' title='bbox 584 2438 938 2502; x_wconf 90' lang='lat' dir='ltr'>dicandum</span> <span class='ocrx_word' id='word_1_123' title='bbox 982 2438 1324 2518; x_wconf 82' lang='lat' dir='ltr'>habuisse3</span> <span class='ocrx_word' id='word_1_124' title='bbox 1386 2440 1567 2522; x_wconf 88' lang='lat' dir='ltr'>prior</span> <span class='ocrx_word' id='word_1_125' title='bbox 1622 2462 1754 2504; x_wconf 92' lang='lat' dir='ltr'>non</span> <span class='ocrx_word' id='word_1_126' title='bbox 1798 2441 1865 2504; x_wconf 93' lang='lat' dir='ltr'>in</span> <span class='ocrx_word' id='word_1_127' title='bbox 1913 2440 2041 2504; x_wconf 91' lang='lat' dir='ltr'>duo</span> <span class='ocrx_word' id='word_1_128' title='bbox 2090 2440 2423 2504; x_wconf 85' lang='lat' dir='ltr'>contraria</span> <span class='ocrx_word' id='word_1_129' title='bbox 2468 2439 2894 2521; x_wconf 85' lang='lat' dir='ltr'>distinguitur</span> 
     </span>
     <span class='ocr_line' id='line_1_18' title="bbox 585 2546 2892 2630; baseline -0 -20"><span class='ocrx_word' id='word_1_130' title='bbox 585 2546 797 2627; x_wconf 89' lang='lat' dir='ltr'>(aut),</span> <span class='ocrx_word' id='word_1_131' title='bbox 824 2547 940 2611; x_wconf 87' lang='lat' dir='ltr'>sed</span> <span class='ocrx_word' id='word_1_132' title='bbox 975 2547 1103 2611; x_wconf 91' lang='lat' dir='ltr'>duo</span> <span class='ocrx_word' id='word_1_133' title='bbox 1143 2547 1492 2611; x_wconf 88' lang='lat' dir='ltr'>coniuncta</span> <span class='ocrx_word' id='word_1_134' title='bbox 1527 2549 1835 2626; x_wconf 86' lang='lat' dir='ltr'>continet,</span> <span class='ocrx_word' id='word_1_135' title='bbox 1864 2547 2231 2630; x_wconf 88' lang='lat' dir='ltr'>Scipionem</span> <span class='ocrx_word' id='word_1_136' title='bbox 2256 2547 2576 2612; x_wconf 90' lang='lat' dir='ltr'>Pleminio</span> <span class='ocrx_word' id='word_1_137' title='bbox 2602 2547 2892 2622; x_wconf 89' lang='lat' dir='ltr'>nimium,</span> 
     </span>
     <span class='ocr_line' id='line_1_19' title="bbox 579 2653 2891 2738; baseline -0.001 -20"><span class='ocrx_word' id='word_1_138' title='bbox 579 2654 1019 2719; x_wconf 79' lang='lat' dir='ltr'>Locrensibus</span> <span class='ocrx_word' id='word_1_139' title='bbox 1065 2676 1296 2738; x_wconf 88' lang='lat' dir='ltr'>parum</span> <span class='ocrx_word' id='word_1_140' title='bbox 1333 2655 1721 2736; x_wconf 85' lang='lat' dir='ltr'>credidisse3</span> <span class='ocrx_word' id='word_1_141' title='bbox 1773 2663 2128 2738; x_wconf 91' lang='lat' dir='ltr'>utrumque</span> <span class='ocrx_word' id='word_1_142' title='bbox 2166 2657 2339 2719; x_wconf 90' lang='lat' dir='ltr'>enim</span> <span class='ocrx_word' id='word_1_143' title='bbox 2380 2655 2656 2720; x_wconf 90' lang='lat' dir='ltr'>eandem</span> <span class='ocrx_word' id='word_1_144' title='bbox 2690 2653 2891 2718; x_wconf 80' lang='lat' dir='ltr'>habet</span> 
     </span>
     <span class='ocr_line' id='line_1_20' title="bbox 583 2761 2647 2845; baseline 0 -21"><span class='ocrx_word' id='word_1_145' title='bbox 583 2762 730 2826; x_wconf 82' lang='lat' dir='ltr'>vim.</span> <span class='ocrx_word' id='word_1_146' title='bbox 807 2761 904 2827; x_wconf 94' lang='lat' dir='ltr'>De</span> <span class='ocrx_word' id='word_1_147' title='bbox 951 2762 1384 2827; x_wconf 85' lang='lat' dir='ltr'>additamenti</span> <span class='ocrx_word' id='word_1_148' title='bbox 1429 2784 1665 2845; x_wconf 89' lang='lat' dir='ltr'>genere</span> <span class='ocrx_word' id='word_1_149' title='bbox 1715 2764 1829 2827; x_wconf 90' lang='lat' dir='ltr'>cfr.</span> <span class='ocrx_word' id='word_1_150' title='bbox 1878 2764 1961 2827; x_wconf 88' lang='lat' dir='ltr'>ad</span> <span class='ocrx_word' id='word_1_151' title='bbox 2007 2764 2117 2842; x_wconf 87' lang='lat' dir='ltr'>IX,</span> <span class='ocrx_word' id='word_1_152' title='bbox 2156 2768 2211 2843; x_wconf 86' lang='lat'>9,</span> <span class='ocrx_word' id='word_1_153' title='bbox 2248 2769 2303 2827; x_wconf 85' lang='lat'>9.</span> <span class='ocrx_word' id='word_1_154' title='bbox 2399 2761 2647 2844; x_wconf 84' lang='grc'>(1863.)</span> 
     </span>
    </p>

    <p class='ocr_par' dir='ltr' id='par_1_3' title="bbox 575 2866 2917 4570">
     <span class='ocr_line' id='line_1_21' title="bbox 753 2866 2917 2954; baseline -0 -20"><span class='ocrx_word' id='word_1_155' title='bbox 753 2868 911 2954; x_wconf 85' lang='lat' dir='ltr'>Cap.</span> <span class='ocrx_word' id='word_1_156' title='bbox 960 2874 1059 2949; x_wconf 79' lang='lat'>22,</span> <span class='ocrx_word' id='word_1_157' title='bbox 1111 2874 1165 2934; x_wconf 88' lang='lat'>3.</span> <span class='ocrx_word' id='word_1_158' title='bbox 1261 2871 1416 2949; x_wconf 81' lang='lat' dir='ltr'>Quae</span> <span class='ocrx_word' id='word_1_159' title='bbox 1466 2872 1530 2934; x_wconf 91' lang='lat' dir='ltr'>in</span> <span class='ocrx_word' id='word_1_160' title='bbox 1574 2872 1625 2935; x_wconf 99' lang='lat' dir='ltr'>P</span> <span class='ocrx_word' id='word_1_161' title='bbox 1672 2872 2077 2936; x_wconf 82' lang='lat' dir='ltr'>scribuntur:</span> <span class='ocrx_word' id='word_1_162' title='bbox 2137 2880 2300 2936; x_wconf 89' lang='lat' dir='ltr'>tum</span> <span class='ocrx_word' id='word_1_163' title='bbox 2358 2872 2585 2935; x_wconf 88' lang='lat' dir='ltr'>circa</span> <span class='ocrx_word' id='word_1_164' title='bbox 2642 2866 2917 2934; x_wconf 63' lang='lat' dir='ltr'>arma--&gt;</span> 
     </span>
     <span class='ocr_line' id='line_1_22' title="bbox 582 2977 2890 3062; baseline -0.001 -19"><span class='ocrx_word' id='word_1_165' title='bbox 582 2981 986 3043; x_wconf 88' lang='lat' dir='ltr'>mentaria</span> <span class='ocrx_word' id='word_1_166' title='bbox 1044 2985 1123 3043; x_wconf 86' lang='lat' dir='ltr'>et</span> <span class='ocrx_word' id='word_1_167' title='bbox 1177 2977 1595 3044; x_wconf 89' lang='lat' dir='ltr'>horratum</span> <span class='ocrx_word' id='word_1_168' title='bbox 1652 2979 2069 3043; x_wconf 74' lang='lat' dir='ltr'>visendum</span> <span class='ocrx_word' id='word_1_169' title='bbox 2126 2986 2424 3062; x_wconf 83' lang='lat' dir='ltr'>praetor</span> <span class='ocrx_word' id='word_1_170' title='bbox 2468 2977 2890 3060; x_wconf 88' lang='lat' dir='ltr'>legatique</span> 
     </span>
     <span class='ocr_line' id='line_1_23' title="bbox 583 3086 2893 3170; baseline -0.002 -19"><span class='ocrx_word' id='word_1_171' title='bbox 583 3087 847 3166; x_wconf 87' lang='lat' dir='ltr'>ducti,</span> <span class='ocrx_word' id='word_1_172' title='bbox 918 3088 1009 3151; x_wconf 87' lang='lat' dir='ltr'>sic</span> <span class='ocrx_word' id='word_1_173' title='bbox 1065 3086 1441 3170; x_wconf 85' lang='lat' dir='ltr'>supplenda</span> <span class='ocrx_word' id='word_1_174' title='bbox 1498 3086 1834 3150; x_wconf 84' lang='lat' dir='ltr'>videntur:</span> <span class='ocrx_word' id='word_1_175' title='bbox 1885 3093 1929 3151; x_wconf 84' lang='lat' dir='ltr'>t.</span> <span class='ocrx_word' id='word_1_176' title='bbox 1992 3107 2044 3150; x_wconf 90' lang='lat' dir='ltr'>c.</span> <span class='ocrx_word' id='word_1_177' title='bbox 2105 3086 2743 3151; x_wconf 88' lang='lat' dir='ltr'>armamentaria</span> <span class='ocrx_word' id='word_1_178' title='bbox 2814 3090 2893 3148; x_wconf 83' lang='lat' dir='ltr'>et</span> 
     </span>
     <span class='ocr_line' id='line_1_24' title="bbox 581 3192 2888 3275; baseline -0.002 -15"><span class='ocrx_word' id='word_1_179' title='bbox 581 3195 867 3260; x_wconf 81' lang='lat' dir='ltr'>horrca</span> <span class='ocrx_word' id='word_1_180' title='bbox 946 3196 1034 3256; x_wconf 82' lang='lat' dir='ltr'>ad</span> <span class='ocrx_word' id='word_1_181' title='bbox 1114 3194 1321 3256; x_wconf 73' lang='lat' dir='ltr'>belli</span> <span class='ocrx_word' id='word_1_182' title='bbox 1402 3203 1869 3275; x_wconf 80' lang='lat' dir='ltr'>apparatum</span> <span class='ocrx_word' id='word_1_183' title='bbox 1936 3195 2353 3258; x_wconf 77' lang='lat' dir='ltr'>visendum</span> <span class='ocrx_word' id='word_1_184' title='bbox 2434 3200 2554 3258; x_wconf 90' lang='lat' dir='ltr'>cet.</span> <span class='ocrx_word' id='word_1_185' title='bbox 2665 3192 2743 3256; x_wconf 91' lang='lat' dir='ltr'>In</span> <span class='ocrx_word' id='word_1_186' title='bbox 2811 3214 2888 3255; x_wconf 91' lang='lat' dir='ltr'>eo</span> 
     </span>
     <span class='ocr_line' id='line_1_25' title="bbox 582 3301 2893 3386; baseline -0.002 -20"><span class='ocrx_word' id='word_1_187' title='bbox 582 3304 1066 3386; x_wconf 77' lang='lat' dir='ltr'>supplementO,</span> <span class='ocrx_word' id='word_1_188' title='bbox 1135 3324 1263 3384; x_wconf 91' lang='lat' dir='ltr'>quo</span> <span class='ocrx_word' id='word_1_189' title='bbox 1333 3302 1522 3385; x_wconf 82' lang='lat' dir='ltr'>vulgo</span> <span class='ocrx_word' id='word_1_190' title='bbox 1592 3310 1897 3381; x_wconf 85' lang='lat' dir='ltr'>utuntur,</span> <span class='ocrx_word' id='word_1_191' title='bbox 1977 3303 2294 3367; x_wconf 81' lang='lat' dir='ltr'>inusitate</span> <span class='ocrx_word' id='word_1_192' title='bbox 2366 3302 2610 3366; x_wconf 89' lang='lat' dir='ltr'>dicitur</span> <span class='ocrx_word' id='word_1_193' title='bbox 2676 3301 2893 3363; x_wconf 91' lang='lat' dir='ltr'>circa</span> 
     </span>
     <span class='ocr_line' id='line_1_26' title="bbox 581 3409 2890 3475; baseline -0.002 -1"><span class='ocrx_word' id='word_1_194' title='bbox 581 3432 740 3474; x_wconf 88' lang='lat' dir='ltr'>rem</span> <span class='ocrx_word' id='word_1_195' title='bbox 802 3409 1231 3474; x_wconf 86' lang='lat' dir='ltr'>visendam.</span> <span class='ocrx_word' id='word_1_196' title='bbox 1345 3409 1419 3473; x_wconf 90' lang='lat' dir='ltr'>In</span> <span class='ocrx_word' id='word_1_197' title='bbox 1492 3411 2019 3474; x_wconf 87' lang='lat' dir='ltr'>armamentariis</span> <span class='ocrx_word' id='word_1_198' title='bbox 2076 3417 2141 3475; x_wconf 90' lang='lat' dir='ltr'>et</span> <span class='ocrx_word' id='word_1_199' title='bbox 2198 3410 2449 3474; x_wconf 85' lang='lat' dir='ltr'>horreis</span> <span class='ocrx_word' id='word_1_200' title='bbox 2507 3415 2653 3473; x_wconf 88' lang='lat' dir='ltr'>erat</span> <span class='ocrx_word' id='word_1_201' title='bbox 2707 3414 2890 3471; x_wconf 87' lang='lat' dir='ltr'>totus</span> 
     </span>
     <span class='ocr_line' id='line_1_27' title="bbox 581 3514 2891 3601; baseline -0.001 -21"><span class='ocrx_word' id='word_1_202' title='bbox 581 3518 737 3581; x_wconf 89' lang='lat' dir='ltr'>belli</span> <span class='ocrx_word' id='word_1_203' title='bbox 785 3524 1163 3600; x_wconf 84' lang='lat' dir='ltr'>apparatus.</span> <span class='ocrx_word' id='word_1_204' title='bbox 1235 3516 1479 3597; x_wconf 89' lang='grc'>(1863.)</span> <span class='ocrx_word' id='word_1_205' title='bbox 1570 3516 1602 3600; x_wconf 64' lang='grc' dir='ltr'>ἓ</span> <span class='ocrx_word' id='word_1_206' title='bbox 1658 3521 1734 3580; x_wconf 90' lang='grc'>10</span> <span class='ocrx_word' id='word_1_207' title='bbox 1783 3518 1926 3599; x_wconf 91' lang='lat' dir='ltr'>(ubi</span> <span class='ocrx_word' id='word_1_208' title='bbox 1972 3519 2351 3601; x_wconf 82' lang='lat' dir='ltr'>exponitur,</span> <span class='ocrx_word' id='word_1_209' title='bbox 2416 3516 2576 3599; x_wconf 90' lang='lat' dir='ltr'>quid</span> <span class='ocrx_word' id='word_1_210' title='bbox 2622 3514 2891 3580; x_wconf 87' lang='lat' dir='ltr'>Clodius</span> 
     </span>
     <span class='ocr_line' id='line_1_28' title="bbox 580 3623 2890 3709; baseline -0.001 -21"><span class='ocrx_word' id='word_1_211' title='bbox 580 3625 845 3688; x_wconf 89' lang='lat' dir='ltr'>Licinus</span> <span class='ocrx_word' id='word_1_212' title='bbox 891 3624 970 3687; x_wconf 90' lang='lat' dir='ltr'>de</span> <span class='ocrx_word' id='word_1_213' title='bbox 1019 3623 1092 3701; x_wconf 87' lang='lat' dir='ltr'>Q.</span> <span class='ocrx_word' id='word_1_214' title='bbox 1141 3623 1457 3688; x_wconf 91' lang='lat' dir='ltr'>Pleminio</span> <span class='ocrx_word' id='word_1_215' title='bbox 1504 3625 1931 3706; x_wconf 87' lang='lat' dir='ltr'>narraverit):</span> <span class='ocrx_word' id='word_1_216' title='bbox 1999 3623 2423 3709; x_wconf 87' lang='lat' dir='ltr'>patefacto</span> <span class='ocrx_word' id='word_1_217' title='bbox 2482 3623 2666 3688; x_wconf 90' lang='lat' dir='ltr'>dein</span> <span class='ocrx_word' id='word_1_218' title='bbox 2727 3643 2890 3687; x_wconf 86' lang='lat' dir='ltr'>sce-</span> 
     </span>
     <span class='ocr_line' id='line_1_29' title="bbox 581 3728 2889 3814; baseline -0.002 -18"><span class='ocrx_word' id='word_1_219' title='bbox 581 3732 757 3796; x_wconf 89' lang='lat' dir='ltr'>lere</span> <span class='ocrx_word' id='word_1_220' title='bbox 819 3731 1282 3814; x_wconf 86' lang='lat' dir='ltr'>delegatum</span> <span class='ocrx_word' id='word_1_221' title='bbox 1339 3733 1417 3795; x_wconf 92' lang='lat' dir='ltr'>in</span> <span class='ocrx_word' id='word_1_222' title='bbox 1463 3731 1925 3797; x_wconf 88' lang='lat' dir='ltr'>Tullianum</span> <span class='ocrx_word' id='word_1_223' title='bbox 1979 3755 2067 3797; x_wconf 86' lang='lat' dir='ltr'>ex</span> <span class='ocrx_word' id='word_1_224' title='bbox 2126 3731 2187 3797; x_wconf 90' lang='lat' dir='ltr'>S.</span> <span class='ocrx_word' id='word_1_225' title='bbox 2238 3730 2305 3796; x_wconf 85' lang='lat' dir='ltr'>C.</span> <span class='ocrx_word' id='word_1_226' title='bbox 2420 3730 2590 3808; x_wconf 85' lang='lat' dir='ltr'>Quid</span> <span class='ocrx_word' id='word_1_227' title='bbox 2646 3728 2889 3813; x_wconf 83' lang='lat' dir='ltr'>signifi-</span> 
     </span>
     <span class='ocr_line' id='line_1_30' title="bbox 578 3838 2887 3924; baseline -0.002 -21"><span class='ocrx_word' id='word_1_228' title='bbox 578 3847 783 3918; x_wconf 86' lang='lat' dir='ltr'>cetur,</span> <span class='ocrx_word' id='word_1_229' title='bbox 845 3845 1114 3904; x_wconf 86' lang='lat' dir='ltr'>constat</span> <span class='ocrx_word' id='word_1_230' title='bbox 1161 3846 1227 3903; x_wconf 92' lang='lat' dir='ltr'>et</span> <span class='ocrx_word' id='word_1_231' title='bbox 1275 3838 1430 3903; x_wconf 80' lang='lat' dir='ltr'>dicit</span> <span class='ocrx_word' id='word_1_232' title='bbox 1477 3841 1745 3924; x_wconf 89' lang='lat' dir='ltr'>proprio</span> <span class='ocrx_word' id='word_1_233' title='bbox 1796 3841 1989 3905; x_wconf 87' lang='lat' dir='ltr'>verbo</span> <span class='ocrx_word' id='word_1_234' title='bbox 2038 3839 2257 3904; x_wconf 83' lang='lat' dir='ltr'>Livius</span> <span class='ocrx_word' id='word_1_235' title='bbox 2303 3838 2597 3918; x_wconf 84' lang='lat' dir='ltr'>XXXIV,</span> <span class='ocrx_word' id='word_1_236' title='bbox 2657 3844 2759 3917; x_wconf 83' lang='lat'>44,</span> <span class='ocrx_word' id='word_1_237' title='bbox 2819 3842 2887 3899; x_wconf 82' lang='lat' dir='ltr'>S:</span> 
     </span>
     <span class='ocr_line' id='line_1_31' title="bbox 575 3947 2887 4029; baseline -0.001 -18"><span class='ocrx_word' id='word_1_238' title='bbox 575 3950 662 4012; x_wconf 86' lang='lat' dir='ltr'>in</span> <span class='ocrx_word' id='word_1_239' title='bbox 724 3948 1203 4011; x_wconf 83' lang='lat' dir='ltr'>inferiorem</span> <span class='ocrx_word' id='word_1_240' title='bbox 1261 3947 1664 4013; x_wconf 87' lang='lat' dir='ltr'>demissus</span> <span class='ocrx_word' id='word_1_241' title='bbox 1725 3969 2137 4013; x_wconf 87' lang='lat' dir='ltr'>carcerem</span> <span class='ocrx_word' id='word_1_242' title='bbox 2187 3953 2311 4011; x_wconf 85' lang='lat' dir='ltr'>est</span> <span class='ocrx_word' id='word_1_243' title='bbox 2358 3953 2887 4029; x_wconf 85' lang='lat' dir='ltr'>necatusque,</span> 
     </span>
     <span class='ocr_line' id='line_1_32' title="bbox 582 4055 2890 4139; baseline -0.001 -21"><span class='ocrx_word' id='word_1_244' title='bbox 582 4078 714 4139; x_wconf 90' lang='lat' dir='ltr'>quo</span> <span class='ocrx_word' id='word_1_245' title='bbox 783 4055 940 4119; x_wconf 85' lang='lat' dir='ltr'>item</span> <span class='ocrx_word' id='word_1_246' title='bbox 1007 4055 1217 4118; x_wconf 86' lang='lat' dir='ltr'>utitur</span> <span class='ocrx_word' id='word_1_247' title='bbox 1277 4055 1627 4121; x_wconf 83' lang='lat' dir='ltr'>Sallustius</span> <span class='ocrx_word' id='word_1_248' title='bbox 1687 4057 1765 4121; x_wconf 86' lang='lat' dir='ltr'>de</span> <span class='ocrx_word' id='word_1_249' title='bbox 1822 4055 2102 4120; x_wconf 83' lang='lat' dir='ltr'>Lentulo</span> <span class='ocrx_word' id='word_1_250' title='bbox 2164 4055 2334 4138; x_wconf 89' lang='lat' dir='ltr'>(Cat.</span> <span class='ocrx_word' id='word_1_251' title='bbox 2387 4059 2497 4118; x_wconf 83' lang='lat'>55:</span> <span class='ocrx_word' id='word_1_252' title='bbox 2568 4056 2648 4118; x_wconf 90' lang='lat' dir='ltr'>in</span> <span class='ocrx_word' id='word_1_253' title='bbox 2718 4075 2890 4118; x_wconf 91' lang='lat' dir='ltr'>eum</span> 
     </span>
     <span class='ocr_line' id='line_1_33' title="bbox 580 4162 2889 4246; baseline -0.002 -19"><span class='ocrx_word' id='word_1_254' title='bbox 580 4163 875 4242; x_wconf 86' lang='lat' dir='ltr'>locum,</span> <span class='ocrx_word' id='word_1_255' title='bbox 933 4162 993 4227; x_wconf 92' lang='lat' dir='ltr'>h.</span> <span class='ocrx_word' id='word_1_256' title='bbox 1044 4185 1096 4227; x_wconf 91' lang='lat' dir='ltr'>e.</span> <span class='ocrx_word' id='word_1_257' title='bbox 1147 4163 1538 4243; x_wconf 84' lang='lat' dir='ltr'>Tullianum,</span> <span class='ocrx_word' id='word_1_258' title='bbox 1602 4164 2044 4244; x_wconf 76' lang='lat' dir='ltr'>demissus).</span> <span class='ocrx_word' id='word_1_259' title='bbox 2162 4163 2290 4228; x_wconf 84' lang='lat' dir='ltr'>Sed</span> <span class='ocrx_word' id='word_1_260' title='bbox 2339 4163 2725 4246; x_wconf 83' lang='lat' dir='ltr'>delegare</span> <span class='ocrx_word' id='word_1_261' title='bbox 2770 4182 2889 4244; x_wconf 91' lang='lat' dir='ltr'>pro</span> 
     </span>
     <span class='ocr_line' id='line_1_34' title="bbox 583 4269 2890 4355; baseline -0.001 -22"><span class='ocrx_word' id='word_1_262' title='bbox 583 4270 1015 4335; x_wconf 84' lang='lat' dir='ltr'>demittere</span> <span class='ocrx_word' id='word_1_263' title='bbox 1076 4271 1408 4343; x_wconf 77' lang='lat' dir='ltr'>sine,ullo</span> <span class='ocrx_word' id='word_1_264' title='bbox 1468 4271 1764 4355; x_wconf 78' lang='lat' dir='ltr'>exemplo</span> <span class='ocrx_word' id='word_1_265' title='bbox 1828 4272 2099 4351; x_wconf 80' lang='lat' dir='ltr'>dicitur3</span> <span class='ocrx_word' id='word_1_266' title='bbox 2170 4271 2347 4355; x_wconf 90' lang='lat' dir='ltr'>quod</span> <span class='ocrx_word' id='word_1_267' title='bbox 2407 4277 2629 4335; x_wconf 88' lang='lat' dir='ltr'>autem</span> <span class='ocrx_word' id='word_1_268' title='bbox 2677 4269 2890 4352; x_wconf 88' lang='lat' dir='ltr'>suspi-</span> 
     </span>
     <span class='ocr_line' id='line_1_35' title="bbox 583 4377 2890 4462; baseline -0.002 -19"><span class='ocrx_word' id='word_1_269' title='bbox 583 4386 817 4444; x_wconf 88' lang='lat' dir='ltr'>cantur</span> <span class='ocrx_word' id='word_1_270' title='bbox 863 4380 1156 4461; x_wconf 88' lang='lat' dir='ltr'>quidam,</span> <span class='ocrx_word' id='word_1_271' title='bbox 1214 4380 1470 4443; x_wconf 73' lang='lat' dir='ltr'>Livium</span> <span class='ocrx_word' id='word_1_272' title='bbox 1527 4379 1594 4442; x_wconf 89' lang='lat' dir='ltr'>id</span> <span class='ocrx_word' id='word_1_273' title='bbox 1642 4378 1909 4442; x_wconf 84' lang='lat' dir='ltr'>verbum</span> <span class='ocrx_word' id='word_1_274' title='bbox 1955 4400 1994 4442; x_wconf 89' lang='lat' dir='ltr'>a</span> <span class='ocrx_word' id='word_1_275' title='bbox 2042 4379 2273 4443; x_wconf 90' lang='lat' dir='ltr'>Clodio</span> <span class='ocrx_word' id='word_1_276' title='bbox 2322 4379 2707 4462; x_wconf 85' lang='lat' dir='ltr'>sumpsisse,</span> <span class='ocrx_word' id='word_1_277' title='bbox 2766 4377 2890 4441; x_wconf 84' lang='lat' dir='ltr'>etsi</span> 
     </span>
     <span class='ocr_line' id='line_1_36' title="bbox 583 4485 2892 4570; baseline -0.001 -20"><span class='ocrx_word' id='word_1_278' title='bbox 583 4487 803 4551; x_wconf 78' lang='lat' dir='ltr'>Livius</span> <span class='ocrx_word' id='word_1_279' title='bbox 851 4487 1229 4553; x_wconf 85' lang='lat' dir='ltr'>huiusmodi</span> <span class='ocrx_word' id='word_1_280' title='bbox 1277 4487 1577 4551; x_wconf 87' lang='lat' dir='ltr'>obsoleta</span> <span class='ocrx_word' id='word_1_281' title='bbox 1623 4486 1827 4550; x_wconf 82' lang='lat' dir='ltr'>verba</span> <span class='ocrx_word' id='word_1_282' title='bbox 1859 4486 2338 4569; x_wconf 82' lang='lat' dir='ltr'>verborumque</span> <span class='ocrx_word' id='word_1_283' title='bbox 2376 4485 2892 4570; x_wconf 84' lang='lat' dir='ltr'>significationes</span> 
     </span>
    </p>
   </div>
  </div>
 </body>
</html>
