3230 5282
1458 587 1582 646 445

367 774 734 854 recepta3
816 790 990 832 nam
1067 767 1344 832 fuerat
1409 767 1813 849 quondam
1879 768 2330 834 AEtolorum
2402 771 2495 834 sic
2562 792 2670 835 ex-

363 878 568 962 pleta:
638 897 813 940 nam
871 874 1143 939 fuerat
1200 875 1600 957 quondam
1656 876 1734 940 in
1783 875 2228 941 AEtolorum
2296 878 2654 961 imperi0,
2694 885 2838 955 (363)

372 991 512 1049 tum
573 986 639 1048 in
698 982 1033 1061 XXXVII,
1104 987 1218 1061 48,
1290 986 1328 1046 6
1399 983 1837 1049 substitutum
1915 984 2220 1049 adiecit
2297 1007 2416 1069 pro
2486 987 2672 1051 sub-

368 1093 585 1157 texit
631 1097 697 1156 et
742 1090 1054 1169 XXXIX,
1115 1097 1185 1170 4,
1245 1094 1284 1153 8
1329 1092 1783 1156 notissimae
1838 1112 1959 1176 pro
2015 1093 2671 1176 nobilissimae)¹),

372 1199 610 1265 deinde
670 1199 957 1282 antiquae
1014 1204 1082 1262 et
1138 1218 1305 1262 verae
1354 1200 1702 1281 scripturae
1748 1200 1815 1262 in
1860 1197 2331 1282 Bambergensi
2379 1208 2672 1278 servatae,

369 1329 512 1390 quae
558 1308 626 1370 in
671 1307 1054 1389 Moguntino
1101 1327 1232 1370 non
1276 1305 1557 1370 fuerunt.
1640 1304 2050 1388 Quamquam
2097 1308 2268 1371 enim
2314 1309 2675 1392 permultae,

370 1436 514 1497 quae
571 1434 744 1478 nunc
790 1435 825 1478 e
872 1413 1013 1478 solo
1061 1413 1528 1493 Bambergensi
1573 1419 1921 1493 notantur,
1990 1414 2081 1479 ibi
2128 1437 2271 1480 esse
2317 1423 2677 1499 potuerunt

372 1522 580 1604 (velut
639 1524 799 1605 ipsae
860 1520 986 1585 illae
1044 1522 1111 1585 in
1171 1521 1360 1585 initio
1417 1521 1572 1585 libri
1634 1521 1909 1585 XXXIV
1965 1523 2305 1606 gemmulae
2362 1545 2414 1587 c.
2462 1527 2533 1603 2,
2599 1527 2674 1586 10

372 1633 541 1696 sine
608 1636 882 1694 tutore
950 1635 1314 1706 auctore,
1384 1650 1436 1692 c.
1482 1634 1542 1707 4,
1610 1633 1685 1693 18
1735 1629 2195 1694 exorabilis
2241 1651 2323 1695 es
2371 1637 2440 1696 et
2483 1630 2676 1711 aliae),

370 1739 832 1821 relinquuntur
897 1745 1116 1801 tamen
1185 1736 1359 1815 aliae,
1430 1739 1496 1801 in
1569 1737 1806 1818 quibus
1874 1737 2163 1801 dubitari
2222 1746 2536 1822 nequeat,
2604 1745 2678 1803 ut

373 1847 637 1930 egregia
681 1845 797 1910 illa
842 1847 906 1909 in
954 1843 1258 1923 XXXVI,
1315 1848 1426 1922 25,
1485 1849 1552 1908 3:
1620 1845 2027 1926 regionem
2086 1846 2416 1910 maxime
2465 1845 2677 1911 Oetae

374 1959 735 2038 spectat,
803 1953 1105 2037 oppido
1165 1973 1395 2036 quam
1453 1952 1698 2017 breve
1757 1952 2313 2032 intervallum,
2379 1953 2492 2018 ubi
2550 1954 2678 2019 Ge-

373 2063 584 2127 lenius
630 2063 698 2126 in
742 2061 1127 2143 Moguntino
1176 2065 1462 2124 testatur
1508 2081 1683 2125 esse:
1742 2061 2146 2142 regionem
2204 2082 2291 2126 ea
2336 2064 2678 2126 maxime

374 2170 818 2253 despectat
876 2166 1292 2251 oppidum,
1365 2153 1522 2249 qua
1575 2167 1819 2233 breve
1880 2168 2456 2249 intervallum).
2558 2170 2679 2233 Po-

375 2285 619 2342 stremo
697 2276 870 2341 idem
950 2275 1289 2339 declarant
1354 2280 1613 2339 retenta
1680 2276 1961 2339 maxime
2028 2276 2094 2339 in
2162 2275 2333 2339 libro
2402 2273 2680 2339 XXXIII

373 2385 595 2469 plura,
665 2404 810 2465 quae
880 2384 946 2446 in
1003 2383 1385 2464 Moguntino
1444 2382 1827 2446 exciderant
1891 2382 2186 2464 (collegit
2241 2404 2321 2447 ea
2377 2382 2680 2467 Kreyssi-

375 2494 521 2575 gius
555 2491 730 2575 praef.
757 2514 819 2575 p.
845 2490 938 2554 IX
963 2488 1154 2573 sqq.).
1227 2487 1387 2553 Cum
1425 2489 1893 2573 Bambergensi
1930 2492 2026 2555 ita
2059 2492 2540 2574 coniunguntur
2576 2512 2682 2555 co-

378 2601 554 2666 dices
599 2599 931 2683 vulgares,
1001 2604 1075 2663 ut
1132 2605 1456 2681 appareat
1517 2618 1630 2663 eos
1688 2619 1816 2663 non
1874 2620 1952 2663 ex
1999 2599 2142 2682 ipso
2189 2598 2679 2683 Bambergensi,

378 2709 492 2773 sed
539 2730 618 2773 ex
663 2708 797 2773 alio
845 2707 1042 2772 simili
1089 2714 1270 2771 ortos
1318 2727 1457 2771 esse
1504 2712 1572 2770 et
1617 2708 1855 2771 sensim
1904 2706 2349 2788 degenerasse.
2442 2707 2570 2772 Sed
2615 2709 2681 2773 in

376 2818 699 2880 communi
744 2816 858 2879 illo
904 2821 1206 2899 parente,
1277 2835 1354 2878 ex
1415 2835 1545 2897 quo
1603 2821 1672 2878 et
1715 2813 2216 2897 Bambergensis
2277 2821 2343 2878 et
2401 2814 2683 2879 deterio-

434 3088 449 3118 ¹
573 3086 722 3139 Huiu
805 3103 837 3138 a
909 3087 918 3097 '
964 3087 1020 3138 ui
1060 3086 1109 3138 ri
1190 3090 1247 3138 et
1335 3085 1345 3096 ‘
1449 3085 1659 3137 licioris
1714 3085 1733 3137 i
1912 3101 1943 3135 ο
2003 3084 2145 3136 tioni
2263 3081 2319 3135 fo
2599 3100 2628 3135 r
2664 3113 2685 3125 ·

461 3088 478 3152 )
516 3083 686 3224 lionis
726 3092 1061 3224 sumini-{etse
1107 3102 1445 3235 renutanzizp
1468 3170 1578 3224 alia
1627 3090 1906 3240 θκθῐῖιῗὲ)
1928 3084 2026 3222 alst
2071 3100 2685 3221 moltiifesfflzetlmlr

516 3261 613 3309 aut
647 3255 927 3326 probabili
966 3255 1281 3324 suspicione
1319 3254 1820 3324 deprehenduntur
1853 3253 1940 3307 his
1969 3270 2191 3322 quoque
2227 3253 2392 3307 locis:
2430 3252 2684 3317 XXXVI,

487 3344 606 3411 ⁸1'7',
678 3343 710 3395 5
763 3341 1351 3396 bellicosissimae
1417 3357 1520 3408 pro
1584 3340 2068 3404 ferocissimae,
2133 3355 2300 3406 quum
2365 3338 2684 3406 proesertim

514 3426 731 3480 duobus
762 3431 894 3494 post
918 3426 1173 3479 versibus
1202 3430 1469 3494 sequatur
1494 3442 1607 3477 rex
1634 3423 2243 3490 bellicosissimus,
2261 3421 2539 3485 XXXVII,
2554 3424 2681 3487 28,1

515 3513 584 3566 in
621 3512 805 3580 agris
843 3512 1055 3580 proin
1094 3510 1334 3576 oculis,
1364 3509 1671 3576 XXXVIII,
1708 3513 1757 3575 2,
1793 3510 1826 3561 6
1862 3508 2362 3575 concitatoque
2400 3507 2684 3575 agmine,

512 3599 606 3663 28,
656 3600 689 3648 4
732 3597 989 3665 pluviae
1026 3613 1132 3665 pro
1179 3611 1384 3663 aquoe,
1420 3597 1504 3661 42,
1550 3599 1607 3647 11
1649 3594 2048 3648 vaendentes
2083 3609 2186 3661 pro
2222 3591 2685 3658 venditantes,

514 3684 597 3747 52,
634 3683 667 3734 2
701 3686 773 3734 ut
808 3698 915 3735 res
951 3698 1104 3733 esse
1141 3680 1497 3748 inciperet
1532 3697 1634 3748 pro
1673 3686 1746 3733 ut
1781 3696 1934 3732 reus
1974 3694 2119 3732 esse
2156 3678 2391 3744 sciret,
2432 3676 2686 3744 XXXIX,

513 3768 605 3831 20,
652 3768 686 3819 8
722 3782 840 3819 nec
884 3766 1069 3834 prius
1116 3780 1220 3833 pro
1267 3764 1477 3832 prius.
1568 3765 1844 3819 Maiorem
1892 3762 2300 3817 dubitationem
2347 3760 2551 3815 habere
2600 3761 2682 3814 vi-

516 3852 720 3904 dentur
766 3851 879 3903 alia
914 3849 1200 3917 quaedam,
1250 3854 1312 3902 ut
1347 3849 1612 3917 XXXVI,
1663 3852 1750 3915 17,
1805 3853 1827 3902 1
1870 3854 2217 3918 occupata
2264 3864 2366 3915 pro
2416 3847 2687 3899 insessa

515 3941 573 3990 et
607 3934 900 4001 XXXVII,
945 3936 1038 4000 26,
1088 3938 1152 3987 10
1188 3933 1554 3988 detinebat
1588 3951 1693 4003 pro
1731 3934 2162 4000 offendebat,
2200 3932 2404 3994 minus,
2442 3935 2504 3984 ut
2538 3930 2687 3983 vide·

513 4027 628 4088 tur,
678 4019 750 4074 ad
796 4019 1139 4074 sententiam
1184 4024 1395 4087 aptum.
1487 4019 1630 4073 Mire
1666 4019 1926 4086 XXXIX,
1972 4021 2067 4085 36,
2114 4021 2148 4072 8
2183 4035 2290 4087 pro
2339 4033 2404 4069 eo
2441 4015 2685 4080 nomine,

513 4105 663 4175 quod
699 4106 877 4160 ceteri
910 4104 1124 4157 habent
1152 4102 1239 4171 (Q.
1274 4103 1656 4171 Caecilium)
1686 4105 1767 4159 rei
1805 4110 1863 4158 et
1899 4104 2171 4173 superiori
2209 4101 2521 4155 narrationi
2559 4117 2687 4155 con·

513 4191 757 4256 veniens,
794 4190 1160 4243 substituitur
1192 4191 1254 4243 in
1289 4189 1442 4258 Mog.
1464 4188 1524 4243 P.
1546 4188 1953 4258 Sulpitium;
1990 4206 2121 4243 nam
2149 4185 2402 4252 XXXIX,
2444 4188 2522 4253 19,
2558 4188 2594 4238 4
2627 4185 2687 4238 in

512 4275 752 4330 mirifico
789 4274 914 4330 illo:
965 4292 1134 4328 neve
1172 4291 1423 4329 censor
1454 4274 1772 4329 Licinius
1812 4291 2055 4342 equum
2091 4272 2443 4342 publicum
2479 4271 2686 4339 assig-

512 4368 722 4415 naret
776 4364 969 4429 potest
1024 4361 1255 4414 subesse
1306 4359 1495 4427 aliqua
1539 4378 1609 4414 ex
1654 4367 1814 4429 parte
1861 4358 2156 4413 Carbaehii
2202 4354 2431 4426 legendi
2478 4353 2683 4408 error.“

513 4446 600 4500 Ex
636 4445 795 4515 praes.
833 4444 981 4498 Livii
1019 4445 1127 4497 vol.
1166 4443 1257 4498 111
1290 4442 1426 4497 fasc.
1467 4442 1541 4512 2.J
