3230 5282
1372 623 1494 685 669
1952 697 1964 708 ,
2218 636 2341 693 Lib.
2377 637 2575 693 xnm.

289 813 404 890 est,
447 815 524 875 ut
567 811 768 895 prius,
814 830 1009 894 quam
1066 808 1364 876 consules
1419 808 1787 893 provincias
1842 809 2260 891 sortirentur,
2317 810 2579 896 supple·

287 917 579 984 mentum
622 919 690 985 in
734 927 1082 1002 utramque
1128 917 1529 1004 provinciam
1597 917 2093 999 decerneretur,
2151 918 2386 984 deinde
2440 918 2581 985 haec

287 1025 433 1110 ipsa
475 1026 938 1113 supplementa
982 1027 1249 1093 decreta
1293 1031 1473 1108 sunt;
1519 1045 1851 1111 praveque
1895 1033 2208 1093 narratur
2250 1026 2580 1111 placuisse

291 1131 551 1200 decerni
597 1143 862 1207 certum
890 1157 1269 1216 numerum3
1334 1136 1394 1200 is
1451 1135 1625 1202 enim
1680 1134 1985 1202 decretus
2039 1142 2141 1202 est
2187 1135 2581 1220 (placuit),

286 1261 413 1306 non
454 1242 709 1327 placuit
755 1265 902 1310 eum
949 1243 1231 1309 decerni.
1297 1243 1548 1309 Vitium
1593 1244 1938 1310 sententia>
1983 1249 2051 1309 et
2095 1245 2414 1311 orationis
2458 1244 2584 1310 tol-

285 1348 553 1417 lendum
620 1359 724 1419 est
789 1352 1093 1437 suppleto
1159 1351 1390 1432 verbo,
1458 1351 1637 1436 quod
1692 1351 1795 1418 bis
1841 1352 2131 1436 positum
2176 1374 2216 1418 a
2257 1350 2439 1417 Livio
2487 1351 2583 1417 di-

285 1478 474 1524 versa
515 1458 731 1527 forma
776 1461 976 1527 semel
1021 1481 1063 1526 a
1105 1459 1375 1526 librario
1420 1460 1739 1544 scriptum
1784 1467 1914 1526 est:
1958 1459 2276 1546 placuit
2318 1494 2403 1506 --
2448 1459 2582 1526 de-

288 1568 533 1634 cerni.
625 1569 1189 1636 Decreverunt
1230 1570 1309 1634 in
1353 1568 1906 1634 Macedoniam
1951 1574 2072 1635 cet.
2165 1566 2411 1650 (1864.)

456 1675 619 1763 Cap.
672 1680 768 1757 13,
820 1682 884 1742 1:
943 1676 1114 1743 Non
1160 1695 1326 1743 sum
1380 1677 1746 1757 nescius,
1814 1677 1909 1743 ab
1965 1677 2244 1743 eadem
2308 1676 2578 1761 negle·
2616 1680 2755 1749 (554)

287 1786 592 1867 gentia‚
662 1806 815 1870 qua
858 1784 1069 1851 nihil
1117 1785 1310 1851 deos
1366 1784 1863 1870 portendere
1916 1786 2150 1871 vulgo
2218 1784 2584 1867 credant,

286 1912 548 1977 neque
614 1895 989 1960 nuntiari
1035 1892 1455 1959 admodum
1521 1892 1693 1959 ulla
1745 1893 2128 1979 prodigia
2177 1896 2259 1960 in
2317 1894 2585 1980 publi-

289 2019 457 2066 cum
500 2023 764 2087 neque
811 2005 889 2068 in
935 2001 1290 2068 annales
1335 1998 1656 2067 referri.
1727 2000 2090 2087 (Ulla'pro
2135 2002 2363 2069 nulla
2406 2009 2585 2070 recte

291 2107 685 2193 Gronovius3
753 2109 1028 2176 mirifica
1070 2109 1340 2176 molitur
1381 2108 1954 2176 Weissenbornius
1997 2131 2249 2197 neque
2293 2111 2586 2194 tollens)

289 2214 432 2283 Non
475 2225 660 2286 recte
706 2219 1051 2285 nuntiandi
1097 2217 1398 2302 prodigia
1455 2222 1524 2283 et
1580 2218 1649 2282 in
1704 2217 1973 2284 annales
2016 2218 2340 2285 referendi
2385 2220 2588 2284 inter—

291 2326 511 2394 missio
559 2334 1003 2413 comparatur‚
1048 2333 1385 2412 tamquam
1422 2326 1681 2393 diversa
1714 2328 1818 2406 sit,
1866 2348 2012 2392 cum
2050 2348 2129 2393 ea
2160 2327 2590 2413 neglegentia,

289 2452 419 2515 qua
462 2436 627 2502 deos
671 2435 836 2502 nihil
880 2435 1275 2520 portendere
1318 2433 1512 2520 vulgo
1559 2434 1834 2501 credant
1878 2434 2052 2521 (quae
2096 2444 2419 2521 praeterea
2459 2456 2590 2502 non

291 2543 713 2629 neglegentia
759 2550 880 2624 est,
930 2543 1047 2610 sed
1094 2544 1314 2628 opinio
1361 2544 1494 2609 sive
1537 2549 1726 2609 recta
1769 2544 1902 2609 sive
1944 2543 2195 2629 prava).
2274 2544 2481 2611 Recta
2526 2552 2592 2612 et

294 2659 449 2737 apta
495 2654 827 2721 sententia
867 2653 1007 2719 haec
1057 2658 1176 2733 est,
1222 2653 1400 2738 quod
1441 2674 1567 2719 nec
1606 2652 1903 2719 homines
1946 2653 2248 2738 prodigia
2290 2655 2594 2719 nuntient

293 2780 413 2826 nec
455 2763 816 2848 scriptores
873 2764 942 2828 in
990 2761 1257 2828 annales
1317 2781 1397 2827 ea
1448 2759 1771 2841 referant,
1838 2782 1970 2826 una
2026 2762 2383 2844 eademque
2447 2760 2594 2828 fieri

289 2869 708 2955 neglegentia
753 2892 831 2937 ex
880 2891 956 2936 eo
1004 2876 1170 2951 orta,
1216 2868 1396 2953 quod
1439 2868 1605 2934 nihil
1654 2869 1811 2935 deos
1855 2868 2252 2953 portendere
2298 2868 2589 2934 credant.

291 2974 389 3042 Ea
455 2980 787 3045 sententia
850 2980 919 3045 in
982 2978 1148 3043 Livii
1215 2977 1434 3043 verbis
1503 2978 1661 3057 erit,
1709 2978 1794 3056 si,
1863 2998 1995 3043 una
2058 2976 2283 3042 littera
2348 2975 2593 3058 addita,

294 3088 782 3173 scripserimus:
853 3086 948 3152 ab
995 3085 1278 3151 eadem
1324 3084 1875 3168 neglegentia,
1922 3084 2101 3163 qnia
2153 3083 2359 3149 nihil
2404 3084 2591 3150 deos

296 3196 798 3277 portendere
843 3194 1086 3278 vulgo
1132 3192 1491 3259 credant.
1561 3191 1663 3257 Ad
1720 3192 2026 3274 ea'dem,
2073 3192 2247 3276 quod
2293 3189 2593 3257 absolute

293 3305 595 3385 ponitur,
654 3304 825 3370 male
890 3301 1459 3369 accommodatum
1526 3306 1627 3366 est
1691 3321 1860 3383 qua.
1950 3300 2153 3367 Paulo
2210 3306 2360 3384 post
2415 3298 2476 3383 (ἓ
2524 3304 2591 3364 3:

294 3409 663 3495 Anagnia
710 3413 863 3478 duo
911 3411 1286 3496 prodigia
1350 3430 1436 3476 eo
1482 3430 1690 3475 anno
1749 3415 1934 3473 sunt
1989 3404 2405 3487 nuntiata,
2474 3407 2591 3473 fa-

295 3536 460 3584 cem
524 3522 601 3584 in
647 3519 837 3585 eaelo
885 3527 1410 3605 conspectam
1477 3525 1555 3583 et
1609 3517 1885 3583 bovem
1940 3514 2315 3582 feminam
2371 3515 2591 3582 locu-

297 3631 455 3693 tam
499 3627 828 3712 publice
876 3626 1012 3710 ali)
1059 3635 1241 3694 recte
1287 3626 1591 3693 Dukerus
1639 3624 2133 3704 animadvertit,
2178 3645 2481 3709 perverse
2526 3626 2595 3690 in

219 3740 220 3749 ’
298 3736 574 3819 prodigii
640 3737 928 3803 nuntiati
994 3745 1188 3821 parte
1234 3736 1416 3820 poni,
1474 3732 1655 3818 quod
1712 3732 1873 3798 alibi
1938 3733 2237 3798 nuntiato
2294 3732 2600 3818 prodigio·

300 3840 632 3910 decretum
678 3850 1017 3924 narratur,
1087 3850 1163 3909 ut
1217 3843 1335 3910 bos
1390 3842 1614 3908 locuta
1657 3839 1918 3925 publice
1974 3840 2264 3907 aleretur
2308 3839 2595 3923 (XXXV,

300 3951 396 4034 21,
439 3952 609 4033 XLI,
661 3951 787 4035 13).
875 3952 1156 4018 Videtur
1218 3950 1469 4031 Livius,
1537 3950 1681 4034 qui,
1742 3949 1898 4031 quid
1954 3956 2322 4015 ceterorum
2376 3948 2597 4032 prodi·

300 4060 556 4141 giorum
621 4082 824 4128 causa
887 4060 1138 4127 factum
1206 4060 1321 4140 sit,
1387 4063 1626 4142 postea
1693 4058 2088 4123 coniunctim
2147 4056 2441 4139 exponit,
2508 4055 2596 4136 id,

301 4168 477 4250 quod
546 4169 630 4235 ad
692 4168 818 4235 hoc
882 4190 1083 4235 unum
1148 4166 1519 4253 prodigium
1575 4165 1983 4251 pertinebat,
2042 4165 2267 4229 statim
2310 4164 2599 4247 interpo-

303 4278 532 4359 suisse,
577 4277 704 4345 hac
747 4278 883 4344 fere
926 4278 1166 4344 forma:
1214 4281 1294 4342 et
1337 4275 1619 4341 bovem
1663 4274 2034 4339 feminam
2078 4271 2470 4352 locutam3
2514 4305 2602 4317 —

303 4403 391 4451 ea
433 4385 760 4470 publice
806 4386 915 4452 ali
960 4387 1219 4466 iussa3
1263 4420 1350 4428 —
1390 4382 1836 4448 Minturnis
1881 4387 2006 4446 cet.
2099 4379 2165 4445 Si
2212 4380 2339 4464 ipsi
2385 4380 2599 4461 Anag-

302 4495 435 4559 nini
504 4515 602 4575 se,
671 4493 736 4560 id
805 4494 980 4577 quod
1038 4493 1300 4560 decerni
1359 4490 1636 4571 soleret,
1697 4496 1890 4555 caute
1936 4508 2293 4572 occupasse
2337 4488 2601 4552 nuntia-
