3230 5282
666 605 793 663 Lib.
829 606 873 661 Ι.
1783 591 1867 655 50

669 782 969 859 ierant,
1035 784 1401 863 postremO,
1467 782 1542 843 ut
1597 777 1768 861 fugae
1815 776 2205 861 significatio
2253 782 2458 858 esset,
2524 798 2644 861 pro
2702 775 2974 841 ierant

580 922 583 925 1
671 889 990 973 scriptum
1067 886 1464 952 abierant.
1588 886 2020 952 Redeundum
2098 893 2198 952 est
2276 886 2479 970 igitur
2544 884 2632 951 ad
2699 884 2972 949 alteram

670 992 1097 1081 scripturam:
1168 996 1476 1079 quique
1546 1016 1716 1060 cum
1786 1016 1877 1061 eo
1936 996 2092 1059 visi
2152 1000 2412 1075 erant,
2479 1014 2625 1079 quae
2684 993 2740 1058 si
2792 999 2969 1058 recte

669 1111 1047 1185 enarratur,
1124 1104 1468 1188 aptissima
1534 1108 1669 1183 est3
1749 1102 2204 1185 significantur
2270 1103 2440 1168 enim
2507 1101 2791 1185 equiteS,
2858 1100 2969 1184 qui

670 1234 741 1278 se
805 1214 996 1279 initio
1067 1234 1213 1277 cum
1258 1211 1561 1277 ¹Romulo
1634 1211 1843 1276 oculis
1899 1210 2315 1276 Fidenatium
2380 1211 2504 1277 soli
2575 1208 2972 1289 obtulerant,

666 1328 876 1406 portae
922 1320 1402 1405 obequitanteS,
1458 1321 1669 1402 magis
1716 1341 1910 1403 quam
1954 1341 2104 1385 vere
2149 1324 2615 1403 pugnaverant.
2708 1316 2972 1401 (Equi-

666 1436 789 1495 tes
834 1428 1122 1514 procul
1165 1429 1320 1492 visi
1365 1427 1484 1507 IV,
1540 1433 1654 1506 40,
1713 1432 1784 1508 23
1851 1426 2141 1511 procul
2185 1428 2386 1492 visis
2432 1427 2965 1492 Romanorum

666 1538 922 1620 signis
991 1537 1144 1617 VII,
1225 1540 1337 1615 23,
1410 1539 1479 1616 63
1556 1556 1705 1601 nec
1782 1537 2008 1619 prius
2086 1534 2180 1600 ab
2257 1534 2492 1600 hoste
2557 1534 2780 1599 visus
2846 1538 2974 1598 est

662 1644 804 1726 VII,
851 1649 951 1726 34,
1000 1643 1158 1727 7.)¹)

722 1881 767 1947 ¹)
806 1878 1126 1951 [Frigellius
1162 1881 1221 1935 in
1256 1881 1447 1935 libello
1485 1898 1655 1950 supra
1689 1882 1973 1951 appellato
2009 1899 2061 1951 p.
2104 1883 2168 1935 18
2202 1881 2262 1934 in
2296 1880 2340 1934 P
2379 1880 2519 1935 dicit
2553 1897 2676 1935 esse
2700 1868 2968 1948 'quique

800 1982 944 2021 cum
996 1984 1072 2021 eo
1119 1967 1510 2036 quisierant
1555 1972 1614 2022 et
1659 1968 1719 2021 in
1763 1968 2016 2037 margine
2060 1984 2228 2020 manu
2265 1965 2657 2034 antiquissima
2693 1965 2814 2019 sine
2850 1965 2970 2018 ulla

800 2052 1087 2107 inserendi
1128 2056 1270 2107 nota
1314 2052 1566 2121 quique
1602 2070 1750 2109 cum
1788 2053 1980 2121 equis
2018 2053 2358 2117 abierant,
2405 2052 2465 2105 in
2500 2050 2648 2105 Flor.
2689 2050 2743 2104 S.
2782 2050 2960 2105 Marci

799 2137 1052 2206 quique
1096 2154 1238 2192 cum
1284 2154 1358 2192 eo
1397 2137 1651 2206 quique
1687 2154 1835 2192 cum
1872 2138 2024 2206 equi
2184 2141 2380 2191 crant
2415 2136 2553 2191 visi
2598 2141 2806 2192 erant.
2878 2135 2963 2190 De

797 2221 1015 2291 origine
1056 2222 1344 2277 varietatis
1390 2227 1449 2277 et
1491 2223 1561 2277 de
1595 2224 1721 2293 ipsa
1753 2224 2039 2279 locutione
2075 2224 2266 2291 equis
2304 2223 2533 2277 ierant
2566 2239 2766 2292 parum
2799 2225 2954 2276 recte

801 2307 1067 2376 disputat.
1168 2308 1385 2377 Equis
1448 2309 1549 2362 ire
1601 2309 1789 2377 ipsum
1841 2313 2032 2363 motus
2087 2326 2263 2379 genus
2318 2307 2623 2376 significat,
2685 2307 2837 2376 quod
2890 2306 2964 2360 ad

798 2392 949 2447 hunc
992 2393 1177 2447 locum
1221 2393 1361 2447 nihil
1406 2393 1689 2463 pertinet]
1745 2393 1878 2462 Quae
1923 2396 2091 2464 paulo
2129 2400 2261 2449 ante
2297 2394 2561 2463 leguntur
2595 2391 2647 2462 (ξ
2684 2392 2762 2460 7):
2816 2409 2965 2462 par·

798 2484 931 2533 tem
977 2479 1276 2533 militum
1323 2479 1499 2534 locis
1545 2479 1735 2534 circa
1778 2480 1987 2534 densa
2032 2481 2261 2535 obsita
2301 2479 2611 2550 virgulta
2655 2478 2962 2533 obscuris

799 2563 1158 2618 subsidere
1224 2566 1291 2619 in
1354 2565 1637 2619 insidiis
1700 2566 1934 2634 iussit,
2006 2566 2196 2620 multis
2258 2566 2562 2620 multorum
2623 2563 2962 2621 coniecturis

795 2654 1018 2705 tentata
1080 2649 1279 2720 (nuper
1338 2651 1552 2708 Hertzii
1617 2651 1918 2707 admodum
1980 2657 2038 2707 et
2094 2652 2324 2720 audaci,
2389 2654 2572 2708 tribu·
2627 2650 2964 2707 accusativis

794 2741 1120 2791 neutrorum
1155 2739 1214 2791 in
1252 2737 1528 2791 ablativos
1557 2739 1808 2805 mutatis,
1847 2744 1904 2793 et
1935 2737 2183 2807 infelici),
2228 2738 2440 2793 nullam
2466 2737 2837 2791 mutationem
2864 2743 2966 2789 aut

792 2838 1028 2890 poscere
1085 2828 1182 2877 aut
1223 2824 1475 2892 recipere
1521 2824 1778 2878 arbitror.
1872 2823 2066 2880 Circa
2120 2823 2329 2878 densa
2380 2824 2610 2878 obsita
2660 2822 2964 2892 virgulta

793 2907 874 2973 (in
910 2907 1036 2961 dem
1074 2909 1211 2963 fiber
1246 2909 1346 2962 das
1384 2909 1620 2963 Terrain
1653 2915 2000 2964 zerstreuten
2039 2908 2303 2964 Gebsisch
2337 2908 2555 2976 umher)
2585 2908 2778 2963 Livius
2817 2907 2966 2962 dixit

798 2992 996 3046 eodem
1032 2994 1229 3062 modo,
1284 3011 1394 3063 quo
1432 2994 1536 3063 IX,
1592 2998 1660 3049 25
1705 2995 2229 3051 coniurationes
2285 2995 2473 3049 circa
2526 2993 2958 3062 Campaniam

788 3077 1039 3147 passim
1083 3079 1302 3134 factas
1352 3084 1410 3134 et
1444 3080 1623 3148 XXV,
1668 3083 1701 3135 9
1746 3081 1937 3137 circa
1980 3081 2125 3134 vias
2163 3080 2550 3135 discurrere
2588 3078 2706 3148 (cfr.
2745 3077 2948 3144 XXIV,

789 3165 839 3231 3,
875 3163 1086 3233 XXXI,
1132 3168 1165 3219 3
1202 3170 1260 3220 et
1294 3165 1372 3232 8);
1420 3166 1650 3221 obsita
1696 3170 1883 3221 autem
1930 3166 2244 3235 virgulta
2280 3165 2393 3220 dici
2430 3166 2709 3235 potuisse,
2756 3163 2958 3233 quibus

789 3249 969 3304 solum
1023 3250 1268 3305 obsitum
1313 3256 1488 3319 esset,
1543 3252 1649 3306 etsi
1703 3251 1860 3305 nullo
1913 3250 2080 3305 huius
2132 3252 2307 3320 ipsius
2361 3250 2520 3305 verbi
2566 3250 2820 3319 exemplo
2870 3248 2960 3302 de—

788 3335 1039 3389 fenditur
1091 3341 1295 3405 prester
1338 3336 1522 3391 Plauti
1577 3336 1727 3390 Trin.
1774 3338 1906 3404 530,
1960 3339 2088 3404 531,
2144 3336 2401 3405 proxima
2453 3342 2645 3390 tamen
2698 3333 2960 3389 subvenit

791 3421 1019 3488 cognati
1056 3421 1214 3475 verbi
1252 3420 1591 3487 similitudo;
1628 3439 1759 3476 nam
1796 3440 1966 3490 quum
2002 3421 2174 3492 vulgo
2212 3422 2431 3477 conseri
2468 3421 2626 3477 locus
2662 3419 2959 3475 arboribus

792 3503 1042 3571 dicatur,
1098 3510 1288 3561 tamen
1341 3523 1456 3561 non
1509 3507 1689 3560 solum
1737 3506 1875 3561 Cato
1931 3513 1987 3563 et
2030 3508 2290 3563 Tibullus
2344 3508 2521 3561 vites
2573 3511 2633 3561 et
2684 3522 2959 3575 pomum

788 3606 1162 3658 conserere,
1200 3590 1299 3645 sed
1333 3591 1526 3646 Livius
1562 3593 1684 3661 ipse
1714 3591 1800 3660 (X,
1837 3595 1920 3661 24,
1957 3592 2012 3661 5)
2050 3594 2358 3648 arborem
2394 3609 2758 3648 conserere
2795 3590 2954 3644 dixit.

786 3672 1028 3730 Obsita
1063 3681 1248 3730 autem
1283 3678 1473 3746 potius
1511 3695 1679 3746 quam
1714 3679 1987 3733 consita
2022 3678 2073 3732 h.
2113 3679 2148 3732 l.
2180 3679 2385 3748 posuit,
2421 3683 2484 3731 ut
2518 3677 2725 3747 passim
2763 3689 2960 3746 sparsa

787 3764 846 3815 et
908 3765 1272 3830 prospectum
1337 3762 1645 3817 adimentia
1706 3763 2180 3833 intellegerentur.
2281 3764 2551 3819 Similiter
2602 3764 2773 3818 etiam
2835 3761 2953 3815 ob·

787 3846 1018 3900 moliri
1060 3846 1255 3902 Livius
1299 3847 1585 3915 XXXVII,
1639 3851 1734 3917 32,
1788 3851 1822 3902 ¹7
1867 3849 1935 3904 de
1981 3850 2106 3904 loco
2154 3850 2299 3905 dixit
2344 3850 2444 3918 (ad
2498 3835 2966 3913 obmoliendas

784 3948 926 4000 quse
973 3932 1197 3987 ruinis
1242 3937 1462 3988 strata
1498 3934 1739 4003 erant);
1791 3936 1969 4005 magis
2005 3937 2235 4005 proprie
2272 3935 2508 3990 dixisset
2544 3934 2625 3988 ad
2661 3932 2952 3988 obmoli-

785 4016 961 4071 enda
1025 4017 1516 4088 impedimenta
1571 4019 1728 4088 (saxa
1761 4021 1958 4075 ·aliave
2011 4022 2080 4075 iis
2135 4022 2301 4088 locis,
2366 4037 2491 4089 quse
2545 4019 2721 4074 ruinis
2776 4022 2956 4072 strata

782 4102 977 4171 erant).
1051 4101 1138 4172 [In
1174 4104 1614 4159 Weissenbornii
1663 4106 2014 4162 coniectura:
2060 4106 2234 4163 locis
2270 4107 2473 4173 circa,
2523 4106 2732 4160 densa
2765 4103 2956 4157 inter

780 4188 1097 4257 virgulta
1131 4189 1464 4259 obscuris,
1509 4197 1573 4244 ut
1608 4193 1864 4245 omittam
1904 4191 2194 4246 audaciam
2231 4193 2290 4245 in
2327 4192 2565 4246 obsita
2600 4189 2855 4246 tollendo
2893 4193 2953 4241 et

780 4272 945 4326 simul
987 4273 1171 4327 inter
1216 4275 1504 4342 addendo,
1562 4293 1741 4345 neque
1785 4276 1962 4331 locis
2014 4278 2233 4345 circa,
2288 4277 2396 4332 hac
2439 4276 2739 4342 brevitate,
2792 4278 2955 4328 recte

781 4356 987 4413 dicitur
1019 4376 1201 4427 neque
1236 4361 1410 4415 locis
1450 4363 1583 4413 inter
1618 4362 1932 4431 virgulta
1966 4361 2323 4431 obscuris]
