3230 5282
1401 619 1522 677 509
2234 630 2354 682 Lib.
2393 629 2611 681 XXXV,

309 815 491 873 certa
538 814 707 871 sunt.
811 802 939 867 Sed
984 808 1192 866 restat
1238 800 1506 883 aliquid.
1612 799 1862 864 Livium
1912 803 2084 865 enim
2132 803 2366 884 opinor
2411 803 2613 884 scrip-

311 916 508 979 sisse:
568 933 659 976 ex
708 932 855 991 quo
904 909 1296 991 ceperint,
1345 928 1502 971 non:
1565 929 1653 970 ex
1701 929 1854 992 quo
1904 911 2360 992 coeperint3
2419 910 2614 975 debe-

310 1021 430 1084 bat
476 1021 647 1084 enim
695 1015 851 1081 addi
898 1015 1337 1098 possidere.

1163 1205 1346 1285 Lib.
1419 1204 1766 1287 XXXV..

484 1339 638 1423 Cap.
688 1345 743 1417 8,
796 1344 832 1400 7
882 1340 974 1417 (in
1024 1338 1321 1424 oratione
1367 1335 1639 1414 Metelli,
1699 1340 2052 1420 querentiS,
2117 1338 2292 1421 quod
2342 1339 2410 1402 L.
2461 1336 2617 1402 Cor-

314 1450 527 1514 nelius
597 1446 824 1512 consul
894 1466 1021 1510 non
1091 1445 1176 1508 M.
1241 1444 1626 1508 Marcellum
1698 1446 1986 1525 legatum
2057 1446 2330 1509 Romam
2401 1467 2616 1510 secum

315 1557 725 1634 deduxisset,
794 1555 905 1635 qui
974 1553 1311 1617 contraria
1380 1553 1665 1616 consulis
1724 1554 1965 1617 litteris
2024 1552 2104 1617 de
2161 1552 2413 1635 proelio
2472 1574 2618 1617 cum

314 1665 492 1728 Boiis
571 1664 746 1726 facto
818 1660 900 1723 ad
970 1659 1217 1723 multos
1289 1660 1701 1742 scripserat):
1795 1660 2013 1724 Nunc
2090 1660 2357 1724 videri
2439 1681 2619 1724 esse

315 1779 663 1836 amotum
712 1770 802 1832 de
850 1767 1285 1841 industria,
1335 1768 1467 1847 qui
1516 1789 1622 1846 ea,
1672 1788 1838 1850 quae
1888 1770 2389 1850 scripsisset,
2434 1789 2618 1850 prae-

316 1901 501 1943 sens
562 1878 911 1953 diceret,
982 1895 1328 1956 arguere
1391 1895 1656 1938 coram
1717 1883 1821 1953 et,
1896 1875 2204 1956 siquid
2254 1876 2433 1938 vani
2482 1874 2618 1939 ad-

316 1988 604 2060 ferret,
677 1984 941 2086 argui‘
976 1991 1297 2064 posset,
1369 1981 1626 2046 donec
1696 1983 1790 2046 ad
1851 1981 2251 2065 liquidum
2308 1984 2620 2046 veritas

318 2093 749 2175 explorata
819 2095 1063 2154 esset.
1177 2088 1284 2153 Sic
1341 2110 1514 2153 nunc
1573 2088 1643 2168 (a
1700 2089 2255 2164 Weissenbornic)
2316 2089 2533 2154 editur
2589 2113 2621 2153 e

317 2200 369 2264 B
418 2207 479 2263 et
528 2197 907 2281 vulgaribus
954 2196 1323 2274 codicibus,
1394 2198 1455 2259 in
1516 2198 1647 2277 qua
1703 2197 2032 2279 scriptura
2078 2203 2142 2261 et
2186 2196 2454 2278 longum
2499 2197 2621 2261 hoc

322 2315 383 2373 et
453 2307 841 2389 bipartitum
909 2305 1274 2368 membrum
1343 2324 1683 2386 arguere
1754 2326 2016 2370 coram
2086 2312 2162 2368 et
2229 2341 2311 2349 -
2379 2306 2794 2387 argui(409)

322 2421 601 2498 posset
658 2414 885 2477 vitiose
946 2412 1085 2476 sine
1147 2412 1473 2494 particula
1530 2412 1910 2493 adiungitur
1967 2412 2097 2475 illi:
2174 2413 2308 2493 qui
2364 2448 2449 2456 —-
2506 2412 2624 2476 di-

323 2531 567 2598 ceret,
616 2531 681 2585 et
726 2541 922 2604 prave
970 2520 1092 2584 hoc
1140 2520 1414 2584 dicitur:
1477 2527 1817 2584 amotum
1865 2542 2059 2597 esse,
2118 2521 2249 2602 qui
2299 2541 2407 2598 ea,
2456 2541 2624 2602 quae

324 2630 843 2713 scripsisset,
926 2649 1281 2712 praesens
1362 2627 1712 2706 diceret,
1795 2650 1939 2709 quae
2019 2627 2337 2692 orationis
2416 2626 2626 2692 forma

324 2746 550 2821 aperte
600 2737 852 2802 consilii
900 2735 1437 2818 significationem
1485 2736 1732 2801 habere
1779 2736 2037 2800 videtur
2083 2736 2479 2815 (amotum,
2541 2743 2626 2799 ut

324 2845 631 2909 alicubi
704 2844 1054 2922 diceret3
1124 2843 1316 2924 longe
1376 2845 1548 2906 enim
1608 2844 1787 2908 aliud
1849 2849 2049 2921 esset,
2117 2844 2173 2906 si
2229 2845 2322 2905 sic
2382 2842 2625 2906 scribe-

324 2963 532 3017 retur:
612 2972 818 3015 nunc
885 2958 1232 3014 amotum
1306 2971 1514 3028 esse,
1595 2952 1731 3033 qui
1812 2952 2227 3014 contraria
2306 2949 2625 3013 consuli

326 3057 865 3142 scripsisset).
968 3058 1199 3140 Itaque
1260 3059 1314 3121 si
1361 3056 1593 3121 horum
1641 3057 1939 3121 codicum
1985 3058 2275 3138 vestigiis
2321 3058 2627 3120 insisten-

328 3168 479 3231 ‹lum
528 3162 730 3244 esset,
797 3165 1210 3230 scribendum
1259 3164 1491 3228 saltem
1539 3173 1710 3228 erat:
1783 3167 1917 3247 qui
1962 3199 2048 3208 —
2094 3185 2452 3246 praesens
2513 3163 2628 3225 ‹n-

328 3294 497 3337 cere
567 3279 634 3334 et
696 3293 1035 3354 arguere
1096 3292 1359 3335 coram
1422 3279 1496 3335 et.
1552 3307 1638 3317 —-
1698 3274 1924 3353 argui
1983 3277 2297 3355 posset3
2367 3272 2489 3335 etsi
2548 3293 2629 3335 ne

326 3383 417 3447 sic
475 3381 740 3464 quidem
799 3379 1018 3462 placet
1073 3378 1211 3442 haec
1271 3381 1590 3443 orationis
1636 3380 1926 3444 relativa*
1971 3379 2212 3443 forma:
2284 3386 2628 3443 amotum

327 3511 539 3567 esse,
588 3490 722 3572 qui
769 3523 853 3531 —
901 3493 1194 3569 posset,
1244 3508 1374 3570 qua
1419 3497 1755 3570 tamquam
1803 3488 2058 3551 incerta
2103 3507 2392 3569 persona
2437 3508 2631 3569 gene·

328 3599 520 3661 ratim
570 3594 1003 3678 significatur,
1067 3596 1169 3659 cui
1218 3593 1677 3675 significationi
1726 3595 2062 3658 contraria
2109 3601 2260 3658 sunt
2305 3594 2450 3657 illa:
2520 3616 2630 3669 ea,

330 3715 495 3785 q'uae
543 3702 1046 3785 scripsisset.
1155 3701 1384 3783 Itaque
1431 3702 1836 3766 redeundum
1884 3702 2141 3765 videtur
2189 3701 2273 3764 ad
2321 3711 2632 3784 praestau-

328 3813 563 3875 tiorem
622 3811 870 3874 codicis
928 3809 993 3872 M
1051 3811 1548 3885 auctoritatem,
1617 3811 1682 3873 in
1753 3831 1881 3892 quo
1951 3811 2045 3873 sic
2115 3812 2430 3891 scriptum
2503 3817 2630 3872 est:

329 3925 676 3982 amotum
724 3938 897 3981 esse
947 3917 1037 3980 de
1084 3915 1533 3994 industria,
1590 3939 1684 3980 ne
1734 3937 1851 3996 ea,
1910 3938 2076 4000 quae
2136 3918 2633 3999 scripsisset,

332 4046 688 4107 praesens
763 4025 1079 4088 diceret
1152 4032 1294 4087 aut
1364 4031 1747 4107 argueret
1819 4045 2084 4089 coram
2142 4032 2244 4103 et,
2318 4026 2386 4088 si
2445 4023 2635 4106 quid

329 4134 507 4196 vani
556 4132 947 4209 adferret,
997 4132 1224 4212 argui
1286 4139 1570 4212 posset
1620 4132 1771 4210 (etsi
1818 4140 2072 4196 tautum
2123 4153 2328 4213 usque
2375 4132 2455 4195 ad
2508 4153 2635 4195 co-

330 4261 489 4304 ram
537 4247 807 4302 notatur
853 4239 1095 4303 codicis
1142 4237 1533 4320 scriptura),
1604 4241 2088 4322 tenendumque
2135 4241 2494 4323 aptissimae
2541 4239 2635 4302 di-

331 4348 687 4411 iunctionis
737 4346 1049 4410 indicium
1097 4346 1267 4426 (aut
1314 4367 1651 4428 arguere
1671 4347 1756 4428 t);
1819 4347 2236 4412 scribendum
2282 4354 2385 4411 est
2431 4348 2632 4411 enim:

334 4475 429 4518 ne
478 4475 597 4532 ea,
657 4474 823 4535 quae
873 4454 1382 4535 scripsisset,
1441 4473 1798 4535 praesens
1856 4455 2168 4519 diceret
2214 4462 2279 4516 et
2329 4461 2463 4517 aut
2509 4474 2637 4517 ar-
