3230 5282
1405 608 1528 672 647
2288 615 2411 670 Lib.
2447 612 2618 669 XLII.

309 798 641 884 proprio
721 796 1055 863 decreto
1138 794 1558 879 propriam
1633 791 1859 878 (Gryn.
1930 799 1998 858 et
2067 787 2210 857 edd.
2283 787 2618 857 decreto

311 905 619 986 Persei3
664 905 829 971 falso
865 904 1281 990 Kreyssigius
1331 903 1660 969 decreto
1684 903 1752 967 in
1791 899 2013 967 codice
2048 921 2179 966 non
2220 918 2361 966 esse
2385 900 2619 981 tradit)

315 1015 809 1082 societatem
854 1014 1276 1099 aspernati
1346 1011 1517 1096 (cod.
1577 1005 2055 1095 aspernata)
2102 1009 2487 1077 Romanis
2534 1032 2615 1078 se

307 1122 875 1207 adiungebant
922 1121 1090 1204 (cod.
1142 1119 1732 1205 diiungebant)‚
1775 1119 2175 1185 Ismenias
2224 1126 2347 1185 cet.
2416 1119 2618 1186 Recte

311 1232 732 1317 Kreyssigius
779 1239 848 1298 et
879 1230 1453 1297 Weissenbornius
1487 1230 1556 1294 in
1600 1228 2019 1313 propriam
2064 1226 2272 1294 latere
2316 1228 2622 1294 viderunt

305 1340 643 1424 regiam,
712 1340 889 1425 quod
956 1346 1230 1425 propter
1295 1338 1638 1423 proprio
1706 1343 2090 1421 corruptum
2159 1342 2275 1402 est.
2366 1335 2618 1403 Deinde

306 1469 442 1515 non
485 1449 701 1514 minus
749 1455 999 1515 certum
1045 1455 1181 1528 est,
1242 1453 1419 1513 recte
1468 1445 1816 1530 Gryneeum
1874 1466 2014 1511 suo
2064 1445 2363 1529 quique
2412 1446 2617 1529 scrip·

310 1557 507 1638 sisse3
574 1577 727 1623 nam
793 1556 970 1641 quod
1014 1556 1582 1622 Weissenbornius
1639 1553 1968 1620 interdum
2027 1574 2216 1618 suus
2273 1554 2618 1638 quisque

307 1665 544 1732 eodem
589 1686 748 1732 casu
795 1666 1100 1749 coniungi
1146 1664 1326 1744 dicit,
1373 1664 1453 1729 de
1500 1685 1581 1730 ea
1624 1684 1693 1729 re
1740 1664 1884 1747 ipse
1932 1661 2310 1728 distinctius
2346 1666 2618 1746 exposui

307 1773 396 1839 ad
443 1772 572 1840 Cic.
619 1775 759 1839 Fin.
810 1775 883 1854 V,
937 1779 1014 1838 17
1060 1797 1122 1858 p.
1176 1776 1331 1854 6893
1398 1793 1611 1858 neque
1672 1777 1892 1836 tamen
1952 1792 2265 1854 umquam
2323 1769 2618 1838 nomina-

303 1883 515 1947 tivum
559 1883 965 1967 pronominis
1035 1884 1375 1967 quisque
1442 1903 1481 1947 a
1548 1900 1665 1946 suo
1721 1879 1919 1946 verbo
1980 1879 2348 1946 seiunctum
2407 1892 2470 1947 et
2532 1882 2617 1949 ad

310 2012 505 2058 suus
553 1990 1119 2057 accommodatum
1155 1991 1482 2076 reperias3
1521 1995 1588 2054 et
1624 1988 1979 2072 saepissime
2014 1989 2083 2053 in
2117 1988 2338 2056 codice
2372 1989 2616 2058 Vindo-

311 2099 590 2167 bonensi
636 2101 730 2166 sic
791 2120 981 2166 casus
1038 2099 1121 2165 ad
1186 2098 1486 2184 proxima
1553 2096 2107 2163 accommodatur.
2197 2098 2616 2181 Relinquitur

307 2210 675 2294 proprio,
724 2208 898 2295 quod
942 2207 1087 2272 tolli
1132 2207 1548 2292 Kreyssigius
1593 2205 1822 2285 voluit,
1862 2204 1984 2298 ‚sed
2028 2210 2254 2272 tuetur
2298 2211 2614 2293 propri-

310 2339 431 2383 am
475 2317 626 2382 inde
673 2324 908 2383 ortum.
1000 2315 1248 2400 Opinor
1291 2314 1524 2381 fuisse:
1596 2335 1741 2381 suo
1801 2314 2097 2398 quique
2155 2322 2229 2381 et
2272 2319 2613 2403 proprio

308 2425 662 2492 decreto.
777 2424 1161 2508 [Vahlenius
1210 2447 1348 2492 suo
1418 2425 1725 2509 quique
1783 2424 2123 2507 proprie
2179 2425 2611 2510 probabilius,

314 2533 531 2616 1864]
619 2533 827 2600 Paulo
887 2541 1043 2618 post
1090 2531 1152 2617 (ἓ
1199 2533 1285 2617 4),
1349 2533 1466 2599 ubi
1525 2532 1869 2599 scribitur:
1938 2533 2074 2599 sed
2135 2538 2616 2603 constantia

307 2645 805 2729 principum,
854 2643 1317 2710 docentium
1359 2679 1463 2723 —,
1532 2649 1839 2727 quanta
1894 2651 2119 2710 esset
2163 2646 2279 2711 vis
2326 2655 2406 2713 et
2449 2647 2615 2714 for-

305 2758 506 2817 tuna
538 2753 862 2837 imperii
897 2744 1247 2831 Romani,
1304 2753 1531 2817 victa
1576 2751 1850 2817 eadem
1904 2752 2345 2821 multitudo
2385 2763 2481 2837 et,
2529 2763 2616 2822 ut

304 2859 768 2927 tolleretur
811 2862 1043 2944 regia
1088 2861 1477 2940 societas,
1528 2859 1895 2926 decrevit
1942 2868 2019 2927 et
2064 2867 2206 2942 cet„
2251 2885 2614 2946 pronomen

306 2967 584 3034 eadem
650 2969 881 3034 vitiose
950 2968 1259 3047 abundat,
1325 2989 1523 3053 quum
1567 2970 1926 3052 praesertim
1972 2990 2053 3035 ne
2102 2979 2614 3037 commemorata

305 3076 574 3161 quidem
641 3083 839 3142 antea
904 3076 1257 3141 multitudo
1318 3077 1434 3156 sit,
1500 3075 1617 3142 sed
1672 3084 1897 3161 partes
1957 3079 2409 3146 tantummodo
2468 3081 2611 3146 eius

306 3184 689 3269 significatae
738 3185 960 3267 (aliis
1024 3219 1109 3229 —
1167 3184 1411 3266 aliis).
1505 3183 1965 3251 Scribendum:
2023 3187 2242 3253 victa
2307 3188 2610 3252 tande-

306 3292 771 3360 multitudo.
879 3293 1077 3377 Origo
1156 3293 1376 3358 mendi
1456 3294 1968 3377 (victandem)
2051 3295 2400 3363 manifesta
2489 3305 2609 3363 est.

308 3400 499 3488 (Cap.
571 3406 670 3481 38,
742 3406 778 3466 6
869 3423 989 3485 pro
1078 3409 1313 3486 gente
1403 3402 1978 3469 Thessalorum
2053 3404 2121 3468 in
2187 3404 2412 3471 bodice
2480 3413 2608 3472 est:

301 3510 971 3595 gentessalorum,
1018 3509 1142 3576 hoc
1175 3512 1319 3595 ipso
1355 3509 1631 3595 capite§
1670 3515 1705 3576 3
1753 3521 2133 3595 magnotu
2168 3535 2286 3598 pro
2322 3536 2609 3599 magno

304 3618 572 3703 motu.)

481 3726 637 3813 Cap.
673 3733 774 3806 45,
820 3734 888 3792 4:
938 3727 1068 3811 qui
1114 3726 1640 3812 (Hegesilochus)
1675 3764 1761 3774 —
1803 3729 2090 3796 multis
2135 3733 2599 3801 rationibus
2638 3746 2780 3816 (536)

301 3834 479 3916 (cod.
524 3835 761 3900 multi
809 3835 1361 3918 orationibus)
1428 3837 1897 3920 perv'icerat
1942 3837 2327 3923 Rhodios,
2392 3850 2479 3908 ut
2527 3878 2603 3889 —

303 3943 743 4009 Romanam
814 3944 1311 4011 societatem
1376 3980 1462 3990 —
1526 3945 2011 4012 retinerent.
2112 3948 2607 4017 Pervincere

303 4051 663 4117 insolenter
709 4072 856 4117 cum
901 4073 1060 4118 casu
1102 4053 1383 4118 nominis
1430 4055 1755 4139 coniungi,
1801 4065 1980 4122 recte
2025 4056 2605 4124 Drakenborchius

301 4160 799 4242 animadvertit3
848 4160 1144 4244 [Tacitus
1189 4168 1410 4227 tamen
1446 4162 1615 4229 Hist.
1651 4163 1765 4244 ΙΙΙ,
1814 4169 1923 4229 74:
1971 4163 2399 4232 Vitellium
2435 4189 2606 4252 per-

304 4268 602 4349 vicere,
663 4276 748 4334 ut
814 4268 1336 4353 absisteret];
1385 4270 1499 4336 sed
1546 4271 1721 4354 quod
1767 4272 1964 4338 scribi
2010 4273 2196 4338 malit
2240 4278 2604 4358 pervice-

301 4383 452 4455 rat,
499 4376 792 4443 Rhodii
836 4384 920 4444 ut
966 4385 1108 4457 cet„
1156 4378 1583 4461 redarguitur
1628 4380 1975 4448 verborum
2019 4381 2258 4466 positu,
2305 4406 2604 4469 perverse

299 4487 630 4552 eminente
676 4486 901 4570 populi
945 4487 1228 4568 nomine,
1280 4489 1473 4572 quasi
1513 4490 1918 4574 comparatio
1966 4489 2187 4573 aliqua
2234 4487 2337 4553 sit.
2407 4486 2602 4554 Vide-

129 4822 984 5168 s*
1425 5048 1749 5264 n
