3230 5282
541 619 666 673 Lib.
704 619 904 673 XXIII.
1639 610 1762 670 314

542 780 1006 856 missisunt.
1066 792 1161 856 De
1198 792 1426 858 eodem
1464 815 1688 860 errore
1722 793 1918 877 paulo
1953 791 2213 874 longius
2250 811 2596 874 progresso
2631 790 2698 872 (ιι
2733 813 2854 874 pro

543 919 694 977 um,
757 899 993 964 deinde
1052 899 1114 980 o)
1174 900 1290 965 cfr.
1340 925 1401 985 p.
1453 907 1489 966 9
1537 904 1673 966 ima
1730 908 1796 967 et
1859 900 1944 965 ad
1999 900 2152 978 XL,
2215 903 2328 978 34,
2388 898 2519 979 2.¹)
2632 898 2854 964 Redeo

542 1006 626 1070 ad
687 1006 934 1084 XXIII,
995 1010 1050 1070 3.
1131 1007 1230 1073 Ibi
1291 1011 1488 1092 paulo
1544 1016 1697 1094 post
1742 1007 1803 1091 (ἓ
1857 1008 1921 1090 6)
1971 1007 2313 1072 scribitur:
2385 1005 2644 1072 Citari
2702 1008 2854 1072 sin·

542 1115 769 1196 gulos
844 1123 1273 1180 senatores
1356 1117 1681 1196 iubebo,
1765 1117 2276 1198 de·quorum
2358 1116 2633 1198 capite
2713 1137 2852 1181 vos

543 1222 978 1288 consulam.
1085 1223 1386 1289 Relativa
1440 1226 1769 1290 sententia
1829 1223 2091 1290 adiecta
2146 1230 2264 1288 aut
2322 1244 2433 1288 eos
2492 1230 2853 1301 senatoreS,

544 1331 624 1395 de
682 1330 917 1412 quibus
976 1332 1392 1398 consulturus
1434 1332 1758 1398 Calavius
1818 1340 1938 1409 est,
1997 1352 2037 1395 a
2095 1332 2332 1397 ceteris
2393 1337 2660 1414 separat
2718 1340 2851 1409 aut,

542 1440 600 1502 si
671 1438 1094 1504 consulam
1168 1442 1563 1506 coniunctivi
1632 1440 1810 1506 modi
1879 1446 2185 1523 putatur,
2254 1439 2597 1504 consilium
2656 1440 2852 1521 signi·

541 1547 730 1625 sicat:
798 1568 1021 1611 verum
1090 1569 1303 1631 neque
1374 1549 1607 1613 divisio
1667 1547 1803 1611 ulla
1861 1555 1960 1612 est
2015 1554 2083 1612 et
2150 1547 2229 1611 de
2300 1546 2601 1612 omnibus
2673 1546 2852 1611 dein·

543 1675 699 1738 ceps
770 1652 1076 1719 Calavius
1143 1655 1561 1721 consulturus
1630 1663 1759 1735 est,
1838 1677 2052 1739 neque
2132 1654 2389 1720 consilii
2457 1654 2851 1735 significatio

542 1770 703 1845 apta
759 1768 859 1826 est
905 1761 1277 1843 (consilium
1338 1766 1510 1829 enim
1573 1765 1862 1848 positum
1922 1770 2068 1828 erat
2122 1764 2188 1826 in
2265 1762 2535 1842 iudicio)
2593 1770 2660 1828 et
2717 1785 2852 1829 om·

540 1871 695 1934 nino
775 1871 1146 1935 excluditur
1228 1872 1456 1938 addito
1543 1874 1667 1937 sin
1683 1871 1946 1953 gulos;
2043 1871 2336 1935 ordinem
2415 1872 2511 1934 rei
2580 1872 2851 1953 agendae

541 1976 849 2044 Calavius
896 1980 1183 2062 exponit.
1283 1982 1366 2045 Ni
1411 1980 1625 2059 fallor,
1681 1980 1904 2044 Livius
1951 1979 2336 2063 scripserat:
2395 1978 2640 2042 citari
2697 1979 2852 2043 sin-

543 2086 781 2168 gulos
852 2093 1291 2152 senatores
1363 2089 1660 2154 iubebo
1733 2089 1973 2164 «leque
2041 2106 2294 2149 eorum
2364 2087 2644 2169 capite
2715 2107 2851 2150 vos

543 2194 982 2258 consulam.

718 2300 874 2384 Cap.
923 2307 981 2381 4,
1028 2308 1067 2365 4
1113 2301 1222 2382 (de
1269 2309 1504 2368 senatu
1551 2302 1951 2386 Campano):
2021 2302 2223 2367 Hinc
2279 2308 2721 2366 senatores
2767 2337 2855 2346 —

543 2408 867 2491 plebem
913 2408 1269 2490 adulari;
1333 2411 1727 2489 salutare,
1786 2412 2137 2494 benigne
2183 2411 2562 2488 invitare,
2611 2430 2851 2493 appa·

541 2517 748 2582 ratis
826 2517 1202 2600 accipere
1285 2520 1584 2603 epulis,
1669 2540 1808 2585 eas
1878 2539 2171 2584 causas
2239 2520 2698 2602 suscipere,
2767 2553 2854 2562 ——

544 2624 983 2690 secundum
1040 2646 1205 2690 eam
1265 2626 1493 2692 litem
1552 2627 1869 2693 iudices
1916 2626 2143 2706 dare,
2204 2648 2377 2710 quae
2424 2627 2675 2709 magis
2721 2649 2849 2709 po-

542 2733 869 2816 pularis
913 2768 999 2777 —-
1044 2742 1282 2799 esset.
1385 2736 1546 2800 Iam
1604 2757 1792 2800 vero
1849 2735 2061 2801 nihil
2119 2737 2200 2800 in
2247 2741 2537 2800 senatu
2585 2741 2850 2799 actum

542 2841 807 2919 aliter,
857 2863 1088 2924 quam
1135 2845 1199 2908 si
1244 2843 1512 2927 plebis
1559 2844 1674 2909 ibi
1722 2851 1940 2909 esset
1985 2844 2442 2908 concilium.
2509 2842 2716 2907 Prave
2764 2841 2849 2907 ab

367 2958 511 3026 (258)
548 2949 870 3014 infinitivo
949 2950 1266 3017 historico
1348 2952 1433 3017 ad
1498 2952 1865 3036 perfectum
1933 2953 2256 3016 transitur
2322 2951 2611 3031 (actum
2678 2950 2850 3028 est),

541 3060 856 3142 quoniam
922 3079 1051 3123 non
1121 3059 1551 3144 descriptioni
1607 3061 1926 3125 universae
1981 3080 2201 3124 rerum
2256 3058 2661 3123 condicionis
2720 3078 2850 3123 una

541 3167 767 3248 aliqua
809 3187 915 3231 res
963 3167 1166 3232 semel
1210 3175 1362 3233 acta
1409 3168 1860 3250 subiungitur,
1922 3167 2038 3233 sed
2100 3169 2250 3251 ipsa
2295 3167 2653 3249 descriptio
2699 3187 2850 3231 con-

540 3276 839 3340 tinuatur
881 3274 1412 3359 transferturque
1458 3297 1499 3340 a
1542 3277 1805 3359 privata
1848 3277 1985 3340 vita
2030 3281 2097 3339 et
2141 3271 2402 3339 iudiciis
2449 3274 2534 3339 ad
2583 3280 2848 3339 senatus

541 3381 851 3446 actiones.
942 3381 1017 3445 In
1060 3380 1165 3446 PC
1212 3382 1364 3463 (nisi
1409 3383 1586 3465 quod
1633 3385 1699 3447 in
1749 3382 1798 3449 C
1844 3383 2061 3449 altera
2104 3403 2336 3447 manus
2385 3389 2648 3447 actum
2695 3380 2847 3445 sub-

541 3488 785 3569 stituit)
845 3489 1188 3555 scribitur:
1258 3491 1468 3554 nihil
1527 3492 1606 3554 in
1676 3499 1970 3557 senatu
2030 3491 2460 3568 actaliter‚
2528 3489 2654 3554 hoc
2715 3495 2843 3552 est:

541 3597 668 3677 agi
714 3595 980 3661 aliter.
1073 3596 1148 3661 In
1191 3597 1241 3660 P
1289 3618 1460 3681 saepe
1504 3618 1541 3678 g
1585 3600 1652 3663 in
1698 3619 1748 3678 e,
1796 3620 1915 3664 nec
1959 3620 2111 3664 raro
2157 3599 2181 3660 i
2225 3600 2293 3662 in
2338 3604 2362 3660 t
2405 3596 2687 3663 transiit.

715 3703 873 3786 Cap.
923 3709 979 3781 6,
1026 3708 1094 3768 8:
1155 3705 1356 3783 Quia
1410 3706 1647 3770 nimis
1705 3727 2030 3790 compar
2078 3707 2562 3772 Latinorum
2609 3725 2850 3788 quon·

542 3810 716 3874 dam
784 3811 1247 3894 postulatio
1317 3821 1525 3891 erat,
1599 3813 2057 3898 Caeliusque
2126 3821 2204 3880 et
2269 3813 2417 3878 alii
2487 3813 2571 3877 id
2638 3813 2851 3878 haud

542 3918 713 3982 sine
772 3940 1016 3984 causa
1063 3922 1766 4003 praetermiserant
1813 3924 2302 4006 scriptores,
2363 3942 2661 4004 ponere
2707 3942 2848 4005 pro

541 4033 763 4091 certo
822 4047 990 4092 sum
1046 4028 1380 4092 veritus.
1453 4028 2022 4095 Praetermiserant
2075 4050 2214 4096 rem
2263 4050 2409 4094 cum
2457 4027 2656 4093 Caelio
2703 4028 2849 4106 alii3

540 4133 609 4197 id
654 4153 769 4199 eos
814 4155 946 4200 non
991 4133 1284 4200 facturos
1332 4136 1553 4201 Livius
1600 4137 1879 4217 indicat,
1938 4138 2065 4203 nisi
2122 4157 2391 4203 causam
2439 4136 2849 4201 habuissent.

598 4367 644 4434 ¹)
682 4364 986 4434 [Nonnulla
1021 4383 1089 4420 ex
1123 4367 1211 4420 his
1246 4371 1445 4437 postea
1481 4368 1564 4421 W.
1604 4369 1825 4436 abiecit,
1863 4369 1975 4423 alia
2010 4368 2232 4438 tenuit]
