3230 5282
1656 583 1780 642 446

565 787 712 829 rum
772 766 1082 848 princeps
1140 765 1318 829 ducti
1375 772 1559 844 sunt,
1614 766 1747 830 iam
1787 766 2054 829 initium
2100 764 2347 829 factum
2396 773 2541 830 erat
2585 767 2868 849 propriae

568 873 913 938 cuiusdam
971 873 1161 938 labis.
1271 874 1365 938 Ac
1438 873 1963 938 coniunctionem
2022 873 2285 955 quidem
2342 874 2513 937 hanc
2569 872 2871 957 labisque

569 983 1091 1056 communionem
1139 981 1592 1046 demonstrant
1641 1002 1841 1062 quum
1874 980 2126 1044 lacunae
2162 981 2643 1063 verborumque
2678 982 2871 1045 omis·

567 1091 781 1156 siones
856 1090 1015 1172 (quo
1092 1111 1330 1173 genere
1400 1090 1540 1152 vitii
1598 1088 1700 1152 vel
1755 1089 2036 1152 maxime
2094 1088 2398 1169 vulgares
2455 1088 2868 1171 premuntur)

565 1198 788 1262 multae
845 1198 1217 1281 partimque
1274 1197 1562 1277 insignes
1608 1194 2112 1278 Bambergensis
2174 1204 2240 1260 et
2283 1196 2647 1278 vulgarium
2695 1217 2869 1260 com-

564 1327 823 1383 muneS‚
882 1327 1028 1389 quae
1086 1327 1165 1369 ex
1226 1305 1366 1369 solo
1414 1304 1796 1385 Moguntino
1856 1304 2129 1388 expletae
2188 1311 2370 1382 sunt,
2431 1304 2605 1367 velut
2649 1303 2715 1366 in
2759 1301 2870 1367 XL

566 1414 794 1497 primis
842 1413 1175 1497 capitibus
1218 1412 1372 1476 libri
1419 1410 1690 1475 XXXIV
1734 1410 1865 1476 hae:
1923 1412 1990 1474 in
2036 1432 2178 1494 cap.
2229 1414 2284 1489 7,
2331 1415 2368 1474 2
2418 1410 2572 1490 (hic
2618 1411 2871 1475 Romae

566 1521 856 1586 infimo
903 1521 1203 1603 generi,
1253 1521 1685 1602 magistris
1730 1520 2139 1595 vicorum),
2199 1540 2252 1582 c.
2306 1524 2401 1597 16,
2455 1523 2481 1580 1
2535 1523 2601 1582 et
2645 1522 2682 1580 2
2730 1517 2871 1596 (ubi

566 1629 714 1713 plus
762 1629 1242 1712 quinquaginta
1288 1649 1479 1692 voces
1526 1626 1969 1707 omittuntur),
2029 1648 2081 1690 c.
2137 1631 2232 1705 16,
2291 1633 2326 1689 5
2376 1628 2749 1710 (vinoque
2795 1632 2871 1689 et

566 1737 748 1801 cibo
798 1735 1177 1816 curatos),
1226 1757 1278 1799 c.
1318 1739 1418 1812 21,
1467 1739 1505 1798 8
1543 1734 1646 1814 (in
1683 1733 2138 1817 Hispania),
2185 1756 2239 1798 c.
2279 1738 2378 1812 27,
2425 1739 2466 1797 4
2501 1732 2870 1814 (Dromon

566 1845 728 1927 ipsi
785 1846 1143 1922 vocant),
1204 1865 1258 1906 c.
1309 1846 1419 1921 31,
1479 1847 1520 1905 4
1565 1848 1637 1905 et
1682 1846 1718 1905 6
1782 1841 2045 1922 (video
2107 1848 2175 1906 et
2232 1840 2461 1922 eam),
2520 1862 2573 1905 c.
2626 1846 2734 1918 32,
2794 1845 2869 1904 12

567 1951 970 2032 (civibus),
1041 1972 1095 2014 c.
1161 1954 1270 2028 34,
1340 1954 1377 2012 2
1437 1948 1673 2030 (illud
1741 1950 1967 2015 modo
2034 1971 2127 2013 ne
2185 1949 2484 2029 fallat),
2552 1971 2605 2014 c.
2666 1953 2774 2026 36,
2833 1952 2868 2012 3

566 2058 1183 2143 (praedatoriis),
1239 2064 1381 2121 tum
1439 2057 1677 2121 menda
1722 2077 2107 2139 erroresque
2153 2057 2378 2121 formae
2426 2057 2511 2121 ad
2558 2057 2869 2121 indicium

564 2167 932 2250 perspicuae
990 2171 1057 2229 et
1102 2171 1297 2228 certae
1343 2165 1684 2246 permulti,
1741 2165 1922 2230 velut
1965 2164 2269 2242 XXXVI,
2332 2168 2444 2244 23,
2507 2170 2543 2229 '7
2605 2171 2682 2228 et
2740 2186 2871 2227 ex-

566 2274 932 2357 pectatio
1021 2274 1413 2356 temporis
1505 2295 1626 2355 pro
1718 2279 1799 2336 et
1887 2294 1977 2337 ex
2073 2275 2398 2337 ratione
2476 2273 2868 2355 temporis

567 2381 833 2460 (omisso
913 2380 978 2442 in
1047 2378 1519 2460 Bambergensi
1597 2381 1797 2444 etiam
1867 2378 2179 2458 consul,
2263 2380 2436 2461 quod
2504 2381 2570 2444 in
2638 2380 2871 2444 ceteris

565 2485 915 2566 retinetur)
963 2493 1082 2551 aut
1127 2509 1180 2551 c.
1229 2491 1327 2566 24,
1390 2495 1425 2551 5
1474 2510 1638 2571 qua
1681 2490 2109 2570 progressi
2159 2495 2389 2553 erant
2434 2509 2552 2571 pro
2598 2487 2731 2552 his:
2794 2488 2871 2550 in

392 2614 533 2685 (354)
573 2615 731 2679 qua
777 2593 1138 2660 aedificia
1182 2602 1414 2661 extra
1458 2596 1735 2661 urbem
1781 2603 2043 2674 erant,
2103 2603 2168 2660 et
2213 2594 2681 2661 eiusdemmodi
2725 2616 2870 2678 per-

565 2703 795 2768 multa.
886 2703 1121 2767 Nescio
1168 2710 1405 2782 tamen,
1464 2725 1547 2767 an
1603 2704 1765 2768 nihil
1825 2705 1907 2768 ad
1965 2713 2176 2770 totam
2220 2727 2358 2769 rem
2404 2702 2872 2768 declarandam

566 2818 631 2875 et
677 2811 762 2876 ad
809 2810 1317 2890 ostendendum,
1379 2833 1578 2894 quam
1637 2834 1715 2875 ex
1773 2813 2016 2896 pusilla
2061 2814 2310 2894 origine
2358 2833 2540 2877 error
2586 2833 2759 2895 saepe
2803 2812 2871 2874 in

566 2918 921 3002 archetypo
1000 2918 1505 3001 Bambergensis
1600 2927 1667 2984 et
1755 2920 2115 3001 vulgarium
2202 2926 2385 2983 ortus
2463 2926 2868 3003 pervagetur,

564 3027 774 3109 magis
832 3026 1249 3110 perspicuum
1300 3028 1385 3091 sit
1430 3048 1626 3109 quam
1673 3027 1849 3109 quod
1894 3028 1959 3089 in
2007 3026 2300 3103 XXXIV,
2360 3032 2459 3105 57,
2517 3031 2554 3090 8
2608 3026 2867 3091 accidit.

562 3134 731 3198 Nam
777 3154 977 3215 quum
1021 3133 1242 3197 Livius
1288 3135 1694 3217 scripsisset,
1763 3135 1937 3216 quod
1996 3135 2063 3197 in
2107 3134 2491 3217 Moguntino
2540 3140 2869 3197 servatum

564 3249 690 3307 est:
763 3264 852 3306 ex
896 3241 1378 3305 FORMULA
1423 3243 1649 3319 iuriS‚
1708 3265 1787 3307 ex
1832 3244 1882 3306 F
1929 3249 2157 3307 natum
2204 3251 2322 3320 est,
2380 3250 2455 3306 ut
2498 3243 2869 3325 saepissime,

561 3349 617 3412 E
665 3349 935 3430 duaeque
991 3348 1229 3413 litterae
1285 3350 1644 3432 separatim
1701 3357 2020 3433 acceptae,
2083 3371 2202 3429 eo;
2261 3358 2402 3414 tum
2461 3372 2539 3414 ex
2596 3350 2869 3427 rmula,

565 3457 739 3540 quod
787 3456 1103 3533 restabat,
1160 3455 1409 3519 factum
1457 3462 1557 3520 est
1602 3457 1839 3521 simul
1885 3477 1939 3535 a,
1999 3457 2178 3540 quod
2223 3457 2341 3537 (ex
2389 3478 2473 3523 eo
2520 3456 2757 3522 simul
2801 3455 2868 3536 a)

565 3563 824 3628 codices
869 3562 1159 3627 Palatini
1217 3570 1283 3627 et
1339 3566 1630 3646 quinque
1675 3563 2200 3629 Drakenborchii
2245 3564 2524 3643 habent;
2592 3564 2869 3629 accessit

564 3671 798 3736 deinde
847 3670 1235 3735 emendandi
1282 3677 1595 3750 conatuS,
1657 3692 1746 3735 ex
1794 3692 2015 3754 aequo
2064 3672 2182 3751 (ex
2230 3672 2481 3754 equo),
2542 3672 2758 3737 deleto
2804 3691 2869 3750 ας

563 3777 808 3842 codicis
854 3776 1355 3859 Bambergensis
1400 3778 1744 3857 librarius,
1814 3785 1890 3843 ut
1948 3779 2108 3844 alibi
2155 3800 2416 3862 quoque
2461 3780 2623 3844 facit
2665 3780 2867 3843 inter·

564 3885 749 3963 dum,
817 3906 936 3967 pro
1006 3886 1333 3968 corruptis
1401 3907 1680 3951 vacuum
1749 3888 2037 3970 spatium
2092 3888 2379 3969 reliquit.
2491 3888 2705 3968 Atque
2761 3886 2867 3950 hic

561 3992 747 4056 locus
802 3999 1024 4063 tamen
1083 3993 1276 4057 simul
1337 3994 1438 4058 vel
1495 4016 1665 4058 unus
1723 3996 1881 4059 satis
1940 3995 2343 4074 declararet,
2414 3995 2714 4078 vulgares
2761 4015 2867 4058 co-

563 4099 744 4163 dices
817 4122 950 4164 non
1020 4121 1099 4164 ex
1154 4099 1624 4182 Bambergensi
1684 4103 1830 4185 ipso
1887 4110 2067 4167 ortos
2125 4103 2590 4185 degenerasse;
2658 4124 2868 4184 neque

563 4208 735 4271 enim
804 4228 882 4270 ex
948 4229 1153 4272 vacuo
1213 4211 1428 4291 spatio
1484 4209 1600 4273 illa
1657 4231 1747 4273 ex
1809 4232 1896 4275 eo
1957 4210 2193 4275 simul
2250 4233 2292 4275 a
2346 4218 2463 4275 aut
2523 4233 2614 4275 ex
2671 4231 2866 4292 equo

565 4314 802 4378 simul
857 4317 1042 4379 nasci
1089 4323 1476 4399 potuerunt3
1548 4317 1663 4381 sed
1717 4317 1892 4382 idem
1952 4318 2294 4383 declarant
2350 4318 2618 4402 (praeter
2675 4320 2867 4384 omis-

563 4422 812 4487 sionem
873 4421 1025 4486 libri
1081 4422 1392 4505 XXXIII)
1462 4425 1876 4507 apertissime
1932 4448 2063 4490 non
2121 4427 2315 4509 plura
2369 4429 2435 4491 in
2493 4427 2869 4510 vulgaribus
