3230 5282
558 600 683 655 Lib.
720 571 919 652 xxix.
1654 589 1777 647 422

560 772 733 836 inter
789 793 846 833 ιιι
904 777 968 836 et
1023 772 1104 834 in
1166 772 1661 854 praepositione,
1731 794 1810 836 ex
1875 773 2242 856 ingentia
2315 779 2532 837 ortum
2590 779 2688 837 est
2748 772 2869 836 in-

565 881 785 964 genti
833 877 1025 959 ad.¹)

735 986 893 1070 Cap.
943 990 1054 1066 27,
1116 991 1228 1050 12:
1298 987 1453 1052 Ubi
1510 988 1825 1069 illuxit,
1895 995 2185 1054 ventus
2240 989 2444 1053 idem
2506 994 2867 1067 coortuS,

559 1094 857 1159 nebula
903 1094 1288 1172 disiecta,
1347 1097 1680 1179 aperuit
1736 1098 1997 1161 omnia
2042 1097 2333 1160 Africae
2378 1098 2656 1162 litora.
2756 1096 2868 1160 Vi-

563 1202 868 1279 dendum,
916 1223 998 1265 ne
1035 1202 1256 1267 Livius
1305 1205 1644 1287 scripserit
1682 1204 2067 1270 omnibus.
2162 1204 2330 1268 Nam
2391 1205 2659 1270 omnia
2705 1203 2869 1268 nihil

560 1310 643 1374 ad
688 1333 825 1374 rem
872 1311 1160 1393 pertinet
1207 1319 1272 1375 et
1315 1334 1592 1394 pravum
1640 1319 1769 1393 est,
1827 1313 2136 1396 quoniam
2184 1313 2451 1377 omnia
2497 1312 2693 1377 litora
2738 1334 2867 1376 non

561 1419 830 1500 longum
874 1418 1070 1482 unius
1116 1418 1332 1484 litoris
1379 1421 1693 1503 spatium,
1762 1421 1877 1485 sed
1937 1442 2066 1485 orae
2114 1421 2386 1485 diversae
2433 1427 2500 1485 et
2546 1421 2693 1484 aliae
2738 1420 2867 1484 alio

561 1532 936 1610 spectantes
982 1525 1467 1607 intelleguntur.
1560 1528 1876 1610 (1863.)2)

393 1639 532 1706 (344)
741 1632 897 1717 Cap.
949 1637 1047 1711 36,
1097 1639 1133 1697 7
1181 1633 1289 1715 (de
1336 1636 1586 1719 proelio
1636 1636 2027 1701 Hannibalis
2071 1643 2137 1700 et
2182 1636 2252 1700 P.
2303 1635 2669 1721 Sempronii
2715 1656 2867 1700 con-

565 1742 726 1807 sulis
783 1742 852 1806 P.
915 1742 1278 1825 Liciniique
1347 1744 1822 1827 proconsulis):
1904 1745 2064 1809 Nec
2141 1765 2359 1808 mora
2426 1744 2866 1809 dimicandi

563 1849 813 1927 facta,
874 1870 1110 1930 quum
1167 1851 1482 1915 consuli
1530 1860 1608 1916 et
1656 1853 2091 1935 duplicatae
2134 1853 2377 1931 vires,
2434 1853 2698 1917 Poeno
2745 1873 2864 1916 re·

563 1979 749 2022 cens
798 1957 1157 2021 victoria
1202 1959 1461 2024 animo
1512 1967 1748 2024 esset.
1850 1961 2132 2025 Animo
2180 1982 2355 2024 esse
2402 1942 2652 2023 alicui
2698 1959 2784 2037 id,
2832 1980 2865 2023 e

562 2088 690 2149 quo
738 2065 1045 2129 fiduciam
1091 2067 1190 2130 sui
1238 2073 1304 2130 et
1348 2069 1600 2132 animos
1647 2075 1939 2151 caperet,
1998 2090 2189 2133 nemo
2249 2068 2443 2148 dixit3
2514 2075 2745 2131 contra
2803 2074 2866 2131 et

561 2173 674 2237 alii
721 2181 787 2237 et
833 2173 1049 2237 Livius
1096 2175 1237 2256 ipse
1286 2177 1648 2259 saepissime
1694 2175 1847 2257 (vid.
1889 2176 1970 2239 ad
2015 2175 2250 2254 XXXI,
2302 2181 2399 2256 18,
2446 2175 2512 2257 4)
2561 2176 2865 2239 animos

561 2281 855 2345 facere.
970 2280 1396 2346 Scribendum
1465 2285 1689 2366 itaque
1758 2284 2071 2348 animos
2129 2283 2480 2348 fecisset
2539 2284 2724 2365 (non,
2792 2289 2867 2346 ut

620 2501 666 2566 ¹)
705 2498 736 2568 ξ
785 2501 817 2552 6
853 2499 1165 2567 superiores
1211 2500 1409 2553 melius
1457 2502 1856 2571 suppleverunt
1903 2504 2353 2572 scripseruntque
2409 2501 2500 2570 (se
2553 2502 2864 2555 transire

699 2583 1135 2653 vulgaverat)
1186 2601 1353 2653 quam
1388 2586 1474 2638 W.
1563 2585 1617 2656 [ξ
1654 2588 1781 2641 Sin
1825 2588 1869 2641 P
1908 2592 2019 2643 est:
2075 2605 2198 2641 nec
2244 2588 2504 2643 classis
2549 2586 2743 2640 modo
2777 2614 2862 2653 -,

697 2672 818 2725 'sed
862 2675 1107 2748 tamen.
1147 2675 1343 2724 terra
1390 2673 1601 2726 etiam
1651 2675 1880 2727 omnis
1917 2674 2103 2727 circs.
2135 2702 2231 2740 ——,
2280 2678 2481 2729 notato
2529 2678 2761 2726 tamen
2806 2676 2870 2727 ut

700 2755 958 2810 delendo.
1042 2755 1307 2809 Fortasse
1343 2756 1536 2810 Livius
1575 2758 1827 2826 scripsit:
1865 2787 1935 2795 —
1972 2759 2086 2812 sed
2125 2777 2246 2813 ora
2282 2761 2492 2813 etiam
2525 2787 2622 2811 —.
2700 2756 2869 2825 1863]

701 2841 830 2910 Cap.
861 2843 944 2907 27,
983 2843 1015 2893 2
1047 2841 1338 2895 amnium
1380 2843 1592 2896 mentio
1626 2844 1930 2897 coniuncta
1967 2862 2092 2896 cum
2130 2849 2299 2898 terrae
2331 2845 2609 2912 marisque
2644 2843 2870 2896 nomine

698 2927 757 2980 in
812 2926 1096 2995 precibus,
1147 2927 1349 2994 quibus
1398 2927 1486 2980 dei
1535 2930 1751 2981 maria
1796 2934 2159 2997 terrasque
2207 2929 2522 2983 colentes
2571 2926 2625 2997 (ξ
2674 2927 2721 2994 1)
2768 2944 2869 2996 pro

698 3011 950 3080 pedestri
986 3012 1282 3080 navalique
1318 3014 1569 3066 exercitu
1605 3014 1955 3080 invocantur,
1993 3014 2203 3067 nullam
2239 3015 2655 3068 excusationem
2683 3013 2869 3066 habet.

697 3096 927 3163 Utrum,
995 3115 1162 3165 quam
1225 3098 1600 3166 suspicionem
1666 3099 2157 3153 Weissenbornius
2226 3104 2291 3152 ut
2359 3100 2527 3153 nimis
2601 3082 2871 3151 auddcem

699 3184 930 3251 sprevit,
980 3183 1429 3250 amnibusque
1467 3200 1536 3236 ex
1573 3185 2036 3253 omnibusque
2074 3190 2260 3238 ortum
2297 3185 2372 3238 sit
2406 3186 2467 3237 in
2502 3185 2650 3237 hunc
2687 3183 2871 3236 locum

698 3268 840 3320 male
894 3284 963 3319 ex
1017 3268 1305 3336 superiore
1359 3268 1579 3334 delate,
1637 3287 1808 3337 quum
1864 3271 1944 3322 sic
1998 3269 2194 3322 Livius
2250 3269 2593 3337 scripsisset:
2652 3267 2869 3321 sociis

698 3352 1113 3419 nominique
1165 3353 1427 3407 Latino
1483 3355 1979 3422 omnibusque,
2048 3355 2167 3422 qui
2220 3354 2469 3422 populi
2521 3354 2585 3407 R.
2622 3381 2694 3391 --
2744 3352 2866 3404 im-

697 3438 961 3506 perium
1012 3438 1538 3506 auspiciumque
1584 3443 1778 3492 terra
1821 3441 1990 3492 mari
2031 3444 2433 3507 sequuntur,
2490 3456 2560 3491 an
2598 3455 2665 3491 ex
2702 3436 2868 3505 paulo

697 3522 958 3575 inferiore
1007 3523 1133 3574 loco
1180 3540 1281 3575 om
1298 3524 1496 3576 nibus
1533 3523 1643 3577 huc
1680 3526 2016 3578 translatum
2055 3530 2110 3577 et
2145 3526 2201 3578 in
2240 3525 2557 3578 amnibus
2593 3526 2872 3575 mutatum

699 3609 773 3660 sit
805 3608 1020 3673 (terra
1049 3608 1365 3676 marique
1397 3615 1805 3676 sequuntur,
1839 3610 2151 3663 omnibus
2180 3610 2359 3663 bene
2389 3606 2870 3670 verruncent),

697 3695 755 3746 in
803 3694 1022 3747 incerto
1067 3692 1498 3761 relinquendum
1543 3698 1644 3747 est.
1732 3693 1877 3762 [Iam
1922 3695 2154 3749 Heldius
2205 3695 2661 3760 amnibusque
2712 3691 2867 3744 dam·

701 3775 972 3845 neverat]

618 3864 671 3928 ²)
711 3862 840 3931 Cap.
879 3864 962 3926 28,
1011 3864 1071 3914 8:
1128 3878 1278 3915 eum
1311 3891 1381 3900 -
1415 3864 1640 3918 fusum
1675 3865 2083 3933 pulsumque
2117 3890 2190 3903 —-
2221 3864 2699 3927 meminerant,
2750 3877 2869 3914 nec

697 3948 922 4016 magis
988 3947 1234 4001 ducem
1299 3965 1532 4016 parem
1598 3967 1796 4017 quam
1860 3950 2412 4003 tumultuarium
2483 3947 2870 4001 exercitum

699 4051 892 4086 suum
928 4033 1237 4087 Romano
1289 4035 1646 4088 exercitui
1691 4051 1853 4088 esse.
1946 4035 2040 4089 Sic
2074 4034 2144 4099 P;
2202 4033 2428 4099 excidit,
2475 4032 2692 4101 opinor,
2741 4034 2872 4099 post

700 4118 943 4172 ducem
991 4134 1105 4171 non
1153 4117 1343 4184 duci,
1392 4118 1492 4171 sed
1540 4118 1703 4171 duci
1754 4119 2153 4173 credebant.
2227 4118 2425 4184 (1863.)
2517 4116 2651 4185 Cap.
2688 4117 2772 4182 35,
2808 4117 2870 4166 7:

699 4201 911 4255 Simul
968 4207 1036 4254 et
1083 4219 1116 4253 a
1160 4204 1391 4256 classe
1437 4204 1730 4257 navales
1781 4204 1957 4257 socii
2003 4231 2074 4241 —-
2121 4203 2327 4256 simul
2372 4208 2440 4255 et
2487 4200 2869 4256 terrestris

698 4288 1058 4342 exercitus
1106 4315 1177 4325 —-
1221 4294 1329 4341 est
1377 4287 1712 4341 admotus.
1796 4289 1913 4340 Aut
1960 4289 2196 4341 alterum
2248 4288 2459 4342 simul
2509 4292 2608 4339 aut
2651 4290 2868 4338 utrum·

698 4390 808 4440 que
854 4378 918 4425 et
964 4372 1113 4425 Livii
1162 4390 1293 4425 usus
1340 4371 1620 4436 excludit3
1676 4371 1771 4425 cfr.
1820 4372 1989 4426 Drak.
2040 4373 2111 4427 ad
2159 4372 2405 4438 XXXII,
2460 4375 2544 4437 18,
2596 4374 2643 4424 3.
2729 4369 2868 4423 Pro·

698 4458 939 4512 habilius
977 4462 1079 4523 est,
1117 4458 1338 4509 Livium
1377 4457 1578 4509 simul
1619 4462 1683 4510 et
1718 4485 1790 4494 -—
1824 4462 1893 4511 et
1930 4459 2245 4527 scripsisse.
2320 4458 2519 4524 (1863.)
