3230 5282
1551 642 1590 703 9

399 828 775 908 licentiam,
835 850 878 894 a
933 827 1385 912 superioribus
1441 826 1808 892 editoribus
1852 847 1986 891 non
2029 825 2270 908 ubique
2299 827 2729 913 castigatam,

402 958 621 1021 nuper
676 936 946 1021 quidam
1002 936 1224 1001 nescio
1270 955 1405 1017 qua
1449 935 1918 1020 superstitione
1963 942 2030 999 et
2073 936 2512 1018 ignoratione,
2568 934 2729 1018 quid

404 1046 476 1110 in
557 1044 688 1109 hoc
746 1064 981 1128 genere
1047 1045 1364 1109 momenti
1432 1043 1692 1108 codices
1758 1043 2083 1124 facerent,
2164 1064 2337 1128 saepe
2406 1043 2730 1109 serviliter

405 1154 623 1218 secuti
669 1160 850 1233 sunt,
918 1153 1308 1237 excogitatis
1366 1152 1569 1217 etiam
1625 1151 1807 1217 miris
1854 1151 2207 1217 enarrandi
2254 1158 2321 1217 et
2365 1151 2726 1218 excusandi

403 1261 742 1341 artificiis3
807 1261 1141 1326 interdum
1209 1262 1535 1345 pravitate
1602 1259 1906 1325 deterriti
1974 1259 2195 1326 subito
2252 1281 2294 1325 a
2350 1260 2729 1326 constantia

406 1368 743 1434 deficiunt.
846 1368 1057 1445 Quam
1109 1369 1177 1434 in
1235 1368 1625 1451 quotidiano
1670 1369 2113 1433 Romanorum
2160 1389 2457 1434 sermone
2503 1367 2725 1450 aliquo

404 1486 707 1562 tempore
761 1479 830 1542 in
886 1500 1021 1543 una
1075 1477 1419 1561 alteraque
1473 1475 1810 1541 locutione
1869 1498 1948 1541 ex
1993 1476 2462 1561 pronuntiandi
2503 1476 2723 1558 negle-

405 1588 637 1670 gentia
682 1588 883 1651 etiam
928 1585 1259 1651 scribendi
1303 1586 1636 1650 interdum
1681 1583 2015 1650 licentiam
2060 1584 2264 1651 fuisse
2291 1584 2485 1649 Gellii
2534 1584 2610 1667 (Ι,
2657 1584 2726 1666 7)

406 1695 824 1777 aliorumque
911 1695 1492 1778 grammaticorum
1566 1694 2018 1759 testimonium
2093 1694 2725 1777 inscriptionumque

406 1804 781 1869 auctoritas
824 1802 1132 1882 ostendit,
1190 1808 1265 1867 ut
1307 1804 1390 1866 in
1434 1808 1933 1886 potestatem
1978 1823 2156 1866 esse
2200 1822 2322 1885 pro
2368 1802 2450 1865 in
2496 1808 2726 1885 pote-

408 1919 635 1978 state
701 1917 771 1977 et
836 1911 1079 1976 similia
1144 1910 1267 1976 sub
1336 1910 1662 1976 calamum
1729 1910 2055 1990 venirent,
2125 1931 2272 1975 eam
2330 1909 2617 1975 breviter
2660 1910 2726 1974 in

404 2021 844 2104 grammatica
886 2019 1124 2083 Latina
1180 2017 1215 2101 ἓ
1260 2022 1388 2083 230
1432 2024 1566 2084 not.
1614 2022 1653 2082 2
1700 2019 2204 2083 commemoravi
2263 2017 2727 2101 admonuique,

404 2149 543 2212 quo
598 2135 985 2211 argumento
1046 2126 1470 2191 conciderent
1525 2127 1747 2191 omnia
1800 2124 1919 2190 illa
1977 2125 2292 2205 artificia,
2360 2126 2601 2208 quibus
2660 2134 2732 2192 et

406 2239 477 2302 in
535 2236 641 2301 his
698 2235 1016 2319 exemplis
1074 2234 1578 2319 significationis
1625 2231 2010 2299 discrimina
2055 2235 2617 2301 constituerentur
2660 2244 2733 2301 et

405 2344 497 2410 ad
557 2344 692 2409 alia
748 2365 830 2409 ea
884 2343 1422 2409 transferrentur.
1534 2340 1706 2406 Nam
1769 2342 1850 2407 in
1916 2342 2192 2408 urbem
2259 2349 2327 2407 et
2392 2344 2470 2408 in
2530 2345 2728 2411 urbe

407 2458 793 2538 permutata
835 2459 1031 2517 acute
1076 2451 1363 2534 quidam,
1420 2456 1497 2515 ut
1543 2449 1673 2515 sibi
1717 2449 2043 2530 videntur,
2090 2451 2464 2536 expediunt,
2513 2453 2726 2519 Gellio

406 2561 681 2629 homine
726 2561 992 2625 minime
1040 2566 1237 2625 acuto
1281 2565 1647 2645 praeeunte,
1703 2559 1785 2622 in
1842 2558 2085 2623 urbes
2144 2565 2209 2624 et
2252 2560 2334 2624 in
2379 2561 2728 2629 urbibus

410 2676 797 2755 permutata
849 2690 982 2735 non
1037 2668 1426 2748 ostendunt,
1493 2689 1576 2733 ne
1632 2667 1710 2732 in
1772 2667 2155 2752 oppidum
2211 2669 2477 2750 quidem
2534 2676 2603 2736 et
2645 2673 2727 2737 in

412 2777 720 2863 oppido
766 2778 895 2843 nisi
940 2799 1116 2843 raro.
1207 2776 1396 2843 Hanc
1439 2776 1644 2860 igitur
1685 2777 2085 2860 pravitatem
2131 2778 2265 2842 sive
2312 2779 2378 2842 in
2424 2778 2729 2845 addenda

411 2888 553 2953 sive
607 2887 678 2952 in
733 2884 1145 2953 detrahenda
1198 2892 1361 2951 nota
1403 2884 1576 2967 (quae
1620 2886 1690 2950 in
1735 2884 1859 2963 III,
1917 2888 2027 2964 51,
2086 2889 2125 2949 8
2172 2886 2446 2966 eminet,
2503 2887 2572 2952 in
2618 2893 2720 2970 54,
2756 2897 2832 2965 (9)

421 2999 499 3060 12
547 3003 619 3061 et
653 2999 754 3075 59,
805 2998 832 3058 1
872 2995 1055 3074 latet,
1101 2994 1279 3076 quod
1323 2994 1764 3078 progenies
1811 2999 2030 3058 ortum
2077 3000 2177 3058 est
2221 3015 2299 3059 ex
2344 2998 2727 3079 progenie

413 3127 540 3188 pro
588 3104 1061 3188 progeniem
1107 3101 1412 3187 posit01),
1470 3102 1657 3167 inde
1702 3122 1782 3166 ex
1827 3101 1956 3166 ide
2002 3123 2123 3185 pro
2169 3101 2393 3182 idem,
2441 3103 2567 3168 hoc
2611 3112 2729 3185 est,

414 3210 689 3294 iidem)
757 3211 843 3277 ad
911 3232 1138 3277 omnes
1205 3210 1466 3276 codices
1534 3216 1654 3275 aut
1709 3209 1944 3274 saltem
2005 3209 2090 3274 ad
2136 3231 2360 3275 omnes
2407 3211 2615 3277 bonos
2661 3220 2728 3278 et

413 3321 752 3404 principes
810 3341 891 3384 ex
949 3318 1320 3407 archetypo·
1352 3323 1788 3402 propagatam
1831 3317 2140 3383 adnotavi
2187 3320 2254 3382 in
2297 3318 2469 3385 libro
2514 3322 2727 3403 primo

409 3428 520 3494 his
567 3428 731 3493 locis
776 3427 924 3510 (nec
967 3426 1231 3506 dubito,
1299 3427 1461 3511 quin
1515 3426 1738 3510 plures
1795 3426 1864 3491 in
1918 3426 2194 3508 legendo
2241 3428 2725 3510 praeteiierim):

411 3557 472 3602 c.
518 3539 617 3614 18,
664 3540 704 3600 6
750 3535 856 3617 (in
901 3534 1254 3619 lapidem
1301 3532 1695 3613 consedit,
1741 3555 1872 3598 uno
1921 3540 2233 3616 sequente
2270 3534 2728 3619 Alschefskio),

412 3666 473 3710 c.
519 3648 635 3725 25,
693 3648 730 3707 6
786 3645 962 3709 vice
1008 3644 1248 3708 unius
1294 3642 1500 3728 (quod
1548 3663 1775 3709 omnes
1820 3649 2080 3721 tenent,
2151 3650 2373 3727 spreta
2418 3644 2726 3711 Gronovii

409 3750 968 3833 admonitione)²),
1016 3771 1071 3815 c.
1114 3754 1214 3830 39,
1265 3757 1293 3815 1
1346 3750 1844 3836 (prodigium
1889 3750 2189 3833 visum),
2237 3772 2290 3814 c.
2329 3757 2426 3832 56,
2474 3757 2512 3816 2
2553 3753 2726 3835 (sub

486 4006 522 4072 ¹)
560 4004 688 4075 [Csr.
724 4004 907 4074 XXII,
951 4007 1036 4073 22,
1082 4009 1114 4059 5
1152 4007 1212 4059 in
1248 4005 1372 4061 Put.
1412 4007 1494 4062 ad
1527 4006 2286 4062 Romanassocietatem
2322 4026 2390 4063 ex
2426 4009 2727 4065 Romana

555 4109 661 4161 pro
695 4090 1101 4160 Romanam-1

476 4176 519 4242 1)
556 4176 717 4230 verti
751 4177 945 4232 video:
983 4194 1216 4247 wegen
1252 4178 1372 4232 der
1401 4176 1613 4246 Lage;
1649 4193 1843 4231 verum
1871 4195 1938 4232 ea
1965 4176 2300 4247 significatio
2334 4179 2412 4232 illi
2444 4181 2721 4235 vocabulo

555 4261 699 4317 falso
736 4260 1052 4331 affingitur;
1101 4262 1458 4318 sollicitus
1494 4262 1795 4317 alicuius
1833 4263 2056 4318 vicem
2090 4264 2293 4319 Latine
2327 4266 2408 4320 ita
2442 4266 2620 4335 dicor,
2655 4273 2722 4321 ut

554 4349 737 4403 vicem
795 4348 915 4402 eius
971 4350 1215 4418 quodam
1262 4349 1431 4403 modo
1488 4349 1719 4403 subeam
1761 4364 1977 4417 proque
2013 4366 2081 4403 eo
2118 4350 2394 4406 sollicitus
2430 4352 2535 4406 sim
2579 4351 2721 4420 (eius

556 4433 679 4488 vice
724 4434 785 4487 in
827 4434 1208 4489 sollicitudine
1250 4433 1528 4503 fungens).
1613 4433 1811 4502 Longe
1856 4434 2020 4488 aliter
2056 4436 2264 4490 dicitur
2300 4439 2718 4492 commoveri

554 4520 709 4574 vice
744 4518 1037 4575 fortunae
1076 4519 1215 4587 (VII,
1253 4522 1336 4588 31,
1371 4522 1443 4588 6),
1479 4520 1587 4574 hoo
1626 4523 1729 4588 ent,
1767 4519 2170 4577 vicissitudine.
