3230 5282
553 618 678 674 Lib.
714 616 914 672 XXXI.
1645 603 1769 664 466

553 789 824 855 facere
882 793 961 853 et
1012 808 1347 870 regnum
1401 792 1478 850 et
1521 785 2050 850 Macedonum
2107 807 2388 851 nomen
2447 785 2660 852 haud
2719 788 2870 853 mi·—

554 919 702 962 nus
761 916 990 980 quam
1047 894 1495 959 Romanum
1554 893 1829 959 nobile
1889 895 2293 959 sentietis.
2408 894 2514 960 Sic
2571 901 2638 960 et
2690 894 2744 958 B
2794 903 2867 962 et

556 1005 855 1089 vulgares
902 1002 1197 1080 codices,
1266 1001 1395 1066 nisi
1453 1000 1629 1084 quod
1685 1002 1751 1064 in
1810 1001 1941 1065 illis
1986 1000 2236 1080 belm,
2307 1002 2485 1085 quod
2542 1003 2872 1070 editiones·

553 1115 729 1178 inter
799 1110 1070 1195 nobile
1141 1116 1206 1174 et
1275 1109 1659 1173 sentietis
1731 1109 2188 1193 interponunt,
2269 1111 2486 1176 omitti
2566 1111 2861 1177 Draken-

553 1218 862 1286 borchius
910 1238 1039 1282 non
1085 1215 1440 1290 adnotavit.
1531 1214 1703 1280 Hinc
1748 1216 2208 1299 interpolando
2256 1223 2505 1297 natum,
2552 1218 2728 1302 quod
2774 1219 2861 1284 ad

552 1333 849 1393 nostrum
926 1331 1185 1406 tempus
1263 1326 1328 1388 in
1410 1323 1809 1388 editionibus
1887 1323 2042 1388 fuit:
2125 1323 2316 1389 mihi
2398 1346 2713 1409 quoque
2779 1328 2863 1390 in

554 1436 818 1502 animo
876 1439 1002 1498 est
1045 1432 1352 1510 facere,
1420 1437 1504 1495 ut
1560 1451 1882 1511 regnum
1927 1431 2115 1496 Mac.
2163 1453 2604 1514 nomenque
2658 1432 2724 1498 h.
2773 1457 2854 1499 m.

554 1565 612 1625 q.
675 1545 750 1607 R.
809 1539 1083 1606 nobile
1150 1538 1368 1604 bello
1437 1540 1863 1619 sentiatis,
1931 1560 2137 1622 prava
2204 1541 2564 1621 sententia3
2643 1562 2865 1624 neque

552 1653 726 1719 enim
768 1669 1002 1715 nomen
1049 1646 1408 1712 adversarii
1452 1646 1628 1711 bello
1673 1646 1896 1712 nobile
1940 1653 2274 1731 tamquam
2313 1648 2578 1732 aliquod
2615 1650 2857 1715 malum

554 1759 838 1826 sentitur
885 1756 1088 1837 (ess-e
1136 1753 1350 1819 audiri
1396 1755 1656 1835 nequit;
1702 1775 1913 1838 neque
1957 1756 2024 1819 in
2073 1776 2150 1819 eo
2196 1776 2430 1838 magno
2479 1777 2676 1839 opere
2722 1757 2852 1822 ela-

550 1864 920 1933 borandum
965 1869 1137 1941 erat,
1209 1868 1283 1925 ut
1338 1862 1615 1926 Romani
1662 1861 2093 1927 Macedonum
2153 1885 2391 1928 nomen
2448 1863 2668 1929 nobile
2716 1886 2855 1930 esse

551 1973 842 2055 scirent).
943 1969 1513 2035 Weissenbornius
1562 1969 1825 2033 codices
1872 1977 2136 2035 secutus
2183 1977 2299 2049 est,
2348 1970 2659 2036 semicolo
2705 1980 2861 2055 post

549 2085 825 2149 facere
872 2079 1128 2164 posito;
1195 2078 1259 2141 in
1320 2098 1449 2159 qua
1507 2077 1840 2159 scriptura
1885 2077 2354 2161 (praeterquam
2403 2079 2578 2160 quod
2626 2078 2853 2144 eadem

551 2198 654 2259 est
699 2187 1036 2254 sententiae
1082 2182 1536 2268 reprehensio)
1585 2185 1740 2266 quid
1789 2186 1876 2250 sit
1919 2184 2223 2263 facere,
2285 2187 2544 2250 omnino
2592 2188 2853 2268 ignor03

548 2302 655 2364 vix
700 2297 910 2362 audeo
956 2293 1310 2375 suspicari,
1376 2291 1708 2356 hominem
1767 2293 2033 2357 doctum
2095 2301 2366 2376 putasse
2424 2281 2490 2356 in
2537 2293 2662 2358 hac
2710 2315 2851 2358 ora-

548 2408 728 2473 tione
773 2404 1047 2467 facere
1094 2420 1213 2483 pro
1261 2420 1367 2478 e0,
1428 2400 1603 2482 quod
1654 2400 1964 2465 Germani
2021 2400 2249 2464 dicunt
2304 2400 2684 2479 handeln‚
2744 2422 2850 2465 ac-

439 2579 456 2596 ,
550 2515 679 2598 cipi
728 2532 950 2595 posse;
1019 2508 1098 2571 de
1159 2507 1439 2571 barbaro
1486 2507 1601 2570 illo
1650 2508 1914 2573 animo
1961 2508 2150 2572 mihi
2199 2514 2322 2572 est
2366 2507 2642 2571 facere
2688 2508 2850 2572 nihil

550 2623 726 2701 dico,
795 2616 972 2702 quod
1020 2635 1095 2681 eo
1143 2613 1529 2692 defendunt,
1603 2615 1782 2697 quod
1842 2636 1972 2680 uno
2034 2621 2100 2680 et
2145 2614 2352 2681 altero
2398 2614 2543 2681 loco
2592 2614 2851 2681 codices

544 2737 663 2797 aut
718 2749 871 2813 pars
929 2725 1229 2790 codicum
1284 2723 1533 2786 habent
1578 2723 1839 2787 animo
1885 2722 2039 2787 hab
2058 2744 2215 2802 ere,
2284 2724 2525 2788 extrito
2572 2725 2649 2787 in
2697 2729 2853 2788 ante

545 2861 641 2904 an
699 2834 905 2919 (apud
952 2833 1206 2897 Livium
1265 2829 1463 2895 semel
1525 2831 1729 2894 codex
1775 2829 2298 2896 Vindobonensis
2344 2830 2566 2909 XLIV,
2614 2834 2713 2909 25,
2766 2829 2846 2913 1).

540 2947 641 3011 Ex
710 2943 1005 3009 codicum
1073 2940 1400 3021 scriptura
1466 2937 1688 3020 prodit
1752 2937 2061 3002 facillime
2134 2945 2200 3002 et
2258 2939 2650 3002 certissime:
2723 2938 2844 3002 sin

538 3052 756 3120 bello
837 3047 1289 3123 lacessitiS‚
1368 3044 1561 3108 mihi
1615 3065 1953 3127 quoque
2033 3045 2325 3115 animos
2404 3043 2686 3109 facere
2769 3051 2847 3109 et

539 3179 864 3243 regnum
903 3161 981 3218 et
1004 3152 1530 3217 Macedonum
1566 3173 1847 3216 nomen
1884 3153 2095 3216 haud
2134 3154 2392 3216 minus
2433 3173 2664 3233 quam
2693 3153 2848 3218 Ro·-

537 3287 843 3333 manum
913 3260 1193 3326 nobile
1262 3260 1669 3323 sentietis,
1785 3258 1865 3324 Se
1939 3281 2203 3343 quoque
2264 3265 2467 3323 et-ex
2527 3280 2731 3342 regno
2779 3267 2846 3323 et

368 3390 515 3458 (371)
553 3396 633 3439 ex
687 3370 1033 3439 nobilitate
1089 3368 1301 3450 gentis
1358 3366 1664 3430 fiduciam
1722 3366 2014 3449 aliquam
2073 3368 2173 3431 sui
2232 3366 2472 3431 habere
2535 3388 2846 3432 sensuros

607 3480 620 3495 ‘
714 3487 841 3546 tur.
945 3476 1275 3540 Animos
1335 3472 1593 3537 alicui
1655 3472 1931 3538 facere
1988 3474 2232 3537 iterum
2289 3472 2413 3538 hoc
2460 3475 2677 3557 capite
2725 3472 2758 3557 ἓ
2806 3478 2844 3539 9

84 3500 776 3699 ATU
822 3592 888 3650 et
934 3605 989 3648 c.
1032 3587 1129 3660 14,
1179 3587 1213 3646 5
1261 3602 1474 3663 neque
1522 3580 1881 3664 quidquam
1929 3580 2103 3664 apud
2141 3581 2393 3645 Livium
2439 3580 2849 3665 frequentius

535 3697 610 3779 (Ι,
659 3699 759 3766 34,
807 3699 865 3774 4,
924 3691 1030 3769 VI,
1077 3695 1134 3767 7,
1185 3694 1240 3768 5,
1295 3687 1555 3767 XXXV,
1603 3692 1702 3768 36,
1752 3693 1809 3767 7,
1857 3687 2182 3768 XXXVII,
2232 3691 2329 3768 37,
2380 3692 2437 3767 9,
2484 3688 2843 3770 XXXVIII,

536 3804 632 3878 15,
680 3803 743 3878 9,
784 3795 985 3872 XLII,
1035 3801 1134 3876 50,
1183 3800 1237 3875 7,
1285 3796 1620 3861 simillimo
1666 3793 1860 3876 loco).

704 3903 862 3989 Cap.
923 3909 1033 3984 21,
1092 3910 1130 3967 4
1193 3902 1302 3985 (de
1350 3904 1421 3967 L.
1472 3903 1669 3967 Furio
1729 3902 1954 3967 Gallos
2015 3901 2403 3967 Cremonam
2463 3902 2849 3968 obsidentes

529 4034 658 4077 non
706 4013 949 4091 statim,
1010 4017 1080 4075 ut
1127 4012 1407 4090 advenit,
1465 4009 1842 4094 aggresso):
1914 4009 2439 4074 Lassitudini
2487 4010 2838 4074 militum

528 4119 839 4198 timuit,
909 4118 1117 4203 quod
1188 4120 1491 4202 raptim
1562 4117 1886 4182 ductum
1947 4137 2222 4201 agmen
2284 4122 2477 4181 erat.
2591 4116 2697 4182 Sic
2755 4116 2837 4182 ab

529 4225 851 4305 omnibuS,
899 4227 1013 4307 qui
1051 4227 1301 4290 Livium
1350 4225 1718 4303 ediderunt,
1767 4226 1905 4289 sine
1951 4224 2087 4288 ulla
2132 4224 2449 4289 varietate
2493 4225 2840 4321 scribitur3

526 4353 649 4398 nec
695 4340 848 4397 ante
894 4340 1188 4398 nostram
1237 4340 1500 4398 aetatem
1546 4332 1907 4415 quidquam
1954 4331 2034 4396 de
2071 4331 2408 4397 codicibus
2447 4331 2840 4396 adnotatum

525 4445 641 4505 est.
752 4441 1018 4523 Itaque,
1086 4439 1262 4522 quod
1335 4446 1513 4505 certo
1585 4439 1902 4503 sermonis
1959 4439 2177 4503 Latini
2251 4437 2399 4503 usui
2459 4458 2579 4501 nec
2636 4437 2841 4501 ullam
