3230 5282
1383 602 1505 663 697
2239 616 2360 669 Lib.
2399 615 2595 670 XLIV.

289 809 618 872 rumque
665 795 1155 872 excepturus
1201 809 1336 852 rex
1384 795 1625 866 esset,
1673 787 1795 852 his
1842 788 2157 872 quidem
2203 811 2282 854 se
2330 810 2597 854 coram

296 897 779 980 cognituros
847 895 1382 979 respondent,
1450 895 1657 960 illud
1722 897 1810 942 -—‘
1874 898 2424 981 interrogant,
2472 905 2595 964 cet.

293 1005 569 1070 Poterat
614 1004 1054 1087 suspicionem
1100 1025 1361 1070 movere
1431 1013 1497 1070 et
1544 1005 1703 1069 ordo
1750 1004 2096 1070 verborum
2166 1006 2334 1090 (per
2391 1007 2600 1071 viam

297 1115 437 1179 sine
486 1134 687 1178 causa
732 1114 1099 1196 pronomini
1157 1114 1543 1197 praeposito)
1602 1121 1669 1177 et
1735 1099 2297 1178 multitudinis
2363 1136 2601 1179 nomen

294 1222 643 1288 abundans
689 1242 810 1286 nec
857 1229 1115 1305 aptum,
1176 1222 1485 1305 quoniam
1545 1222 1744 1287 etiam
1800 1223 2209 1305 principibus
2268 1244 2346 1287 ea
2411 1224 2603 1307 copia

295 1337 535 1415 parata
581 1337 755 1410 erat3
802 1330 916 1394 sed
962 1338 1183 1395 tamen
1227 1329 1367 1394 haec
1423 1351 1658 1414 parum
1713 1331 1939 1413 gravia
1981 1329 2261 1396 forsitan
2306 1331 2602 1396 videren-

293 1451 423 1517 tur,
471 1439 598 1504 nisi
644 1439 836 1503 aliter
881 1438 1132 1503 Livium
1178 1439 1516 1521 scripsisse
1564 1438 1769 1503 codex
1814 1441 2162 1524 perspicue
2208 1440 2603 1519 ostenderet,

297 1550 405 1631 qui
478 1547 621 1612 haec
687 1546 917 1611 habet:
989 1546 1637 1630 adiecissetque,
1721 1568 1867 1630 per
1924 1568 2152 1630 que-m
2224 1555 2605 1632 quantam

297 1657 648 1721 omnium
692 1661 1239 1740 praeparatam
1287 1675 1482 1719 cura
1535 1656 1754 1738 regis
1815 1658 2131 1739 copiam
2186 1657 2435 1721 intuli
2480 1655 2604 1722 fo-

294 1771 494 1830 rent.
583 1763 847 1829 Partem
913 1764 1049 1827 veri
1095 1763 1667 1829 Weissenbornius
1711 1762 1903 1842 vidit,
1968 1764 2175 1829 latere
2232 1766 2301 1830 in
2354 1765 2596 1831 litteris
2633 1768 2783 1839 (578)

299 1873 543 1962 intuli
611 1873 1034 1956 participium
1099 1871 1306 1936 futuri
1363 1873 1679 1956 temporis
1736 1872 1816 1936 de
1866 1872 2077 1937 Gallis
2125 1874 2413 1956 positum
2461 1871 2608 1954 (in-

296 1982 625 2047 venturi
672 1979 995 2061 forent);
1041 1981 1460 2064 participium
1504 1981 1722 2064 ipsum
1769 1989 2116 2065 ceteraque
2166 1982 2226 2046 ei
2273 1988 2431 2064 apta
2475 2003 2608 2047 non

295 2091 567 2154 invenit.
669 2088 1039 2173 Scripserat
1094 2089 1264 2152 enim
1318 2088 1565 2153 Livius:
1633 2108 1769 2169 per
1834 2097 2190 2165 quanta·
2260 2089 2607 2154 omnium

297 2205 844 2283 praeparatam
891 2217 1077 2261 cura
1120 2196 1340 2279 regis
1378 2198 1695 2280 copiam
1729 2196 1918 2260 itui
1952 2198 2230 2277 forent,
2277 2197 2604 2281 quibus-

299 2326 453 2388 que
523 2305 1001 2370 muneribus
1068 2339 1152 2349 —
1230 2312 1726 2388 excepturus
1805 2327 1947 2372 rex
2016 2314 2254 2371 esset.
2368 2305 2610 2383 Quem

243 2417 252 2425 ’
301 2423 457 2480 ante
506 2420 895 2497 quantam
942 2420 1057 2478 aut
1102 2433 1180 2477 ex
1223 2412 1418 2478 huius
1464 2413 1642 2478 vocis
1679 2414 1908 2496 primis
1953 2414 2191 2479 litteris
2236 2434 2433 2498 prave
2478 2415 2610 2498 pri-

297 2544 477 2588 mum
544 2522 811 2606 scriptis
879 2530 995 2587 aut
1061 2542 1141 2586 ex
1199 2542 1344 2603 que
1401 2519 1582 2602 (ante
1651 2522 1822 2606 per)
1884 2530 2096 2587 ortum
2143 2544 2287 2588 esse
2333 2523 2609 2588 videtur.

301 2632 538 2697 Restat
604 2631 671 2696 in
739 2628 772 2715 ἓ
843 2634 917 2695 11
991 2627 1263 2711 (Quum
1341 2630 1435 2695 ad
1511 2631 1591 2696 id
1668 2630 1885 2696 nihil
1952 2632 2611 2716 responderetur,

299 2740 745 2806 Clondicus
790 2739 1132 2821 regulus
1179 2761 1474 2806 eorum:
1521 2739 1705 2819 Abi,
1764 2742 2163 2805 renuntia
2221 2762 2445 2825 ergO,
2490 2743 2609 2807 in·

300 2851 502 2935 quit,
536 2851 695 2915 nisi
740 2870 1018 2914 aurum
1065 2848 1565 2929 obsidesque
1611 2846 2171 2930 accepissent,
2217 2869 2613 2931 nusquam

301 2959 497 3025 inde
566 2957 856 3023 Gallos
934 2957 1264 3038 longius
1342 2956 1779 3038 vestigium
1861 2956 2245 3037 moturos)
2313 2958 2481 3021 mira
2547 2965 2613 3022 et

300 3068 500 3152 plane
545 3066 950 3131 incredibilis
1019 3065 1158 3130 sine
1204 3064 1341 3128 ulla
1408 3085 1611 3129 causa
1670 3064 1962 3129 confusio
2024 3073 2223 3130 rectae
2290 3066 2612 3131 orationis

304 3176 512 3259 (Abi,
582 3174 878 3259 inquit)
946 3181 1014 3238 et
1079 3172 1359 3254 obliquae
1417 3171 1607 3254 (nisi
1673 3207 1760 3217 —
1817 3174 2374 3256 accepissent,
2419 3195 2609 3238 nus-

304 3306 543 3369 quam
586 3283 773 3348 inde
820 3304 971 3367 pro:
1040 3281 1204 3346 nisi
1246 3315 1332 3326 —
1377 3281 1889 3365 acceperint,
1955 3302 2354 3365 nusquam
2418 3281 2615 3346 hinc

306 3394 409 3459 vel
458 3394 709 3477 potius:
756 3392 917 3456 nisi
964 3426 1048 3435 —
1091 3389 1699 3472 acceperimus),
1747 3389 1831 3453 ad
1879 3410 2074 3471 quam
2133 3391 2616 3473 coarguendam

308 3501 572 3567 accedit
638 3501 868 3565 vitiose
936 3500 1154 3582 posita
1221 3518 1408 3579 ergo
1476 3498 1836 3580 particula3
1920 3497 2207 3563 debebat
2275 3499 2445 3563 enim
2515 3500 2611 3564 sic

310 3610 542 3675 scribi:
612 3609 759 3673 Abi
829 3627 1053 3693 ergo,
1118 3606 1523 3671 renuntia.
1614 3604 1837 3671 Mendi
1884 3628 2043 3671 sane
2089 3608 2236 3671 miri
2282 3608 2621 3692 praecipua

309 3719 502 3784 sedes
550 3718 615 3782 in
662 3716 949 3799 inquid
997 3717 1120 3797 (sic
1165 3714 1333 3794 cod.)
1383 3735 1502 3799 pro
1548 3713 1776 3779 iubet
1822 3716 2097 3799 scripto:
2169 3714 2620 3782 Clondicus

311 3826 649 3909 regulus
696 3844 971 3890 eorum
1039 3822 1253 3886 abire
1322 3821 1825 3898 nuntiataque
1894 3823 2111 3886 {ubet
2176 3826 2383 3907 regi,
2456 3826 2621 3890 nisi

312 3943 436 3999 cet.
525 3933 745 3998 Prima
788 3942 1009 3999 tamen
1055 3933 1234 4015 origo
1281 3930 1561 3996 fortasse
1607 3930 1733 3995 fuit
1786 3933 2157 4015 imperativi
2224 3931 2412 4016 (abi)
2472 3955 2617 4017 spe-

313 4044 448 4108 cies
496 4043 760 4108 obiecta
803 4042 1050 4121 anim0,
1119 4062 1318 4124 quum
1363 4061 1444 4104 re
1491 4039 1746 4123 syllaba
1790 4040 1873 4104 ad
1919 4043 2291 4123 proximum
2336 4042 2618 4106 vocabu·

312 4150 448 4215 lum
518 4151 1055 4231 (renuntiare)
1123 4155 1345 4214 tracta
1411 4156 1608 4213 esset.
1700 4148 2008 4214 Secutum
2077 4156 2176 4214 est
2239 4150 2624 4214 renuntia

316 4278 539 4342 erg0,
586 4269 727 4325 tum
773 4258 1081 4340 inquid.

489 4365 645 4451 Cap.
706 4371 806 4447 27,
882 4372 933 4430 1.
1024 4365 1301 4432 Perseus
1368 4372 1628 4430 tantum
1697 4367 1985 4449 quinque
2053 4364 2259 4430 millia
2326 4367 2617 4450 equitum

320 4475 658 4541 Gallorum
727 4497 796 4541 se
867 4474 1342 4540 conducturum
1412 4474 1697 4552 dixerat,
1765 4474 2003 4558 quibus
2070 4475 2167 4538 uti
2233 4475 2319 4539 ad
2376 4473 2623 4540 bellum
