3230 5282
1367 601 1495 664 23⁷
2357 616 2485 672 Lib.
2520 616 2588 671 X.

293 804 359 848 ιο
400 786 854 852 ostendere.
922 784 1163 870 ‘Neque
1209 786 1645 853 enim-mulos
1692 787 2043 854 ostendere
2089 786 2398 867 debebat,
2447 787 2586 872 sed,

293 893 538 959 illorum
604 900 973 978 conspectu
1038 894 1308 979 pulvere
1376 893 1670 975 sublato,
1754 896 2041 980 speciem
2121 895 2456 962 exercitus
2525 900 2593 960 et

294 1002 552 1067 maxime
597 1003 897 1087 equitum
931 1001 1239 1068 obiicere.
1307 1001 1620 1068 Mendum
1656 1002 1964 1069 Dukerus
2005 1008 2322 1069 senserat.
2377 1002 2590 1085 1861.)

294 1108 615 1177 Postremo
655 1106 719 1192 (ἓ
749 1109 875 1191 12),
912 1108 1029 1174 ubi
1061 1109 1331 1193 legitur:
1378 1110 1862 1193 insequitur
1898 1110 2118 1176 acies
2159 1116 2446 1176 ornata
2477 1132 2592 1176 ar-

297 1226 689 1303 mataque,
746 1224 840 1281 ut
892 1216 1264 1283 hostium
1309 1238 1636 1302 quoque
1682 1216 2212 1301 magnificum
2258 1224 2592 1302 specta·

300 1327 539 1392 culum
597 1329 860 1405 esset,
930 1326 1237 1409 quoniam
1293 1324 1666 1391 hostiurn
1725 1326 2288 1410 spectaculum
2332 1324 2591 1407 (addito

300 1434 643 1518 proesertim
688 1432 1044 1515 adiectivo)
1090 1453 1212 1517 pro
1259 1453 1359 1514 eo,
1419 1432 1600 1516 quod
1645 1432 1954 1499 hostibus
2000 1432 2348 1516 praebetur,
2407 1432 2596 1498 valde

301 1540 683 1609 incommode
730 1539 1003 1621 dicitur,
1064 1539 1486 1606 scribendum
1545 1546 1649 1606 est
1704 1547 1821 1606 aut
1880 1560 2029 1605 cum
2075 1538 2404 1607 Glareano
2450 1539 2495 1604 h
2513 1563 2593 1606 o-

303 1651 554 1716 stibus
622 1656 741 1716 aut
804 1647 1054 1714 hosti.
1174 1647 1427 1714 Eodem
1504 1648 1702 1714 modo
1782 1668 1903 1732 pro
1967 1647 2201 1714 hosti
2267 1654 2384 1713 aut
2447 1648 2593 1713 ho-

303 1753 549 1821 stibus
603 1755 673 1819 in
728 1755 1071 1821 codicibus
1131 1757 1447 1840 scriptum
1503 1763 1603 1820 est
1657 1755 2013 1821 hostium
2055 1754 2168 1820 lib.
2215 1755 2327 1836 IX,
2376 1760 2477 1835 37,
2526 1758 2594 1820 3:

303 1858 597 1929 Deinde
644 1864 1075 1928 instructa
1118 1862 1324 1945 (acies
1370 1862 1826 1945 Etruscorum)
1874 1864 2131 1948 primo
2179 1884 2324 1931 suo
2373 1870 2594 1929 stare

302 1961 487 2045 loco,
530 1966 842 2036 relicto
889 1969 1259 2037 hostium
1303 1970 1399 2036 ad
1442 1971 2036 2037 instruendum
2081 1976 2367 2037 contra
2412 1992 2591 2055 spa·

301 2070 423 2150 tio,
463 2072 576 2139 ubi
618 2098 794 2144 nunc
839 2078 1060 2144 editur
1104 2078 1516 2145 hostibus.

457 2179 612 2268 Cap.
693 2190 807 2266 41,
889 2191 962 2250 5:
1055 2185 1178 2270 Sp.
1260 2186 1617 2253 Nautius
1696 2185 2157 2269 (Octavium
2235 2185 2598 2251 Maecium

304 2288 612 2370 quidam
677 2314 850 2358 eum
913 2293 1306 2376 tradunt),
1386 2295 1548 2358 dux
1627 2292 2009 2359 alaribus
2076 2292 2595 2373 cohortibus,

307 2403 499 2479 erat;
551 2400 972 2483 pulverem
1031 2407 1156 2466 cet.
1256 2400 1566 2467 Possitne
1624 2400 1864 2484 aliquis
1911 2400 2067 2466 dux
2115 2400 2597 2466 cohortibus

303 2523 411 2585 pro
454 2506 907 2574 cohortium
951 2508 1276 2592 appellari
1314 2507 1474 2591 (non
1521 2508 1654 2573 dux
1697 2509 1778 2574 iis
1827 2529 1973 2574 esse
2020 2507 2200 2590 dici),
2245 2508 2600 2574 admodum

307 2609 553 2680 dubium
598 2623 732 2698 est3
786 2616 857 2683 id
902 2617 1358 2699 certissimum,
1405 2615 1705 2682 subiecto
1754 2621 1953 2698 erat,
2011 2638 2143 2683 non
2187 2637 2380 2702 posse
2428 2616 2598 2682 dati-

307 2739 439 2786 vum
478 2723 563 2788 ab
612 2732 797 2790 erat
841 2724 1062 2791 diveui
1108 2732 1177 2791 et
1222 2726 1316 2791 sic
1360 2726 1601 2809 accipi3
1651 2729 1719 2789 et
1760 2730 1982 2790 tamen
2027 2723 2448 2791 manifestum
2484 2732 2600 2805 est,

307 2846 422 2892 non
476 2830 543 2895 id
598 2831 726 2896 hoc
784 2832 931 2897 loco
993 2853 1034 2897 a
1087 2832 1273 2898 Livio
1337 2832 1500 2912 dici,
1569 2831 1811 2916 quibus
1869 2831 2001 2897 dux
2055 2831 2341 2898 Nautius
2386 2833 2602 2912 fuerit,

309 2933 413 2998 sed
433 2935 743 3004 Nautium
787 2938 1012 3019 fuisse,
1060 2941 1175 3025 qui
1220 2961 1371 3005 cum
1418 2935 1557 3005 suis
1603 2939 1962 3005 adveniret.
2052 2940 2287 3022 Itaque
2310 2939 2602 3005 Kochius

308 3044 602 3111 coniecit:
662 3068 835 3112 cum
890 3047 1270 3113 alaribus
1327 3046 1821 3113 cohortibus
1878 3053 2085 3128 erat;
2146 3047 2264 3113 sed
2318 3048 2599 3113 mutatio

306 3149 574 3218 violenta
654 3155 934 3220 videtur.
1058 3155 1302 3221 Verum
1368 3155 1677 3235 alariae,
1755 3176 1889 3221 non
1956 3155 2230 3220 alares
2299 3153 2603 3219 cohortes

308 3276 493 3340 supra
524 3259 605 3341 (c.
642 3265 746 3342 40,
783 3262 850 3344 8)
900 3263 1252 3347 appellatae
1288 3268 1497 3342 erant,
1544 3282 1666 3327 nec
1702 3262 1836 3327 alia
1867 3261 2083 3327 forma
2116 3261 2256 3327 eius
2296 3260 2604 3325 adiectivi

308 3373 412 3430 aut
444 3367 663 3435 Livius
709 3376 829 3435 aut
873 3369 1093 3436 Caesar
1135 3371 1366 3436 utitur.
1455 3370 1696 3454 Itaque
1740 3371 1809 3434 in
1855 3368 2404 3435 duxalaribus
2440 3369 2606 3433 latet

308 3472 435 3538 sine
491 3474 690 3542 dubio
747 3477 882 3543 alia
939 3478 1304 3562 appellatio
1352 3477 1586 3544 eodem
1635 3483 1964 3562 spectans,
2012 3476 2604 3557 auxiliaribus3

308 3598 382 3644 ex
445 3603 522 3649 eo
591 3606 793 3667 quum
856 3585 1109 3651 factum
1187 3591 1368 3651 esset
1433 3586 1590 3650 dux
1656 3586 1783 3665 al.,
1854 3591 2126 3650 extrusa
2194 3591 2297 3650 est
2352 3605 2605 3669 praepo-

310 3688 481 3771 sitio,
556 3713 761 3776 quum
825 3690 1087 3759 fuisset:
1142 3728 1233 3739 —
1288 3712 1444 3756 cun
1512 3691 2038 3756 auxiliaribus
2096 3691 2604 3758 cohortibus.

310 3793 541 3881 (18⁷5.)
653 3799 970 3884 Superest
1033 3802 1105 3865 in
1164 3798 1198 3883 ἓ
1260 3804 1338 3865 10
1400 3799 1535 3865 alia
1606 3801 1915 3885 suspicio.
2016 3799 2119 3864 Ibi
2208 3799 2288 3863 de
2350 3797 2604 3863 Samni-

309 3902 478 3971 tibus
565 3913 902 3991 postremo
997 3908 1445 3973 Romanorum
1524 3909 1779 3992 impetu
1855 3905 2179 3991 perculsis
2261 3905 2605 3972 scribitur:

309 4007 482 4077 Tum
574 4015 730 4082 iam
818 4015 1154 4080 deorum
1228 4015 1818 4099 hominumque
1895 4014 2120 4079 victa
2197 4014 2345 4095 vis;
2425 4012 2606 4078 fun-

312 4116 602 4186 duntur
666 4123 1041 4189 linteatae
1108 4123 1526 4204 cohortes3
1594 4122 1918 4207 pariter
1975 4121 2238 4186 iurati
2294 4122 2608 4185 iniura-

312 4227 529 4310 tique
592 4227 918 4314 fugiunt
981 4251 1127 4296 nec
1194 4250 1675 4315 quemquam
1742 4234 2053 4314 praeter
2106 4227 2391 4294 hostes
2449 4248 2610 4292 me-

311 4337 554 4402 tuunt.
653 4338 842 4404 Itane
885 4339 1086 4405 vero?
1164 4337 1358 4403 Victa
1399 4343 1500 4403 est
1545 4336 1629 4402 ab
1675 4336 1985 4402 Romanis
2031 4334 2301 4402 deorum
2345 4337 2441 4401 vis
2486 4355 2607 4419 pro
