3230 5282
1451 577 1573 637 565
2381 590 2505 643 Lib.
2543 590 2661 645 XL.

351 759 736 836 nominis,
802 758 1025 838 mihi,
1103 757 1540 837 Antiocho,
1634 759 1989 824 cuilibet
2065 781 2339 844 regum
2418 761 2662 827 huius

352 867 642 944 aetatis,
686 865 919 931 nulla
962 886 1045 930 re
1091 867 1341 948 magis
1388 887 1623 950 quam
1667 865 2044 932 fraterna
2086 869 2662 948 unanimitate,

355 992 690 1053 regnum
757 993 1155 1058 aequasse.
1244 973 1381 1038 Nec
1438 974 1524 1038 ad
1581 980 1794 1039 totam
1856 976 2175 1041 orationis
2219 973 2497 1040 formam
2542 997 2664 1041 nec

351 1079 437 1143 ad
485 1079 854 1146 subiectam
901 1081 1298 1164 particulam
1343 1088 1430 1145 ut
1476 1080 1629 1146 ullis
1676 1079 1997 1146 machinis
2031 1082 2509 1147 accommodari
2548 1104 2664 1166 po-

350 1193 485 1251 test
531 1189 1024 1254 exclamationis
1085 1189 1202 1253 illa
1269 1195 1334 1252 et
1379 1188 1840 1253 admirationis
1883 1187 2125 1271 figura,
2184 1210 2328 1271 quae
2372 1211 2504 1254 una
2548 1190 2677 1256 ad·-

358 1295 576 1360 hiberi
621 1296 843 1378 aliquo
887 1296 1081 1362 modo
1128 1296 1389 1360 videtur
1433 1317 1629 1379 posse
1689 1296 1776 1360 ad
1835 1317 2069 1378 quam
2136 1302 2288 1361 ante
2334 1299 2664 1381 exiguis

348 1404 598 1468 rebus
645 1403 1144 1486 expediendum.
1236 1403 1501 1486 Itaque,
1570 1404 1696 1468 etsi
1755 1406 1961 1468 mirus
2008 1401 2190 1468 error
2248 1411 2380 1482 est,
2434 1410 2658 1470 tamen
2692 1419 2836 1490 (460)

359 1532 491 1576 non
538 1510 766 1576 dubito
814 1511 1134 1576 scribere:
1182 1511 1282 1576 ab
1329 1519 1492 1576 tam
1538 1513 1868 1593 exiguis
1913 1511 2165 1576 rebus.

524 1617 682 1701 Cap.
732 1624 791 1696 9,
839 1623 877 1682 8
939 1619 1032 1700 (in
1100 1618 1322 1684 Persei
1389 1621 1725 1697 oratione,
1794 1639 1926 1701 qua
1989 1618 2262 1683 fratrem
2330 1621 2660 1703 accusat):

347 1726 676 1802 Frater,
736 1748 890 1790 non
949 1723 1614 1792 comissantium'
1653 1728 1734 1790 in
1777 1727 2030 1791 vicem
2074 1729 2226 1791 iam
2273 1726 2415 1791 diu
2460 1729 2664 1792 vivi-

349 1853 514 1899 mus
560 1835 775 1898 inter
819 1855 982 1898 nos.
1075 1834 1418 1899 Sententia
1464 1855 1610 1919 quae
1659 1854 1804 1898 esse
1851 1832 2121 1911 debeat,
2170 1842 2467 1918 apparet.
2535 1835 2665 1900 Ne-

346 1950 462 2026 gat
508 1942 690 2013 enim>
723 1941 1036 2020 PerseuS,
1102 1944 1200 2007 ita
1256 1944 1389 2006 iam
1436 1941 1547 2006 diu
1612 1962 1683 2005 se
1740 1947 1807 2004 et
1852 1941 2254 2004 Demetrium
2299 1941 2544 2019 vivere,
2591 1949 2666 2006 ut

357 2050 536 2116 credi
595 2050 836 2133 possit,
906 2050 1046 2113 sine
1106 2050 1244 2114 ullo
1304 2048 1693 2114 insidiarum
1753 2049 2023 2114 consilio
2084 2048 2352 2113 iuvenili
2395 2049 2666 2115 lascivia

346 2159 754 2223 Demetrium
800 2163 867 2220 et
913 2158 1054 2220 eius
1099 2158 1370 2222 comites
1417 2156 1504 2220 ad
1549 2177 1619 2221 se
1666 2157 2085 2221 comissatum
2135 2156 2288 2221 isse.
2380 2156 2505 2222 Sed
2552 2178 2666 2221 ne-

350 2287 475 2348 que
524 2264 663 2328 haec
712 2264 1043 2328 sententia
1087 2284 1298 2344 neque
1347 2264 1479 2328 alia
1524 2264 1668 2328 loco
1717 2270 1875 2346 apta
1918 2263 2030 2344 qui
2074 2264 2280 2346 possit
2325 2285 2404 2328 ex
2448 2265 2664 2329 verbis

347 2371 552 2449 effici,
621 2377 740 2435 aut
805 2370 966 2453 quid
1036 2372 1122 2435 sit
1178 2372 1441 2436 omnino
1502 2370 1742 2435 Latino
1810 2369 2121 2451 loquendi
2185 2392 2313 2435 usu
2369 2373 2665 2437 comis-

350 2479 723 2544 santium
789 2479 871 2541 in
938 2479 1196 2542 vicem
1253 2479 1554 2556 vivere,
1626 2477 1970 2560 intellegO,
2031 2498 2427 2561 quamquam
2474 2500 2663 2545 nemo

350 2587 550 2652 verbo
618 2585 685 2650 id
753 2584 1225 2650 declarandum
1292 2586 1581 2670 putavit3
1652 2584 1817 2651 adeo
1882 2585 2183 2652 omnibus
2244 2585 2383 2650 haec
2442 2585 2667 2652 facilia

349 2696 493 2759 visa
539 2701 693 2758 sunt
740 2699 856 2758 aut
900 2715 1032 2758 non
1079 2693 1509 2758 attenderunt
1553 2700 1671 2757 aut
1718 2693 1904 2770 ade0‚
1954 2693 2111 2775 quid
2159 2700 2333 2758 esset
2379 2695 2663 2773 obscuri,

350 2808 578 2886 aperte
624 2801 818 2865 fateri
861 2801 1233 2864 noluerunt.
1323 2800 1486 2865 Mihi
1533 2801 2232 2865 commissantium
2286 2802 2362 2865 in
2407 2802 2663 2867 vicem

352 2910 635 2973 vivere
704 2907 961 2972 videtur
1029 2929 1171 2972 esse
1241 2909 1733 2973 comissantium
1780 2907 1926 2972 loco
1985 2909 2232 2984 vivere,
2300 2927 2525 2971 eorum
2571 2910 2663 2972 vi-

349 3015 542 3081 vendi
587 3015 890 3098 partibus
939 3023 1006 3080 et
1048 3016 1191 3079 vice
1236 3014 1440 3097 fungi.
1511 3013 1640 3079 Sed
1676 3013 1992 3096 fingamus
2040 3014 2664 3079 comissantium

349 3125 428 3188 in
472 3124 730 3187 vicem
775 3123 1003 3187 eodem
1049 3123 1242 3188 modo
1292 3123 1453 3199 dici,
1517 3142 1648 3203 quo
1706 3120 1886 3203 apud
1932 3119 2311 3185 Ciceronem
2370 3120 2664 3186 Sarda-

357 3231 645 3314 napali
688 3230 938 3295 vicem
983 3232 1061 3293 in
1118 3230 1432 3294 lectulo
1491 3230 1723 3308 mori,
1774 3227 1949 3311 apud
1997 3226 2381 3292 Sallustium
2425 3250 2664 3311 peco-

349 3360 522 3402 rum
566 3339 819 3402 vicem
868 3338 1386 3413 obtruncari,
1436 3335 1614 3419 apud
1663 3336 1826 3400 alios
1868 3335 1997 3399 alia
2034 3334 2145 3415 (—
2188 3335 2366 3418 apud
2410 3336 2665 3401 Livium

351 3446 517 3510 nihil
562 3444 936 3510 huiusmodi
983 3451 1084 3509 est
1125 3444 1259 3525 —),
1304 3444 1428 3508 hoc
1475 3451 1604 3522 est,
1663 3449 2074 3526 tamquam
2122 3443 2663 3508 comissantes

358 3553 580 3637 (quasi
646 3574 767 3635 pro
836 3572 947 3630 ec,
1017 3551 1187 3633 quod
1258 3559 1384 3616 est:
1449 3551 1888 3617 sollicitus
1943 3551 2202 3614 vicem
2270 3550 2661 3629 alicuius,

352 3662 558 3744 possit
603 3662 802 3725 etiam
850 3659 1006 3723 dici:
1079 3658 1507 3725 sollicitus
1576 3660 1662 3722 in
1730 3660 1981 3723 vicem
2037 3658 2264 3740 alic.),
2324 3658 2482 3741 quid
2540 3659 2665 3723 hoc

351 3775 474 3841 est,
520 3767 761 3832 fratres
805 3768 936 3830 iam
984 3765 1095 3830 diu
1150 3787 1285 3830 non
1341 3767 1554 3830 vivere
1621 3772 2028 3848 tamquam
2078 3767 2662 3831 comissantes?

354 3875 661 3940 Solentne
707 3875 912 3958 igitur
959 3881 1071 3938 aut
1117 3873 1361 3938 debent
1405 3874 1560 3938 boni
1621 3882 1687 3939 et
1734 3874 2087 3938 concordes
2143 3872 2386 3939 fratres
2433 3876 2663 3939 comis-

354 3984 640 4048 santium
685 3981 878 4047 modo
925 3983 1168 4059 vivere,
1228 3981 1353 4046 hoc
1409 3988 1540 4060 est,
1601 3982 1862 4065 opinor,
1917 3983 1984 4046 in
2030 3989 2352 4065 perpetua
2396 3982 2666 4047 lascivia

352 4096 421 4155 et
466 4090 882 4173 petulantia?
959 4089 1177 4171 Longe
1226 4088 1408 4152 aliud
1454 4094 1573 4167 est,
1622 4089 1889 4154 iuvenes
1938 4091 2430 4153 comissantium
2467 4090 2662 4154 modo

349 4199 600 4276 vivere,
660 4196 872 4275 aliud,
932 4198 1028 4260 ita
1072 4197 1244 4260 inter
1304 4216 1377 4260 se
1433 4198 1641 4261 amice
1687 4197 2208 4279 simpliciterque
2256 4203 2321 4260 et
2367 4198 2507 4261 sine
2554 4219 2662 4261 su-

357 4304 647 4388 spicione
696 4306 926 4383 vivere,
964 4310 1039 4368 ut
1077 4305 1276 4368 etiam
1325 4305 1746 4368 comissatum
1791 4304 2120 4368 interdum
2166 4310 2322 4368 eant
2366 4304 2533 4368 alter
2578 4302 2664 4367 ad

352 4411 667 4488 alterum,
713 4411 1095 4495 vicibusque
1160 4412 1288 4476 hoc
1346 4409 1627 4490 faciant,
1684 4410 1808 4477 hoc
1865 4419 1982 4487 est,
2031 4412 2109 4474 in
2154 4412 2427 4476 vicem.
2516 4411 2661 4475 Hoc
