3230 5282
1486 580 1611 666 41⁴7
1913 699 1917 702 Ι
2341 621 2466 675 Lib.
2502 623 2703 678 xxm.

388 794 463 852 et
517 788 800 852 alterum
859 789 1320 870 recentiorem)
1378 789 1712 873 participii
1779 790 2105 856 ablativus
2164 791 2260 874 (in
2327 794 2704 859 mittendi

389 896 595 961 verbo
652 902 719 961 et
779 898 1187 979 compositis)
1247 897 1573 961 interdum
1632 897 1794 961 dure
1851 898 1946 962 sic
1991 899 2279 982 posituS,
2349 906 2453 980 ut,
2521 902 2705 967 nulla

394 1004 699 1069 subiecta
754 1003 1085 1079 sententia
1141 1003 1418 1067 relativa
1464 1003 1763 1086 (missis
1822 1005 2017 1087 qui),
2088 1007 2396 1071 audiatur
2454 1009 2705 1073 subiec-

391 1118 536 1175 tum
584 1110 912 1176 infinitum
960 1110 1481 1191 (hominibuS,
1530 1111 1897 1193 aliquot),
1944 1118 2020 1176 ut
2064 1114 2112 1192 Ι,
2160 1117 2259 1194 31,
2305 1119 2374 1178 2:
2431 1116 2704 1181 missis

393 1218 492 1283 ad
540 1218 619 1283 id
665 1218 1078 1283 visendum
1125 1217 1620 1301 prodigium,
1677 1219 1759 1299 11,
1821 1222 1919 1299 34,
1978 1223 2046 1283 3:
2108 1220 2473 1287 dimissis
2518 1244 2704 1306 pas-

393 1328 540 1392 sim
589 1327 684 1391 ad
731 1325 1216 1390 frumentum
1264 1326 1802 1404 coemendum,
1859 1327 1953 1406 X,
2014 1331 2115 1407 29,
2178 1332 2286 1392 18:
2346 1329 2703 1394 dimissis

392 1434 494 1498 ad
551 1433 1063 1516 quaerendum
1109 1432 1443 1515 collegae
1490 1455 1798 1521 corpus,
1846 1434 2161 1514 XXXIII,
2224 1439 2329 1515 11,
2390 1440 2454 1499 l:
2523 1437 2703 1500 mis-

393 1543 672 1624 sisque
730 1541 1092 1605 Larisam
1175 1541 1270 1604 ad
1342 1542 1965 1607 commentarios
2035 1544 2310 1625 regios
2382 1544 2703 1608 combu-

395 1671 538 1713 ren
561 1649 735 1728 dos,
789 1648 1098 1726 XXXIX,
1157 1651 1266 1726 35,
1326 1653 1384 1711 4.
1488 1645 1925 1713 Coniunctum
1980 1649 2105 1713 hoc
2162 1671 2309 1714 cum
2365 1649 2704 1715 indicativi

396 1756 687 1821 eiusdem
733 1756 914 1820 verbi
958 1778 1113 1834 usu,
1172 1776 1299 1838 quo
1358 1755 1660 1820 absolute
1717 1756 2045 1820 mittere
2094 1757 2188 1821 ad
2236 1757 2592 1840 aliquem
2639 1763 2707 1821 et

395 1864 498 1928 ad
566 1863 884 1947 aliquid
939 1862 1403 1927 faciendum
1461 1863 1732 1941 dicitur,
1800 1863 1972 1927 unde
2030 1865 2315 1947 passive,
2383 1885 2534 1929 raro
2596 1886 2705 1928 ex-

396 1972 633 2054 emplo,
682 1971 916 2050 XLIV,
974 1974 1086 2049 23,
1147 1977 1186 2033 4
1231 1971 1527 2054 ponitur:
1589 1968 1769 2033 Cum
1817 1970 2088 2036 eodem
2137 1971 2232 2035 ad
2281 1973 2704 2053 pecuniam

394 2079 959 2162 accipiendam
1041 2079 1269 2143 missi
1349 2083 1542 2142 sunt
1611 2077 1939 2158 (homines
2008 2077 2312 2162 aliquot).
2425 2077 2706 2161 [Eodem

393 2187 587 2252 modo
643 2187 929 2251 Iustinus
987 2186 1264 2263 XXVII,
1330 2189 1395 2263 1,
1456 2191 1526 2248 4:
1596 2207 1831 2268 quum
1890 2185 1981 2248 ad
2043 2207 2121 2250 se
2181 2186 2704 2251 interficien-

397 2295 578 2359 dam
622 2295 915 2358 missos
964 2289 1448 2373 didicisset]

572 2400 729 2484 Cap.
783 2406 878 2479 10,
927 2405 991 2464 3:
1061 2421 1235 2464 nam
1293 2421 1546 2481 neque
1592 2421 1816 2464 usum
1864 2402 2040 2465 eius
2087 2402 2334 2466 ullum
2379 2402 2458 2466 in
2503 2423 2706 2486 prae-

396 2511 676 2574 sentia
736 2530 941 2586 esse,
1011 2530 1240 2590 quum
1296 2507 1705 2572 Hannibal
1762 2510 1919 2572 iam
1976 2510 2057 2573 in
2113 2509 2459 2574 hiberna
2514 2532 2706 2575 suos

399 2617 852 2701 receperit,
936 2621 1011 2681 et
1088 2622 1325 2680 tanta
1401 2615 1838 2681 incesserit
1916 2617 1990 2681 iu
2073 2638 2164 2681 ea
2245 2624 2525 2683 castra
2592 2619 2708 2682 vis

401 2725 660 2790 morbi
728 2734 852 2789 cet.
965 2723 1332 2788 Frobenius
1404 2745 1460 2787 a.
1529 2728 1690 2787 1535
1761 2732 1828 2788 et
1882 2732 2035 2808 post
2092 2746 2239 2789 eum
2294 2726 2496 2789 ceteri
2555 2735 2707 2789 ante

355 2832 803 2926 ‘Gronovium
852 2831 1227 2896 ediderunt:
1295 2853 1467 2895 nam
1526 2853 1781 2913 neque
1841 2853 2064 2895 usum
2112 2833 2285 2896 eius
2333 2832 2579 2896 ullum
2622 2868 2710 2878 —

404 2962 580 3004 esse
624 2975 690 2984 -
757 2945 834 3004 et
896 2946 1209 3004 tantam
1255 2940 1697 3004 incessisse
1743 2940 1924 3018 vim,
1991 2940 2179 3003 nimis
2224 2939 2573 3019 violenter;
2643 2947 2709 3004 et

397 3054 652 3128 tamen,
720 3048 1016 3131 quamvis
1086 3047 1458 3113 Gronovius
1525 3045 1729 3111 falsos
1799 3067 1911 3110 eos
1981 3045 2187 3124 dicat,
2255 3047 2353 3110 ita
2420 3046 2708 3112 scribere

399 3156 626 3219 Livius
696 3156 924 3220 debuit
995 3154 1361 3237 voluitque,
1432 3175 1631 3236 quum
1700 3174 1955 3235 neque
2012 3154 2267 3236 posuit3
2335 3153 2479 3217 duae
2536 3154 2710 3218 enim

405 3261 772 3325 dimittendi
843 3263 1170 3326 exercitus
1215 3269 1450 3326 'causae
1509 3259 1992 3343 significantur,
2063 3261 2236 3341 quod
2296 3260 2513 3325 nullus
2570 3261 2709 3325 eius

402 3387 565 3433 usus
610 3371 712 3448 sit,
759 3375 825 3433 et
870 3370 1044 3451 quod
1091 3368 1337 3451 alioqui
1383 3368 1749 3452 periculum
1796 3369 1881 3432 sit
1927 3390 2004 3432 ex
2050 3370 2111 3432 vi
2156 3369 2385 3432 morbi.
2478 3368 2710 3453 Itaque

403 3477 682 3541 alteram
740 3476 907 3539 hanc
963 3484 1247 3559 partem,
1319 3498 1462 3560 quae
1523 3498 1668 3539 cum
1725 3474 1827 3539 his
1886 3496 2059 3539 nam
2114 3498 2368 3558 neque
2427 3512 2512 3522 —-
2557 3497 2712 3541 con-

404 3585 582 3666 iungi
630 3584 945 3662 debebat,
1003 3606 1200 3667 prave
1246 3584 1375 3647 illis
1423 3603 1659 3666 quum
1703 3583 2109 3647 Hannibal
2160 3619 2233 3628 —
2285 3585 2711 3667 receperit,

401 3714 551 3775 quae
598 3694 803 3774 priori
850 3693 1026 3775 parti
1074 3692 1587 3773 subiunguntur,
1651 3692 1934 3755 adnexit.
2038 3691 2189 3755 Dixi
2236 3692 2317 3755 de
2365 3692 2561 3755 simili
2609 3690 2713 3756 Ci-

403 3800 659 3864 ceronis
718 3799 864 3864 loco
924 3801 989 3862 in
1049 3806 1212 3863 orat.
1271 3820 1390 3882 pro
1452 3797 1714 3862 Caecina
1774 3797 1805 3880 ἓ
1864 3802 1899 3861 2
1958 3800 2024 3862 in
2083 3799 2369 3882 epistula
2425 3799 2508 3863 ad
2554 3799 2714 3864 Hal-

407 3909 634 3986 mium,
701 3906 866 3971 Ann.
914 3906 1079 3971 Phil.
1126 3905 1400 3970 LXXIII
1458 3928 1516 3988 p.
1573 3910 1723 3984 1203
1793 3908 2002 3970 minus
2071 3908 2315 3971 eminet
2370 3912 2436 3970 et
2491 3913 2710 3970 tamen

405 4013 678 4078 offendit
723 4014 1056 4078 aberratio
1103 4015 1168 4076 in
1215 4013 1399 4076 Laelii
1445 4011 1478 4095 ἓ
1527 4017 1626 4076 35.
1706 4013 1926 4077 Livius
1972 4014 2288 4091 similiter,
2337 4014 2449 4077 sed
2498 4014 2713 4077 minus

403 4121 789 4186 notabiliter
846 4121 1176 4185 aberravit
1230 4121 1296 4184 in
1346 4121 1786 4185 membrorum
1833 4121 2336 4186 coniunctorum
2382 4127 2715 4185 structura

404 4229 490 4307 V,
550 4234 664 4305 535,
726 4232 793 4307 6,
852 4229 964 4293 ubi
1011 4231 1194 4312 sequi
1244 4228 1557 4293 debebat:
1628 4229 1928 4292 mentio
1978 4228 2206 4292 nulla
2252 4229 2436 4306 fiat,
2496 4234 2562 4292 et
2606 4227 2714 4304 VI,

411 4341 506 4416 11,
567 4340 622 4414 5,
668 4337 781 4401 ubi
828 4339 1302 4402 sententiarum
1351 4336 1513 4401 ordo
1561 4336 1973 4420 postulabat:
2043 4357 2267 4400 nemo
2316 4371 2397 4379 —
2445 4336 2713 4399 socius

403 4445 535 4523 sit,
581 4450 648 4507 et
692 4444 923 4524 XXIV,
971 4448 1071 4523 28,
1119 4450 1175 4523 7,
1223 4444 1333 4508 ubi
1380 4450 1635 4508 rectum
1683 4450 1857 4507 erat:
1930 4465 2099 4507 cum
2149 4443 2526 4507 Romanis
2576 4447 2716 4506 aut

2191 4562 2258 4611 2¹7
