3230 5282
1404 591 1523 652 145
2388 604 2512 659 Lib.
2548 605 2614 659 V.

319 774 504 856 paulo
549 781 705 840 ante
754 775 935 840 dicta
976 779 1160 855 sunt,
1231 794 1719 858 supervacanea
1776 780 1878 840 est
1937 782 2004 841 et
2057 776 2223 841 nihil
2269 776 2354 842 ad
2395 776 2616 842 locum

323 880 751 947 definiendum
831 884 1121 965 pertinet
1184 881 1296 963 —-)
1380 888 1496 946 aut
1563 904 1604 947 a
1672 882 1972 948 codicum
2049 885 2345 966 vestigiis
2423 884 2616 968 longe

319 988 675 1070 discedunt,
719 989 1038 1075 pleraque
1085 994 1369 1073 utroque
1407 990 1473 1053 in
1508 1011 1748 1073 genere
1783 991 2371 1076 reprehenduntur.
2441 990 2615 1069 Quo-

317 1098 482 1162 niam
535 1119 730 1164 nemo
787 1119 906 1180 per
959 1097 1273 1181 populum
1329 1098 1617 1181 aliquem
1660 1097 1861 1182 Alpes
1918 1100 2381 1166 transcendere
2439 1107 2619 1166 recte

320 1206 578 1285 dicitur,
637 1205 909 1285 nedum,
965 1206 1076 1287 qui
1123 1227 1157 1270 e
1203 1205 1423 1271 Gallia
1473 1207 1724 1286 veniat,
1783 1228 1902 1290 per
1944 1206 2298 1288 Taurinos,
2355 1210 2469 1291 qui
2524 1209 2608 1274 ab
2648 1228 2793 1297 (123)

320 1316 557 1380 oriente
605 1313 868 1397 Alpium
914 1313 1245 1391 habitant,
1291 1314 1668 1379 necessario
1715 1335 1858 1397 per
1901 1315 2302 1381 Taurinos
2350 1317 2620 1382 saltus

318 1421 764 1504 coniungenda
809 1425 979 1485 sunt.
1083 1420 1318 1504 Itaque
1377 1420 1696 1485 excidisse
1752 1421 2015 1487 videtur
2058 1444 2296 1487 nomen
2341 1424 2623 1487 alterum

317 1537 458 1595 ante
514 1551 686 1614 que.
795 1529 873 1593 In
920 1528 1286 1608 codicibuS,
1358 1530 1469 1611 qui
1527 1535 1930 1593 momentum
1986 1529 2264 1611 faciunt,
2335 1530 2430 1613 (et
2484 1531 2621 1596 sere

316 1640 539 1703 ceteris
599 1636 886 1719 quoque)
934 1636 1003 1700 id
1049 1643 1181 1716 est,
1241 1635 1418 1719 quod
1462 1637 1868 1719 praescripsi,
1922 1638 2049 1702 nisi
2103 1638 2280 1720 quod
2324 1637 2375 1703 P
2421 1639 2623 1704 habet

316 1744 530 1810 Iuliae
591 1745 757 1809 alte
803 1744 1069 1827 Alpis,
1134 1744 1509 1809 litterarum
1554 1744 1993 1826 geminatione
2040 1752 2288 1825 ortum,
2353 1745 2454 1812 Hl
2506 1768 2623 1811 au-

314 1860 436 1917 oem
500 1854 736 1917 iuriae
792 1851 1061 1935 Alpis,
1129 1853 1197 1916 in
1268 1872 1398 1933 quo
1467 1854 1604 1916 veri
1672 1853 2021 1934 vestigium
2088 1860 2421 1919 servatum
2479 1875 2623 1919 esse

316 1968 496 2043 put03
570 1961 828 2025 Livium
908 1961 1082 2025 enim
1164 1960 1506 2042 scripsisse
1588 1961 1919 2044 suspicor:
2001 1982 2142 2045 per
2218 1961 2622 2027 Taurinos

316 2070 575 2133 saltus
668 2067 1130 2152 vallemque
1219 2068 1487 2132 Duriae
1575 2068 1823 2151 Alpes
1914 2069 2620 2134 transcenderunt.

313 2175 562 2241 Vallem
632 2175 963 2258 significat
1028 2176 1252 2240 Duriae
1317 2174 1607 2241 fluminis
1630 2226 1644 2255 ,
1722 2196 1840 2259 per
1918 2198 2119 2258 quam
2200 2177 2283 2241 ab
2350 2176 2624 2260 Alpibus

314 2281 722 2350 Centronicis
817 2283 920 2365 (le
1009 2289 1234 2349 mont
1312 2280 1581 2366 Cenis)
1674 2282 1760 2346 ad
1838 2283 2095 2348 Padum
2185 2284 2623 2349 descenditur.

316 2390 546 2457 Strabo
616 2392 708 2456 IV
773 2414 837 2475 p.
898 2395 1023 2455 203
1091 2392 1372 2455 Duriam
1439 2390 2025 2474 septentrionalem
2091 2392 2464 2473 significare
2532 2393 2626 2457 vi-

315 2498 513 2579 detur,
574 2500 891 2583 quoniam
938 2519 1089 2563 cum
1135 2498 1418 2563 Salassis
1467 2499 1828 2581 coniungit,
1879 2500 1995 2563 sed
2040 2500 2215 2582 quod
2263 2499 2625 2565 Centrones

317 2612 781 2674 commemorat
836 2613 902 2672 et
958 2606 1353 2672 Druentiam
1407 2626 1442 2672 e
1488 2605 1749 2673 Gallica
1802 2612 1994 2691 parte
2052 2608 2396 2674 adversam
2443 2630 2478 2674 e
2522 2629 2626 2674 re-

315 2717 495 2798 gione
544 2738 692 2782 esse
740 2715 1006 2795 scribit,
1075 2721 1304 2799 aperte
1365 2715 1450 2778 ad
1508 2715 1946 2780 meridianum
2002 2737 2257 2781 amnem
2314 2716 2623 2801 pertinet.

313 2822 406 2889 Ea
446 2832 673 2891 autem
717 2825 826 2888 via
871 2822 1100 2888 Gallos
1145 2829 1604 2905 transgressos
1653 2844 1813 2902 esse,
1860 2844 2082 2887 omnes
2130 2826 2571 2890 consentiunt.

477 2932 641 3016 Cap.
691 2936 791 3011 35,
845 2935 874 2993 1
926 2938 994 2996 et
1042 2936 1110 2995 2:
1179 2929 1363 2994 Alia
1407 2930 1760 2995 subinde
1806 2953 2082 2995 manus
2135 2929 2627 2997 Cenomano-

313 3060 475 3104 rum
503 3076 603 3120 —‚
641 3061 874 3122 quum
910 3039 1588 3104 transcendisset
1623 3037 1884 3122 Alpes,
1929 3039 2068 3104 ubi
2102 3060 2311 3103 nunc
2344 3040 2629 3104 Brixia

315 3167 397 3211 ac
449 3149 770 3212 Verona
836 3146 1078 3211 urbes
1149 3153 1356 3225 sunt,
1423 3145 1681 3228 (locos
1728 3151 2067 3210 tenuere
2112 3145 2382 3228 Libui)
2445 3167 2628 3210 con-

314 3255 602 3321 sidunt.
694 3255 889 3319 Post
941 3254 1087 3318 hos
1134 3253 1484 3318 Salluvii
1537 3274 1789 3337 prope
1837 3255 2263 3336 antiquam
2308 3260 2629 3336 gentem

310 3359 578 3428 Laevos
623 3363 997 3444 Ligures,
1066 3361 1528 3427 incolentes
1598 3360 1825 3424 circa
1882 3359 2250 3425 Ticinum
2308 3381 2628 3425 amnem.

314 3468 412 3534 Sic
477 3471 657 3554 apud
701 3468 1321 3534 Drakenborchium
1378 3474 1529 3551 post
1586 3469 1751 3532 alios
1809 3468 2123 3532 scribitur
2179 3489 2302 3533 nec
2349 3469 2631 3535 discedit

313 3575 918 3657 WeissenborniuS,
986 3578 1112 3641 nisi
1172 3576 1348 3658 quod
1398 3574 1756 3640 Salluvii
1813 3573 1937 3658 [qu
1958 3575 2007 3658 i]
2066 3599 2323 3661 prope
2371 3579 2633 3660 scribit3

311 3706 460 3750 nam
519 3686 785 3752 codices
845 3691 999 3769 post
1058 3683 1413 3749 Salluvii
1473 3683 1748 3747 habent:
1818 3683 1886 3746 M
1944 3685 2085 3765 qui
2139 3691 2374 3768 prote
2434 3689 2633 3752 anti-

313 3813 540 3874 quam
565 3792 675 3875 (m.
697 3797 735 3857 2
762 3795 896 3877 qui
929 3792 1214 3876 prom),
1253 3791 1391 3856 cod.
1413 3791 1533 3856 Rh.
1561 3792 1699 3875 qui
1736 3796 2043 3874 praetcr
2078 3798 2256 3870 ant.‚
2282 3793 2632 3876 PL1H1(?)

314 3903 445 3984 qui
502 3922 754 3985 prope
814 3906 976 3964 ant.
1099 3900 1381 3963 Pravum
1439 3905 1541 3964 est
1594 3906 1934 3963 tenuere
1994 3898 2073 3962 de
2133 3901 2423 3982 antiquis
2481 3907 2635 3968 ante

313 4008 540 4073 Gallos
622 4009 860 4074 incolis
944 4006 1090 4089 (hos
1184 4007 1358 4072 enim
1454 4006 1704 4071 Libuos
1798 4005 2097 4088 intellegi
2183 4009 2435 4091 volunt)
2514 4032 2632 4093 pro

313 4116 726 4181 tenebant.
831 4115 919 4179 Et
974 4115 1169 4180 Libui
1224 4115 1352 4199 ipsi
1406 4114 1581 4179 inter
1643 4113 1870 4179 Gallos
1920 4111 2290 4198 Cisalpinos
2351 4138 2633 4183 comme-

313 4231 657 4289 morantur
709 4223 898 4302 XXI,
971 4227 1051 4287 38
1108 4230 1174 4287 et
1228 4222 1547 4300 XXXIII,
1620 4226 1722 4300 37,
1792 4220 1915 4286 hoc
1978 4222 2246 4304 quidem
2301 4224 2447 4290 loco
2504 4247 2637 4290 una

314 4351 459 4396 cum
510 4333 741 4397 Laevis.
853 4330 1060 4396 Iidem
1107 4330 1287 4413 apud
1330 4330 1678 4413 Polybium
1723 4329 1816 4410 11,
1881 4333 1958 4393 17
2006 4350 2153 4395 cum
2204 4332 2411 4396 Laevis
2481 4335 2638 4397 item

316 4441 652 4505 coniuncti
700 4444 767 4504 et
812 4437 979 4503 Padi
1023 4437 1321 4503 fontibus
1371 4438 1781 4522 Liguriaeque
1829 4438 2081 4504 admoti
2124 4446 2367 4520 Λεβέκιοι
2414 4440 2636 4524 appel-

2113 4559 2179 4611 10
