3230 5282
644 617 767 670 Lib.
805 616 920 669 XL.
1735 605 1857 664 578

641 794 1070 870 ponerentur,
1120 807 1373 850 summa
1419 793 1718 851 oreretur
1765 787 2165 869 ambiguitas
2212 789 2281 852 in
2327 789 2618 853 numeris
2680 772 2963 853 coniunss

641 894 868 977 gendis
917 882 1034 975 (W
1037 891 1468 973 CCLXXVI13
1517 894 1632 958 cfr.
1674 916 1818 979 quae
1865 894 1948 958 ad
1986 893 2276 966 XXXIV.
2326 899 2425 972 52,
2482 902 2517 960 5
2566 896 2748 978 dixi).
2815 897 2959 960 Ita-r

641 1026 767 1087 que
814 1002 1118 1067 mendum
1175 1001 1594 1067 manifestum
1653 1010 1772 1080 est,
1843 1005 2160 1067 correctio
2220 1025 2296 1067 eo
2355 1004 2693 1082 incertior,
2754 1005 2957 1088 quod,

641 1111 801 1196 quid
848 1112 913 1174 in
959 1111 1025 1174 M
1070 1112 1297 1186 tuerit,
1346 1109 1613 1174 dubium
1659 1110 1734 1193 fit
1776 1118 2050 1193 propt-er
2093 1112 2263 1174 hanc
2323 1111 2631 1176 editionis
2677 1111 2949 1194 Mogun·

638 1220 794 1285 tinae
821 1220 1246 1301 scripturam:
1282 1219 1446 1282 tria
1478 1219 1743 1282 millia
1776 1219 1997 1283 mille
2036 1220 2373 1284 ducenti
2414 1221 2961 1303 septuaginta

641 1335 967 1411 septem.
1060 1326 1336 1404 Vereor,
1384 1347 1464 1390 ne
1510 1327 2005 1409 transponendo
2066 1334 2409 1409 peccatum
2458 1329 2544 1392 sit
2591 1328 2795 1410 (quod
2838 1349 2945 1410 ge-

637 1457 761 1500 nus
809 1436 1050 1499 erroris
1096 1455 1224 1497 non
1271 1435 1366 1497 ita
1410 1455 1562 1498 raro
1608 1435 1678 1498 in
1724 1434 1824 1499 ed.
1872 1435 2042 1516 Mog.
2091 1443 2421 1499 versatum
2479 1457 2620 1499 esse
2676 1436 2955 1514 videtur,

635 1553 712 1609 ut
758 1565 810 1608 o.
861 1549 960 1620 50,
1011 1547 1077 1604 3:
1126 1549 1546 1606 manentes
1593 1543 1915 1626 proelio
1963 1542 2233 1626 spolia
2278 1545 2500 1607 intra
2533 1544 2833 1608 vallum
2879 1551 2943 1608 et

581 1673 692 1716 -c.
742 1657 840 1730 51,
888 1656 957 1713 8:
1028 1649 1524 1732 publicaque
1593 1671 1828 1714 sacra
1894 1659 1981 1715 ut
2049 1658 2438 1735 paterent
2505 1658 2945 1733 essentque

635 1759 980 1844 populo²
1026 1757 1191 1835 coll.,
1241 1779 1385 1839 quae
1434 1758 1513 1821 de
1562 1779 1702 1841 cap.
1751 1764 1853 1836 41,
1905 1764 1975 1822 11
2031 1759 2291 1839 dicam),
2348 1759 2701 1841 Liviusquo
2747 1762 2941 1843 scrip-

636 1868 824 1932 serit:
874 1868 1032 1929 vivi
1082 1867 1306 1948 capti
1368 1866 1554 1949 plus
1612 1866 1709 1929 IV
1758 1866 2023 1930 millia
2083 1867 2416 1930 ducenti
2454 1887 2622 1930 cum
2692 1868 2945 1948 signis

635 1974 1141 2040 militaribus
1197 1973 1516 2036 LXXVII.
1606 1972 1762 2057 Cap.
1814 1978 1913 2053 32,
1985 1980 2021 2038 6
2079 1996 2225 2039 cum
2291 1973 2674 2038 MMMMCC
2744 1975 2943 2039 homi-

633 2084 830 2148 nibus
892 2083 1243 2164 capiuntur
1302 2082 1489 2162 signa
1532 2081 1958 2162 LXXXVIII3
2028 2104 2079 2146 c.
2144 2086 2243 2160 33,
2303 2087 2339 2145 ⁷
2408 2103 2553 2146 cum
2613 2081 2945 2146 hominum

633 2191 782 2275 plus
851 2190 904 2251 V
969 2189 1256 2253 millibus
1315 2190 1503 2269 signa
1559 2189 1771 2269 LX113
1840 2189 1953 2255 cfr.
2004 2192 2203 2255 etiam
2251 2188 2516 2267 XXXII,
2565 2195 2622 2268 6,
2673 2191 2802 2270 7.¹)

810 2297 963 2378 Cap.
992 2296 1861 2381 41,7sqq.:Priusquam
1899 2297 1979 2362 hi
2016 2297 2394 2362 eonsules
2436 2298 2537 2378 (A.
2576 2297 2951 2362 Postumius

633 2407 912 2472 Albinus
982 2413 1049 2468 ct
1095 2403 1168 2480 Q.
1214 2404 1482 2468 Fulvius
1528 2405 1834 2484 Flaccus,
1899 2427 1958 2470 a.
2026 2411 2144 2470 180
2202 2428 2259 2470 a.
2321 2404 2500 2487 Chr.)
2568 2407 2945 2469 venirent

635 2514 733 2578 ad
801 2513 1282 2591 exercitum,
1353 2514 1484 2595 qui
1530 2512 1763 2578 Pisas
1820 2513 2192 2578 indictus
2261 2521 2467 2591 erat,
2537 2521 2943 2596 praeerant

634 2622 710 2686 A.
757 2621 1234 2686 Postumius
1295 2627 1372 2686 et
1427 2621 1689 2686 frater
1748 2619 1820 2698 Q.
1869 2621 2128 2687 Fulvii
2178 2622 2265 2686 M.
2312 2621 2642 2686 Fulvius
2699 2622 2944 2688 Nobi-

460 2743 603 2814 (473)
640 2731 817 2795 lior.
915 2729 1299 2792 Secundae
1355 2730 1717 2811 legionis
1764 2730 2101 2793 Fulvius
2159 2730 2537 2794 tribunus
2597 2730 2951 2794 militum

632 2845 828 2904 erat.
919 2838 996 2901 Is
1043 2838 1456 2902 mensibus
1515 2838 1683 2902 suis
1752 2838 2069 2902 dimisit
2113 2839 2550 2920 legionem,
2597 2840 2772 2901 iure
2827 2840 2949 2901 iu-

631 2948 887 3013 rando
958 2946 1284 3009 adactis
1355 2946 2018 3023 centurionibus,
2091 2967 2186 3009 aes
2256 2946 2335 3008 in
2402 2945 2943 3009 ae-rarium'ad

632 3063 1084 3139 quaestores
1166 3074 1342 3117 esse
1424 3052 1873 3117 delaturos,
1974 3054 2139 3117 Hoc
2224 3052 2357 3116 ubi
2436 3051 2945 3116 Placentiam

633 3164 834 3246 (nam
883 3185 967 3225 eo
1015 3163 1232 3226 forte
1281 3168 1460 3225 erat
1506 3160 1954 3244 profectus)
2003 3161 2206 3225 Aulo
2267 3161 2741 3223 nuntiatum
2791 3168 2941 3235 est,

680 3456 733 3522 ¹)
766 3455 1040 3508 Eiusdem
1095 3455 1294 3521 capitis
1351 3454 1451 3523 §3
1504 3456 1828 3524 recipienda
1883 3460 2001 3509 erat
2034 3455 2205 3509 Fabri
2254 3453 2602 3507 emendatio:
2652 3460 2751 3518 ut,
2790 3470 2945 3521 qus·

769 3557 1036 3606 cunque
1073 3544 1268 3606 parte
1305 3541 1664 3607 pertulere
1701 3543 2004 3610 impetus
2056 3559 2251 3607 suos,
2302 3540 2643 3593 sustineri
2682 3556 2935 3607 neque-

769 3630 896 3677 ant.
969 3625 1353 3692 Praeterquam
1391 3627 1540 3694 quod
1593 3627 1963 3694 perculere
2016 3643 2203 3680 carere
2254 3624 2576 3678 accusativo
2615 3625 2829 3692 nequit,
2866 3624 2937 3675 ri-

768 3710 1013 3763 diculum
1053 3715 1137 3760 est
1174 3710 1378 3777 dicere,
1406 3710 1717 3764 Celtiberos
1758 3712 2018 3765 sustineri
2055 3730 2172 3764 non
2202 3728 2386 3781 posse,
2423 3725 2751 3777 quacunque
2779 3714 2939 3776 parte

766 3796 873 3847 iam
926 3795 1147 3847 hostem
1193 3797 1551 3863 perculerint.
1626 3797 1892 3850 Errorem
1949 3802 2135 3850 ortum
2190 3813 2311 3849 esse
2357 3798 2596 3864 apparet
2641 3811 2708 3847 ex
2746 3811 2770 3845 s
2808 3795 2935 3846 sim-

764 3881 903 3948 plici
959 3898 1056 3948 pro
1109 3880 1322 3948 duplici
1378 3882 1462 3934 bis
1516 3882 1746 3949 scripto·
1820 3882 2035 3935 Deinde
2085 3880 2204 3950 §4,
2256 3881 2406 3949 quod
2454 3879 2942 3932 Weissenbornius

768 3965 1023 4017 dubitare
1062 3982 1119 4017 se
1157 3965 1311 4031 dicit,
1351 3984 1424 4019 an
1461 3966 1816 4019 scribendum
1854 3967 1951 4019 sit:
1989 3967 2257 4035 Ecquid
2313 3965 2566 4018 auxilii
2612 3965 2678 4017 in
2735 3964 2943 4015 vobis

768 4051 913 4103 est?
971 4069 1049 4103 an
1107 4056 1330 4103 actum
1371 4052 1500 4103 iam
1555 4053 1639 4104 de
1676 4053 1805 4104 hoc
1852 4054 2164 4106 exercitu
2218 4052 2391 4106 erit?
2431 4050 2648 4116 (vulgoz
2686 4076 2754 4085 —
2792 4048 2930 4100 est?

767 4136 1037 4199 actum),
1075 4135 1222 4187 idem
1260 4141 1390 4187 ante
1427 4137 1553 4204 plus
1600 4136 1804 4203 viginti
1854 4154 2029 4189 annos
2079 4138 2197 4205 ipse
2250 4137 2624 4199 conieceram3
2664 4133 2759 4186 sed
2798 4132 2941 4185 futu·

765 4237 888 4271 rum
942 4220 1120 4283 (crit)
1160 4222 1343 4288 aptius
1401 4221 1623 4273 videtur
1660 4222 1999 4276 coniecturae
2038 4220 2310 4274 Gronovii
2364 4220 2465 4286 (Ni
2513 4219 2674 4287 quid
2710 4247 2779 4257 ·-
2817 4225 2937 4283 est,

767 4309 988 4356 actum
1027 4334 1092 4341 —
1122 4307 1298 4371 erit).
1358 4305 1594 4374 [Ibidem
1614 4308 1971 4360 scribendum
2003 4324 2142 4360 esse:
2180 4333 2264 4374 —,
2299 4306 2462 4373 quin
2492 4305 2742 4371 ederet,
2782 4302 2943 4371 quid

764 4389 924 4442 sieri
964 4391 1203 4456 vellet,
1243 4392 1337 4445 ubi
1377 4391 1565 4445 editur
1600 4391 1803 4456 velit,
1845 4393 2201 4460 perspicuum
2241 4397 2338 4443 est.
2418 4388 2589 4457 1865]
