3230 5282
1439 615 1557 675 601
2339 627 2475 702 Lib,
2501 626 2658 681 xm.

345 795 483 877 m‘s,
531 817 612 862 ex
655 817 786 879 quo
834 795 1136 875 efficitur,
1203 797 1459 863 Livium
1516 800 1861 883 scripsisse
1929 799 2166 865 videri:
2227 800 2657 885 conscrip-

349 911 646 983 serant,
684 910 763 970 et
799 906 1099 970 socium
1136 905 1414 971 Latini
1448 909 1790 974 nominis
1827 907 1877 972 V
1912 908 2327 974 millibus?
2361 909 2495 973 Aut
2517 930 2662 992 qua

347 1011 727 1079 defensione
763 1021 928 1096 eget,
969 1013 1145 1096 quod
1190 1013 1379 1095 XLV,
1427 1021 1485 1094 4,
1541 1019 1577 1080 3
1628 1016 1809 1101 (opp
1828 1025 2215 1099 ugnasset
2259 1017 2362 1098 et)
2424 1025 2491 1082 et
2547 1022 2659 1098 36,

355 1127 383 1185 1
436 1121 678 1203 (esset
723 1119 815 1203 et)
872 1123 1214 1203 geminatis
1269 1122 1443 1188 binis
1487 1123 1727 1189 litteris
1781 1146 1984 1208 prava
2029 1123 2347 1209 asyndeta
2392 1125 2660 1205 sustuli,

348 1237 421 1294 ut
486 1229 734 1295 fecerat
800 1229 1116 1314 Grynaeus
1183 1230 1382 1309 XLII,
1431 1237 1530 1311 21,
1591 1235 1674 1297 3?
1762 1233 2055 1298 Aliarum
2122 1233 2656 1297 coniecturarum.

345 1340 636 1403 rationes
694 1338 977 1403 breviter
1031 1340 1097 1403 in
1163 1338 1545 1423 praefatione
1614 1339 1961 1425 explicavi3
2029 1362 2143 1405 eas
2220 1340 2374 1420 huc,
2444 1349 2516 1405 ut
2581 1341 2659 1405 in

348 1447 796 1530 superioribus
873 1446 1091 1527 libris,
1175 1449 1503 1513 transtuli.
1614 1450 1714 1514 Ex
1799 1450 1910 1528 iis,
2001 1470 2163 1532 quas
2244 1449 2399 1514 olim
2475 1449 2657 1514 fece-

347 1576 518 1633 ram,
589 1576 934 1639 perpaucae
1011 1557 1317 1622 tollendae
1395 1557 1687 1636 fuerunt,
1770 1556 1946 1641 quod
2026 1565 2145 1622 aut
2220 1578 2348 1622 non
2426 1578 2660 1622 neces-v

350 1665 540 1728 sariae
588 1673 777 1730 erant
822 1671 938 1729 aut
981 1664 1252 1729 meliora
1316 1672 1548 1757 postea
1604 1665 1689 1730 ab
1738 1666 1883 1730 aliis
1927 1673 2044 1730 aut
2100 1686 2140 1729 a
2197 1686 2299 1730 me
2355 1666 2500 1748 ipso
2545 1668 2655 1730 in·—

349 1778 544 1837 venta
590 1780 709 1836 aut
754 1772 932 1856 quod
978 1773 1215 1838 mendo
1250 1775 1599 1858 perspicuo
1648 1773 1734 1839 ad
1778 1775 1991 1858 ipsam
2035 1780 2255 1838 tamen
2299 1774 2644 1839 veritatem

347 1881 675 1963 perveniri
712 1902 845 1945 non
890 1887 1182 1965 poterat3
1229 1887 1461 1946 contra
1506 1881 1671 1947 alias
1719 1883 2127 1966 disputatum
2171 1903 2212 1946 a
2257 1881 2653 1965 quibusdam

349 1997 600 2054 esse.et
657 1988 791 2054 alia
835 1997 1124 2067 tentata,
1183 2011 1313 2055 non
1368 1990 1626 2073 ignom,
1663 1990 1780 2055 sed
1837 1990 1916 2056 de
1976 1991 2305 2055 sententia
2359 2011 2488 2055 non
2537 1991 2648 2056 de-

349 2097 529 2163 ced0.
618 2097 694 2162 In
750 2096 1035 2163 Hartelii
1102 2097 1366 2180 quidem
1436 2099 1918 2183 suspicionibus
1964 2098 2267 2182 quaedam
2322 2099 2514 2186 nimis
2561 2100 2657 2165 ab

348 2227 477 2271 usu
524 2206 764 2272 Latino
813 2215 879 2271 et
922 2206 1192 2270 Liviano
1240 2205 1710 2290 discedunt.]¹)

1263 2399 1446 2481 Lib.
1512 2399 1725 2482 XLI.

517 2531 730 2597 Huius
775 2531 925 2597 libri
969 2554 1200 2598 novem
1238 2533 1451 2617 prima
1486 2534 1726 2617 capita,
1774 2542 1849 2598 ut
1885 2532 2039 2613 dixi,
2083 2533 2181 2597 ita
2217 2533 2475 2617 Grynaei
2520 2534 2660 2600 fide

345 2643 667 2720 nituntur,
716 2649 808 2720 ut,
855 2641 1013 2726 quid
1057 2643 1166 2707 ille
1212 2643 1279 2707 in
1319 2641 1562 2707 codicis
1601 2643 1927 2726 scriptura
1959 2644 2251 2722 mutarit,
2298 2645 2654 2709 nesciatur,

348 2750 579 2834 Itaque
635 2752 703 2815 in
759 2752 842 2816 iis
911 2751 1108 2829 locis,
1165 2752 1234 2815 in
1280 2751 1515 2833 quibus
1562 2752 1847 2834 suspicio
1898 2752 2136 2829 oritur,
2184 2772 2425 2834 neque,
2474 2753 2657 2817 codi-

350 2879 577 2924 cemne
623 2880 708 2924 an
755 2858 1104 2940 Gryuaeum
1148 2880 1404 2941 arguaS,
1453 2861 1621 2923 scias
1665 2876 1875 2942 neque
1908 2860 2107 2924 certis
2140 2858 2398 2923 indiciis
2434 2881 2662 2924 emen-

350 2966 680 3031 dationem
749 2966 1014 3049 dirigas,
1105 2966 1208 3031 Ita
1275 2965 1538 3031 difficile
1599 2976 1701 3031 est
1758 2968 1974 3050 ipsum
2034 2967 2428 3032 correctioni
2497 2988 2650 3033 con·

348 3074 577 3153 fidere,
648 3073 916 3140 difficile
983 3074 1131 3140 aliis
1197 3074 1393 3139 fidem
1436 3074 1688 3154 facere3
1733 3092 1942 3156 neque
1999 3081 2223 3139 tamen
2281 3075 2660 3140 omittenda.

352 3191 525 3260 sunt,
576 3205 719 3266 quae
763 3185 932 3248 veris
978 3183 1219 3248 similia
1263 3182 1588 3259 videntur,
1639 3190 1705 3247 et
1762 3182 1995 3247 saltem
2051 3181 2288 3246 menda
2322 3182 2643 3248 notanda.

524 3290 679 3376 Cap.
734 3299 784 3368 l,
832 3297 869 3356 6
916 3291 1058 3373 (ubi
1103 3290 1564 3383 describuntur
1609 3291 1930 3355 stationes
1975 3289 2058 3355 ab
2094 3290 2169 3353 A.
2205 3289 2450 3356 Manlio
2497 3312 2662 3356 con·-

351 3400 522 3480 sule,
567 3400 882 3466 Histriam
925 3401 1253 3483 ingressO,
1300 3399 1382 3464 ab
1430 3399 1728 3464 omnibus
1774 3405 2136 3464 castrorum
2180 3398 2481 3482 partibus
2527 3400 2651 3463 cir-

352 3508 735 3590 cumdatae):
784 3511 861 3573 in
898 3507 1291 3573 Histriam
1335 3527 1653 3573 versum
1692 3506 1755 3588 (e
1793 3506 1990 3572 Gron.
2027 3508 2319 3586 coniect.‚
2360 3505 2459 3571 ed.
2497 3506 2527 3570 1
2572 3508 2655 3572 in

403 3730 448 3796 ¹)
489 3730 691 3800 [Quum
707 3730 833 3784 hoec
855 3731 968 3782 iam
1004 3730 1318 3798 composita
1344 3730 1703 3798 typothetam
1741 3705 2151 3797 exspectarent,
2191 3728 2381 3797 accepi
2419 3729 2488 3782 ab
2523 3729 2661 3798 ipso

489 3818 760 3885 scriptore
811 3815 1080 3870 benevole
1141 3816 1369 3870 missam
1421 3816 1493 3868 M.
1549 3814 1859 3869 Gitlbausri
1908 3812 2347 3883 disputationem
2397 3813 2502 3882 „de
2561 3831 2663 3868 co·

491 3902 613 3957 dice
641 3902 876 3955 Liviano
913 3902 1295 3955 vetustissimo
1325 3898 1784 3955 vindobonensi‘*
1825 3898 2085 3966 (Vindob.
2129 3900 2303 3966 1876),
2338 3900 2399 3952 in
2436 3915 2544 3968 qua
2580 3899 2651 3954 de

491 3988 701 4043 codicis
745 3987 943 4041 habitu
977 3986 1217 4055 fatisque
1263 3987 1691 4056 diligentissime
1727 3985 2032 4055 exponitur
2078 3985 2459 4053 nonnullaque
2496 4002 2529 4039 a
2562 4002 2656 4039 me

488 4074 683 4142 iisque,
722 4073 816 4141 qui
841 4073 979 4127 mihi
1009 4089 1235 4143 operam
1270 4073 1653 4141 praebuerunt,
1694 4077 1751 4125 et
1786 4069 2111 4125 aVahlenio
2140 4071 2327 4131 minus
2356 4075 2511 4125 recte
2538 4071 2653 4140 ple·

491 4176 627 4214 neve
665 4164 860 4213 notata
895 4159 1263 4227 corriguntur
1299 4162 1356 4211 et
1390 4157 1738 4227 supplentur.
1795 4154 1931 4222 Quae
1969 4155 2037 4209 de
2075 4155 2422 4224 compendiis
2459 4157 2661 4211 nescio

493 4245 694 4313 quibus
734 4243 972 4316 codicis,
1003 4261 1032 4297 e
1071 4260 1180 4312 quo
1217 4241 1671 4297 Vindobonensis
1718 4242 1990 4311 originem
2036 4241 2230 4308 traxit,
2284 4240 2393 4294 hoc
2433 4247 2536 4309 est,
2580 4242 2650 4297 de

493 4329 696 4384 litteris
733 4345 1065 4398 quocunque
1117 4329 1242 4383 loco
1297 4329 1414 4382 sine
1461 4328 1578 4382 ulla
1620 4327 1818 4396 regula
1871 4326 2109 4394 omissis,
2165 4324 2351 4394 finxit,
2407 4344 2473 4382 ea
2525 4344 2651 4380 cum

493 4416 834 4470 coniecturis
870 4415 1000 4469 inde
1037 4414 1223 4469 ductis
1257 4413 1624 4467 vehementer
1659 4413 1976 4481 improbare
2011 4428 2212 4480 cogor5
2266 4411 2538 4466 nonnulla
2571 4419 2662 4465 ta-

490 4519 621 4555 men
657 4507 818 4555 extra
850 4500 960 4554 hoc
997 4517 1171 4570 genus
1207 4505 1362 4554 recta
1396 4504 1495 4552 aut
1528 4515 1645 4552 non
1678 4498 1883 4552 inscita
1917 4497 2245 4552 coniectura
2279 4493 2508 4565 attigit]

409 4778 1426 5170 Γ
1634 5094 2095 5254 η...-
