3230 5282
603 609 727 663 Lib.
770 608 841 662 11.
1723 596 1803 658 68

606 802 761 864 que,
834 778 1011 863 quod
1077 778 1472 844 videlicet
1540 786 1770 844 contra
1825 798 2046 843 verum
2109 786 2525 864 veteremque
2583 799 2769 844 usum
2823 779 2917 844 lo-

606 888 848 971 quendi
893 910 1011 971 pro
1059 888 1265 951 enim
1302 886 1644 968 (namlich)
1693 888 1759 951 in
1797 908 1999 951 causa
2036 887 2374 952 reddenda
2410 888 2700 972 positum
2735 909 2917 953 acce-

606 1002 860 1079 perant,
909 1016 1197 1059 errorem
1242 994 1500 1059 librarii
1547 994 1793 1059 codicis
1842 994 2067 1073 infimi,
2115 996 2303 1060 Voss.
2347 1000 2375 1058 1
2419 995 2514 1078 (et
2549 995 2915 1077 Sigoniani)

606 1105 813 1168 secuti
860 1104 935 1167 in
983 1102 1384 1166 addiderunt
1429 1101 1535 1184 (in
1580 1125 1746 1167 nov.
1799 1102 1899 1184 3.),
1946 1124 2257 1186 perversa
2303 1105 2660 1184 sententia3
2708 1126 2919 1188 neque

607 1213 777 1276 enim
834 1213 900 1275 in
958 1232 1195 1275 novum
1257 1216 1557 1275 senatum
1617 1209 2035 1291 legebantur,
2108 1212 2222 1276 sed
2281 1212 2350 1275 in
2396 1230 2576 1291 eum,
2646 1212 2759 1293 qui
2808 1212 2916 1276 diu

604 1320 839 1384 fuerat.
932 1319 1061 1383 Alii
1106 1338 1316 1401 nuper
1361 1319 1623 1401 gravius
1667 1317 1839 1401 lapsi
1884 1324 2054 1383 sunt.

779 1426 933 1511 Cap.
982 1432 1040 1504 2,
1088 1431 1123 1487 3
1169 1428 1371 1491 miror
1417 1447 1639 1490 omnes
1687 1426 1959 1490 tacitam
2015 1428 2516 1510 praetermisisse
2561 1428 2733 1492 hanc
2777 1447 2920 1491 sen-

606 1537 914 1600 tentiam:
988 1533 1367 1599 Consulis
1417 1532 1791 1611 alteriue,
1851 1556 2087 1616 quum
2136 1534 2352 1598 nihil
2400 1536 2623 1600 aliud
2669 1534 2920 1599 offen-

608 1644 853 1723 derit,
922 1663 1200 1706 nomen
1260 1642 1603 1706 invisum
1664 1643 1994 1706 civitati
2049 1642 2228 1706 fuit.
2342 1623 2920 1708 Manifesta⁶enim

574 1752 925 1831 ,sermonis
971 1750 1077 1813 lex
1122 1749 1585 1814 offenderet
1631 1750 1931 1832 requirit,
1975 1749 2100 1813 hoc
2147 1757 2274 1815 est:
2323 1772 2720 1832 quamquam
2765 1749 2925 1814 nihil

614 1858 793 1923 aliud
862 1856 1239 1923 offendebat
1306 1857 1416 1939 (de
1474 1859 1778 1922 universo
1838 1858 2099 1940 ingenio
2163 1863 2231 1921 et
2275 1857 2569 1938 habitu);
2636 1880 2787 1922 nam
2845 1857 2924 1921 de

471 1982 577 2049 (56)
614 1967 796 2030 nulla
863 1989 995 2029 una
1062 1988 1130 2029 re
1200 1988 1348 2029 cum
1419 1964 1782 2029 offensione
1855 1964 2036 2029 facta
2092 1987 2212 2028 nec
2271 1987 2501 2048 quum
2527 2035 2532 2039 ,
2560 1965 2673 2029 illo
2731 1964 2921 2028 modo

610 2076 764 2156 poni
827 2079 1089 2157 poterat
1146 2094 1265 2136 nec
1312 2073 1711 2156 perfectum,
1781 2072 1896 2136 sed
1942 2072 2681 2155 plusquamperfectum.
2789 2071 2918 2154 [Sic

610 2184 743 2245 iam
789 2179 1056 2261 Bauer]

782 2286 938 2371 Cap.
990 2293 1046 2366 6,
1112 2293 1163 2364 1,
1224 2286 1336 2352 ubi
1383 2286 1784 2368 Tarquinius
1835 2287 2172 2370 Superbus
2220 2287 2528 2352 Veientes
2576 2287 2923 2369 Tarquini-

612 2416 934 2478 ensesque
1004 2415 1224 2458 orasse
1295 2393 1565 2473 dicitur,
1645 2417 1735 2457 ne
1806 2414 1884 2458 se
1956 2401 2245 2475 ortum,
2315 2395 2674 2459 eiusdem
2747 2417 2923 2459 san-

610 2503 915 2585 guiniS‚
980 2508 1384 2566 extorrem
1442 2508 1802 2584 egentem
1853 2555 1864 2566 .
1908 2554 1918 2565 .
1963 2555 1974 2566 .
2024 2504 2290 2586 perire
2338 2503 2733 2582 sinerent,
2803 2503 2926 2568 etsi

611 2610 811 2695 paulo
859 2610 1085 2675 durius
1123 2609 1312 2675 abest
1345 2610 1759 2675 accusativus
1796 2610 2073 2675 subiecti
2108 2611 2304 2676 index
2328 2610 2436 2693 (se
2473 2618 2588 2676 aut
2620 2609 2926 2693 regem),

612 2720 818 2802 magis
874 2724 1097 2783 tamen
1159 2716 1431 2782 offendit
1490 2741 1569 2782 se
1618 2726 1900 2798 ortum,
1958 2719 2159 2801 quod,
2207 2720 2321 2802 qui
2369 2741 2447 2783 ex
2493 2719 2718 2803 aliqua
2765 2719 2923 2783 urbe

614 2828 929 2909 originem
976 2825 1202 2904 trahit,
1266 2847 1395 2890 non
1444 2827 1831 2910 simpliciter
1878 2827 2051 2908 (solo
2101 2827 2392 2892 ablativo
2442 2828 2631 2908 casu)
2679 2828 2927 2891 civibus

613 2935 789 2998 illius
846 2934 1028 2998 urbis
1088 2941 1270 2998 ortus
1331 2934 1589 2998 dicitur.
1705 2935 1939 3017 Itaque
1999 2935 2176 3017 quod
2225 2933 2530 3018 Sigonius
2583 2941 2649 2999 et
2694 2940 2926 3018 postea

612 3041 1115 3125 Wesenbergius
1163 3065 1252 3107 ue
1302 3064 1379 3106 se
1427 3043 1518 3106 ab
1568 3043 1773 3125 ipsis
1821 3040 1980 3122 (iis)
2032 3049 2290 3107 ortum
2328 3042 2527 3107 scribi
2562 3042 2927 3119 voluerunt,

615 3151 708 3215 ita
753 3151 979 3234 probo,
1026 3157 1095 3214 ut
1146 3175 1224 3214 se
1273 3150 1365 3214 ab
1414 3174 1492 3214 se
1531 3149 1950 3214 scribendum
1987 3156 2231 3232 putem,
2278 3151 2659 3233 pronomine
2699 3148 2925 3213 eodem

617 3257 699 3321 ad
748 3258 876 3322 duo
926 3258 1183 3323 diversa
1228 3258 1461 3322 relato.
1557 3257 1801 3338 (1873.)

787 3364 945 3448 Cap.
997 3370 1052 3444 7,
1106 3370 1209 3429 12:
1261 3366 1397 3430 ubi
1442 3387 1647 3428 nunc
1683 3365 1890 3428 Vicae
1929 3365 2140 3429 Potae
2189 3374 2331 3430 est.
2403 3365 2552 3428 Iure
2580 3365 2926 3448 Siesbyeus

614 3494 818 3550 mene,
878 3473 1055 3555 quod
1104 3472 1197 3536 ad
1244 3472 1587 3536 Veneris
1638 3470 1791 3551 (ab,
1851 3478 2190 3556 propter
2235 3473 2336 3554 V.)
2386 3473 2670 3553 dicatur,
2740 3472 2927 3554 sequi

612 3586 840 3662 negat,
913 3587 988 3643 ut
1054 3601 1172 3663 pro
1240 3581 1640 3644 nominativo
1709 3580 1966 3644 dicatur
2025 3581 2161 3645 ubi
2208 3581 2551 3645 Veneris
2611 3586 2737 3644 est
2781 3578 2928 3659 (aut-

614 3689 839 3751 Graece
899 3686 949 3748 οἷ
1008 3695 1295 3757 Πλάτωνός
1350 3698 1519 3765 ἐστιν,
1589 3687 1765 3769 quod
1822 3699 1873 3757 ἐς
1919 3697 2208 3759 Πλάτωνος
2255 3688 2571 3770 dicatur),
2642 3695 2709 3752 et
2753 3689 2926 3751 inter

614 3815 646 3854 a
695 3801 762 3859 et
806 3813 881 3856 es
935 3795 1345 3860 intercidisse
1394 3796 1600 3859 aedes
1641 3797 1879 3875 (Vicae
1916 3797 2128 3860 Potae
2175 3797 2379 3861 aedes
2427 3795 2595 3876 est).
2682 3794 2928 3876 (1873.)

613 3900 801 3984 (Cap.
856 3906 964 3980 11,
1028 3906 1103 3966 10
1162 3904 1421 3967 efiuse
1479 3902 1826 3986 vagandi
1887 3904 2033 3987 (pro
2091 3903 2516 3986 evagandi)
2579 3904 2657 3966 de
2719 3925 2928 3986 popu-

611 4008 902 4073 lantibus
950 4011 1384 4075 scribendum.
1483 4012 1697 4091 1873.)

787 4115 943 4200 Cap.
1010 4122 1115 4195 12,
1192 4124 1267 4182 1ss
1327 4119 1417 4200 (in
1478 4119 1681 4183 Mucii
1731 4119 2273 4204 Scaevolae³apud
2331 4119 2718 4184 Porsinnam
2778 4139 2927 4182 ora-

613 4226 850 4303 tione):
911 4246 1079 4289 mea
1127 4227 1385 4308 prima
1431 4249 1615 4291 sors
1665 4226 1858 4305 fuit;
1920 4228 2198 4305 ceteri,
2258 4234 2669 4308 utcunque
2717 4226 2925 4290 ceci-

614 4332 831 4396 derit
877 4333 1130 4414 primi‚
1178 4333 1445 4416 quoad
1488 4342 1565 4399 te
1612 4342 2156 4417 opportunum
2200 4336 2530 4399 fortuna
2580 4333 2925 4410 dederit,

613 4461 753 4503 suo
812 4440 1152 4521 quisque
1210 4447 1572 4525 tempore
1630 4441 1998 4505 aderunt.
2114 4441 2220 4507 Sic
2275 4461 2446 4506 nunc
2503 4441 2722 4506 editur
2768 4462 2927 4504 auc-
