3230 5282
583 551 724 653 ‘Lib.
761 598 961 652 XXIX.
1694 585 1818 644 416

602 771 878 854 legentis
925 769 1398 849 scribentisque
1446 768 1665 831 animo
1712 788 1842 831 non
1882 786 2232 831 occurrens
2268 767 2444 845 fecit,
2493 740 2567 832 ut
2611 768 2908 848 quibus

604 879 1021 943 omitteretur
1057 876 1375 959 (praeter
1422 876 1799 939 consules
1849 874 2456 958 praetoresque),
2500 874 2734 939 deiude
2770 876 2909 958 qui

605 986 965 1050 adderetur
1012 984 1147 1068 (pr.
1198 1004 1394 1048 coss
1443 989 1999 1065 praetoresque
2046 981 2229 1062 qui).

1475 1196 1658 1276 Lib.
1729 1195 2036 1275 XXIX.

778 1329 934 1413 Cap.
982 1335 1053 1410 4,
1111 1336 1179 1393 8:
1263 1329 1339 1393 Is
1387 1327 1795 1414 (Masinissa)
1857 1327 2221 1408 segniter
2285 1347 2448 1391 rem
2517 1329 2644 1410 agi
2717 1349 2909 1410 que·

608 1446 806 1516 stuS,
854 1437 1063 1520 quod
1110 1444 1270 1500 tum
1315 1458 1466 1500 non
1512 1436 1665 1499 iam
1712 1434 2160 1498 exerc-itum
2206 1435 2281 1498 in
2328 1434 2697 1499 Africam
2743 1441 2911 1499 tra-

605 1547 965 1610 iecisset.
1079 1544 1155 1625 (P
1213 1552 1371 1609 tam
1444 1565 1596 1607 non
1658 1542 2106 1605 exercitum
2163 1543 2342 1618 iam,
2413 1543 2657 1606 additis
2714 1544 2909 1619 notis,

607 1653 849 1736 quibus
910 1654 1062 1716 iam
1121 1659 1274 1716 ante
1332 1651 1776 1715 exercitum
1832 1648 2207 1731 ponendum
2263 1670 2401 1713 esse
2458 1649 2910 1731 significatur.)

606 1760 812 1824 Prave
859 1760 1202 1843 particulae
1249 1766 1612 1842 ponuntur3
1672 1758 1781 1839 qui
1831 1757 2023 1833 enim,
2082 1756 2255 1838 quod
2300 1757 2448 1820 iam
2497 1758 2677 1839 (iam
2722 1757 2910 1838 tum)

606 1869 848 1933 factum
901 1868 1300 1949 oportuerit,
1356 1888 1485 1931 non
1534 1886 1680 1929 esse
1726 1864 1973 1928 factum
2020 1865 2337 1945 queritur,
2382 1865 2756 1930 necessario
2802 1887 2912 1929 ne·

609 1978 939 2058 gationem
1022 1975 1361 2058 particulae
1440 1976 1592 2037 iam
1674 1972 2016 2054 praeponit.
2142 1970 2573 2035 Scribendum
2652 1973 2911 2055 opinor:

610 2085 820 2167 quod
890 2105 1044 2147 non
1111 2082 1263 2144 iam
1333 2080 1772 2144 exercitum
1840 2080 1915 2142 in
1969 2077 2331 2143 Africam
2398 2080 2912 2159 traiecisset3

608 2214 760 2256 nam
828 2201 989 2255 tam
1057 2210 1137 2253 ex
1193 2189 1344 2250 iam
1412 2187 1818 2269 transposito
1888 2193 2102 2250 ortum
2170 2186 2444 2250 videtur.
2560 2186 2684 2251 'Sed
2747 2207 2916 2269 prae-

609 2306 797 2363 terea
851 2303 1006 2379 post
1052 2301 1387 2377 questus
1436 2293 1807 2358 addendum
1856 2301 1981 2358 est
2023 2292 2312 2372 videtur3
2370 2315 2583 2377 neque
2632 2296 2802 2358 enim
2848 2295 2913 2358 in

611 2407 734 2469 hac
801 2404 1117 2469 orationis
1186 2402 1398 2465 forma
1469 2401 1583 2482 (—
1638 2399 2079 2464 Masinissa
2137 2402 2391 2480 venit;
2460 2402 2525 2466 is
2581 2437 2666 2446 —
2723 2423 2915 2485 que-

615 2511 817 2592 stus)
867 2511 1083 2574 omitti
1128 2509 1195 2572 id
1241 2508 1508 2572 verbum
1555 2505 1867 2590 potest.¹)

441 2639 583 2708 (341)
794 2619 948 2702 Cap.
1001 2622 1054 2696 5,
1105 2620 1173 2680 8:
1220 2616 1563 2680 Interim
1610 2615 1836 2697 Mago
1881 2615 2197 2681 milites
2245 2615 2503 2681 Gallis
2552 2616 2915 2681 dimissis

612 2730 812 2792 clam
881 2748 1023 2809 per
1089 2747 1327 2807 agros
1398 2744 1671 2787 eorum
1739 2724 2108 2788 mercede
2181 2725 2651 2789 conducere.
2761 2723 2917 2787 Haec

609 2836 812 2900 verba
880 2832 1249 2916 significant
1308 2831 1536 2896 Gallos
1609 2831 1911 2896 dimissos
1979 2852 2123 2895 esse
2192 2854 2310 2915 per
2379 2853 2569 2914 agros
2637 2831 2919 2894 militum

610 2945 828 3008 nescio
879 2943 1065 3006 cuius
1112 2941 1355 3023 gentis;
1412 2938 1574 3002 nihil
1622 2939 1789 3001 enim
1840 2938 2018 3002 aliud
2067 2945 2196 3019 est,
2256 2961 2383 3021 quo
2432 2940 2497 3002 in
2544 2939 2667 3002 hac
2714 2940 2918 3021 scrip-

608 3059 760 3116 tura
816 3051 1141 3114 referatur
1200 3069 1487 3111 eorum.
1599 3047 1895 3128 Apparet
1950 3052 2298 3128 praeterea,
2368 3068 2408 3109 a
2453 3047 2727 3125 Magone
2787 3068 2916 3109 non

611 3160 837 3224 Gallos
897 3159 1203 3221 dimissos
1261 3175 1432 3231 esse,
1521 3154 1635 3217 sed
1694 3153 1946 3218 Poenos
2019 3154 2103 3216 ad
2151 3152 2377 3219 Gallos
2435 3152 2918 3217 conducendos.

611 3268 848 3331 Veram
895 3265 1286 3346 scripturam
1334 3260 1584 3325 habent
1631 3261 1919 3325 codices:
1966 3260 2306 3324 Interim
2338 3261 2569 3341 Mago
2615 3260 2917 3323 milites

612 3373 927 3449 Gall-os,
997 3370 1358 3433 dimissis
1423 3368 1622 3430 clam
1682 3388 1820 3448 per
1878 3388 2116 3450 agros
2179 3390 2450 3431 eorum
2500 3365 2917 3448 (Gallorum),

611 3478 975 3543 mercede
1024 3475 1492 3540 conducere.
1574 3473 1839 3537 Fefellit
1886 3474 2172 3537 editores
2209 3473 2305 3554 (et
2338 3473 2681 3538 librarium
2717 3496 2916 3538 unum

669 3746 721 3811 ι)
759 3744 890 3812 Cap.
935 3748 987 3810 l,
1037 3746 1128 3811 22,
1175 3744 1272 3798 ubi
1322 3742 1524 3797 editur:
1581 3743 1857 3811 trepida
1905 3744 2130 3797 omnia
2172 3749 2247 3797 ut
2292 3743 2727 3797 inconditam
2772 3747 2917 3796 tur-

747 3830 899 3881 bam
953 3829 1250 3883 tironum
1307 3845 1477 3892 esse,
1542 3827 1845 3881 videndum
1914 3846 1985 3881 ne
2052 3830 2217 3882 scribi
2277 3829 2505 3882 debeat:
2570 3832 2643 3881 ut
2695 3828 2761 3880 in
2813 3828 2916 3880 in·

750 3912 1035 3968 condita
1072 3914 1286 3966 turba.
1345 3911 1544 3979 (1863.)
1634 3912 1764 3982 Cap.
1803 3916 1852 3978 2,
1895 3917 1981 3967 11;
2037 3913 2175 3967 Iam
2212 3915 2495 3966 missum
2544 3930 2696 3966 esse
2734 3912 2813 3966 ab
2851 3928 2921 3965 se

750 3996 1143 4051 Cornelium
1203 3992 1508 4050 Servium
1568 3999 1881 4066 procella
1943 3999 2251 4067 equestri
2315 3998 2556 4052 hostes
2625 3997 2918 4051 circum·

747 4082 1072 4135 fusurum.
1138 4082 1219 4135 De
1255 4082 1510 4135 tollendo
1546 4084 1912 4151 praenomine,
1951 4083 2099 4151 quod
2136 4084 2397 4137 librarius
2435 4100 2464 4135 e
2503 4080 2535 4149 ἓ
2571 4084 2604 4135 8
2640 4088 2922 4151 sumptum

749 4167 926 4235 pravo
962 4168 1088 4221 loco
1126 4167 1364 4233 addidit,
1402 4184 1516 4220 non
1553 4168 1737 4222 dicam
1774 4169 2027 4237 pluribus
2063 4169 2249 4221 verbis
2286 4166 2408 4235 (οῆ.
2449 4184 2574 4235 quae
2610 4166 2923 4235 Lahmeyer

751 4253 1059 4319 disputavit
1075 4251 1275 4305 Philol.
1296 4251 1458 4304 XXII
1478 4270 1530 4320 p.
1551 4255 1653 4306 469
1674 4252 1835 4320 sqq).
1890 4253 2061 4305 Esse
2092 4258 2244 4306 recte
2266 4252 2572 4305 omiserant
2590 4252 2753 4304 codd.
2777 4269 2920 4306 rece.

751 4341 807 4389 et
858 4336 1134 4390 editiones
1172 4343 1303 4390 ante
1339 4336 1886 4402 Weissenbornium3
1941 4337 2071 4389 iam
2120 4336 2420 4390 manifesto
2461 4354 2587 4390 cum
2625 4335 2919 4391 circum-

750 4420 1068 4474 fusurum
1106 4422 1373 4489 coniungi
1412 4421 1594 4474 debet.
1670 4420 1868 4487 (1863.)
