3230 5282
1416 571 1496 632 39

304 753 366 817 in
412 752 867 819 communibus
913 752 1253 820 codicibus
1300 776 1380 820 ex
1426 755 1540 821 illo
1590 756 1755 822 ortis
1800 753 2114 819 mendose
2161 756 2411 838 scripta
2446 760 2618 832 sunt,

309 862 372 926 in
417 861 781 928 Veronensi
823 869 1003 927 recte
1050 862 1446 943 scribuntur,
1495 863 1627 928 alia
1671 864 1944 942 minora,
1990 864 2233 946 partim
2278 860 2619 942 eiusmodi,

306 991 445 1055 quae
512 969 767 1054 pridem
837 970 1220 1035 coniectura
1291 979 1590 1038 correcta
1659 993 1802 1037 esse
1869 972 2065 1055 vulgo
2134 993 2265 1037 non
2322 971 2616 1036 animad-

303 1080 604 1157 vertitur,
672 1078 807 1143 alia
861 1079 1135 1157 maiora,
1183 1080 1537 1162 inquibus
1584 1081 1873 1145 virorum
1919 1079 2263 1145 doctorum
2310 1078 2613 1144 emenda-

302 1188 511 1252 tiones
579 1186 1080 1265 confirmantur,
1150 1189 1348 1253 etiam
1417 1189 1790 1273 complures
1857 1195 2096 1254 nostrae
2119 1187 2207 1270 ¹),
2274 1186 2610 1264 nonnulla,

302 1316 444 1379 quae
499 1301 812 1379 suspecta
854 1296 1310 1362 tantummodo
1357 1298 1472 1361 uni
1519 1297 1897 1381 pluribusve
1941 1296 2233 1375 fuerant,
2293 1295 2612 1378 quaedam,

301 1426 442 1488 quae
508 1425 699 1469 nemo
769 1404 1167 1487 suspicando
1239 1406 1584 1488 attigerat,
1666 1407 1731 1469 in
1812 1427 1941 1487 quo
2019 1424 2255 1487 genere
2324 1404 2612 1468 eminent

298 1534 495 1595 quum
542 1510 999 1596 supplementa
1045 1514 1174 1578 duo
1220 1514 1507 1598 plurium
1553 1513 1902 1580 verborum
1950 1512 2082 1593 (IV,
2141 1517 2242 1593 25,
2289 1519 2348 1591 4,
2407 1511 2480 1591 V,
2531 1516 2609 1576 53

299 1621 498 1704 init.),
558 1643 760 1685 unum
805 1622 999 1685 unius
1046 1620 1191 1703 (IV,
1253 1626 1364 1702 26,
1430 1622 1568 1704 12),
1628 1629 1767 1687 tum
1828 1622 2140 1688 omissum
2197 1621 2263 1684 in
2320 1620 2449 1700 III,
2511 1624 2610 1697 56,

302 1734 371 1794 12
422 1728 949 1794 additamentum
997 1736 1065 1795 et
1111 1737 1441 1796 servatum
1487 1732 1561 1810 V,
1621 1736 1723 1810 41,
1784 1736 1821 1795 3
1868 1730 2214 1813 antiquum
2256 1749 2609 1811 rarumque

295 1837 623 1922 pontificis
680 1838 946 1903 maximi
992 1859 1256 1918 nomen,
1325 1840 1511 1903 cuius
1571 1839 1638 1903 in
1683 1838 1980 1903 Mediceo
2038 1836 2358 1901 eiusmodi
2412 1835 2609 1900 vesti-

290 1948 471 2031 gium
531 1953 864 2039 superest,
934 1953 1008 2011 ut
1062 1953 1216 2030 post
1272 1947 1564 2012 codicem
1608 1946 2194 2013 Nicomachianum
2251 1943 2608 2035 interpola-

294 2057 475 2121 tione
544 2055 827 2120 alterum
896 2052 1264 2119 subiectum
1330 2062 1673 2138 appareat.
1779 2054 2028 2136 (Etiam
2095 2054 2161 2116 in
2217 2051 2302 2131 V,
2372 2057 2438 2132 7,
2512 2056 2607 2130 13,

290 2164 524 2247 equis
574 2163 748 2228 suis
793 2183 1132 2242 merere,
1192 2163 1257 2225 in
1304 2163 1447 2228 solo
1494 2163 1562 2227 M
1606 2170 1804 2229 tenue
1850 2162 2197 2244 vestigium
2242 2160 2380 2224 veri
2425 2180 2607 2224 man-

292 2271 520 2351 serat.)
634 2270 869 2352 Itaque
939 2271 1066 2335 etsi
1136 2291 1216 2334 ex
1281 2269 1479 2353 longo
1554 2271 1813 2339 ordine.
1886 2290 2081 2354 quem
2137 2268 2606 2335 Mommsenius

292 2403 348 2463 p.
403 2384 523 2442 185
573 2398 716 2461 sqq.
764 2377 1053 2461 explicat
1098 2399 1323 2443 eorum
1370 2379 1700 2460 locorum,
1761 2380 1826 2442 in
1885 2377 2127 2461 quibus
2172 2375 2354 2442 solus
2402 2375 2604 2440 Vero-

290 2488 507 2552 nensis
555 2507 782 2550 verum
828 2486 1122 2566 servarit,
1170 2487 1523 2552 nonnullos
1573 2485 2058 2552 subtrahendos
2107 2490 2268 2568 puto
2318 2483 2427 2565 (de
2475 2506 2604 2548 uno

288 2594 586 2680 quidem,
646 2614 839 2678 quem
886 2595 941 2660 is
987 2595 1267 2660 maxime
1316 2595 1746 2679 amplexatur,
1802 2594 1916 2674 III,
1976 2597 2076 2673 65,
2140 2597 2191 2672 1,
2237 2591 2425 2658 valde
2474 2591 2605 2658 dis-

288 2704 566 2786 sentio),
636 2708 857 2768 tamen
925 2724 1324 2787 permagnus
1386 2725 1465 2768 ex
1523 2704 1636 2769 illo
1696 2703 1923 2768 codice
1981 2701 2237 2770 fructus
2296 2700 2380 2765 ad
2439 2700 2604 2765 Livii

288 2814 614 2879 orationis
682 2812 1131 2894 integritatem
1202 2812 1658 2895 expoliendam
1729 2818 2081 2894 perceptus
2141 2817 2242 2875 est
2300 2809 2367 2891 (a
2411 2808 2603 2874 nobis

288 2924 351 2986 in
428 2922 645 2986 altera
724 2919 1016 2984 editione
1097 2919 1414 2985 librorum
1484 2921 1774 3004 quinque
1842 2919 2205 3002 primorum
2273 2924 2340 2982 et
2407 2918 2604 2997 sexti)

286 3030 839 3112 vehementerque
887 3026 1269 3108 dolendum,
1341 3028 1520 3110 quod
1575 3051 1711 3093 non
1755 3050 1873 3112 per
1918 3034 2096 3092 totos
2141 3026 2349 3090 libros
2395 3046 2604 3109 neque

289 3160 405 3222 per
450 3157 679 3202 omnes
725 3137 866 3200 eius
910 3137 1293 3202 testimonio
1337 3136 1422 3200 ad
1469 3143 1837 3202 ceterorum
1871 3136 2068 3200 fidem
2103 3133 2603 3199 examinandam

286 3248 553 3312 utimur.
625 3243 793 3309 Sunt
836 3244 950 3308 alii
994 3243 1143 3324 loci,
1190 3246 1257 3308 in
1306 3243 1545 3328 quibus
1593 3266 1792 3327 quum
1839 3251 1906 3308 et
1939 3241 2605 3308 Nicomachianorum

285 3354 591 3420 codicum
637 3359 706 3417 et
750 3352 1142 3417 Veronensis
1189 3353 1522 3435 scriptura
1566 3352 1852 3418 orationi
1900 3358 1966 3415 et
2014 3350 2358 3415 sententiae
2408 3349 2603 3414 satis-

285 3464 517 3541 faciat,
587 3461 868 3526 maxime
925 3460 1307 3543 proclivitas
1366 3460 1451 3526 ab
1508 3461 1724 3526 altera
1782 3461 1868 3525 ad
1926 3460 2204 3524 alteram
2249 3456 2602 3522 aberrandi

287 3567 720 3654 ponderanda
764 3574 868 3633 est
914 3576 1061 3647 aut,
1129 3569 1185 3633 si
1243 3569 1430 3633 nulla
1489 3577 1644 3634 sunt
1690 3570 1757 3633 in
1802 3570 2302 3633 alteramutram
2347 3573 2604 3650 partem

282 3681 621 3745 rationum
689 3685 1050 3756 momenta,
1118 3675 1476 3742 secundum
1532 3676 2083 3742 Nicomachianos
2151 3681 2218 3740 et
2284 3674 2602 3740 traditam

282 3793 754 3870 receptamque
800 3784 1077 3850 formam
1123 3785 1441 3864 dandum,
1500 3791 1573 3849 ut
1619 3785 1733 3864 III,
1794 3790 1851 3864 6,
1909 3787 1946 3848 6
1993 3783 2453 3849 referentes
2498 3805 2601 3848 re-

283 3897 622 3971 tinuimus,
667 3893 724 3958 V
768 3899 1301 3976 reportantes
1345 3892 1567 3958 habet.
1672 3891 1802 3957 Sed
1848 3897 2002 3957 sunt
2046 3892 2247 3956 etiam
2291 3891 2440 3969 loci,
2486 3890 2602 3955 ubi

282 4001 781 4069 Nicomachiani
847 4008 914 4066 et
983 4001 1378 4067 Veronensis
1460 4002 1526 4065 in
1605 3999 2159 4066 manifestissimis
2240 3999 2598 4077 erroribuS,

334 4285 380 4345 ¹)
420 4279 549 4335 Uno
598 4285 655 4333 et
701 4278 877 4332 altero
922 4278 1046 4332 loco
1082 4277 1271 4332 mendi
1308 4296 1342 4331 a
1375 4295 1466 4332 me
1504 4279 1784 4348 perspecti
1822 4278 1986 4330 aliam
2023 4277 2431 4332 correctionem
2469 4274 2592 4328 cod.

416 4364 694 4430 ostendit,
730 4368 794 4417 ut
820 4364 919 4432 111,
954 4366 1039 4431 65,
1074 4366 1109 4418 6
1145 4363 1473 4434 (quoque),
1509 4364 1575 4430 V,
1613 4367 1698 4432 55,
1741 4368 1764 4416 1
1797 4364 1950 4430 (eoa,
1989 4362 2140 4431 quod
2176 4362 2234 4415 in
2264 4359 2598 4431 proefatione

415 4451 567 4505 Livii
604 4449 717 4504 vol.
755 4449 781 4501 1
816 4454 1092 4517 notaram‚
1130 4450 1180 4504 V
1217 4449 1401 4516 tollit).
