3230 5282
461 635 587 689 Lib.
623 633 793 688 XXV.
1559 618 1682 679 356

292 815 435 883 (291)
472 807 793 890 accipias;
860 826 1073 889 neque
1131 803 1287 868 addi
1345 809 1426 867 et
1480 803 1545 867 in
1602 804 1900 885 proximo
1960 804 2279 869 orationis
2333 804 2627 870 membro
2675 803 2781 883 (et

464 917 689 981 fossa
743 915 1058 997 ingens)
1105 918 1361 996 potest3
1415 910 1555 975 haec
1603 912 1777 976 enim
1824 913 2112 995 partium
2157 916 2377 997 operis
2425 913 2780 997 descriptio

464 1046 545 1089 ex
615 1044 804 1106 aequo
863 1021 970 1102 (et
1025 1058 1110 1066 ——
1157 1019 1259 1102 et)
1318 1020 1609 1102 generali
1680 1021 1899 1103 operis
1957 1020 2424 1103 significationi
2482 1021 2780 1105 copulari

464 1131 711 1212 nequit.
814 1128 1202 1194 Tollendum
1265 1135 1363 1192 est
1421 1134 1503 1191 et
1560 1133 1790 1192 natum
1849 1149 1928 1192 ex
1983 1135 2277 1195 extrema
2332 1130 2560 1195 littera
2604 1130 2781 1195 vocis

464 1238 651 1304 inde
699 1237 853 1320 (vid.
901 1236 986 1303 ad
1030 1236 1410 1315 XXV1‚,40‚
1461 1235 1660 1317 17).¹)
1727 1235 2084 1321 Aliquanto
2131 1238 2304 1303 infra
2348 1236 2410 1321 (ἓ
2462 1238 2588 1318 1⁰7),
2637 1240 2783 1318 etsi,

467 1368 611 1429 quae
656 1347 761 1410 via
805 1367 845 1410 a
890 1351 1087 1429 portu
1112 1334 1220 1408 vad
1264 1366 1444 1409 mare
1491 1345 1891 1409 transmissa
1934 1350 2065 1424 est,
2122 1346 2353 1410 eadem
2398 1346 2782 1430 plerumque

466 1456 609 1519 iure
665 1455 744 1518 in
790 1460 1110 1538 portum
1157 1474 1198 1516 a
1242 1452 1442 1516 mari
1487 1454 1978 1517 transmissa
2023 1454 2151 1536 (vel
2200 1456 2418 1537 potius
2465 1455 2562 1519 ad
2607 1478 2782 1540 por·

467 1563 660 1645 tum)
721 1563 850 1626 dici
916 1566 1166 1645 potest,
1236 1582 1426 1625 nemo
1495 1566 1718 1625 tamen
1785 1560 1979 1626 facile
2035 1562 2133 1627 ita
2188 1563 2515 1647 appellat,
2583 1583 2782 1648 quum

468 1671 824 1755 agitur-de
883 1670 1383 1752 opportunitate
1442 1689 1643 1733 naves
1702 1690 1781 1734 ea
1836 1672 1942 1734 via
1988 1691 2023 1734 e
2067 1677 2265 1753 portu
2310 1672 2378 1736 in
2423 1693 2602 1737 mare
2646 1677 2783 1737 tra-

466 1781 687 1845 hendi.
798 1779 1032 1859 Itaque
1102 1799 1303 1860 quum
1371 1778 1440 1841 in
1496 1776 1546 1839 P
1604 1779 1973 1859 ceterisque
2030 1778 2167 1843 fere
2226 1779 2562 1845 codicibus
2623 1782 2782 1845 scri-

468 1889 699 1953 batur:
772 1907 943 1970 quae
1001 1887 1080 1949 in
1137 1892 1382 1969 portu
1439 1920 1526 1929 —
1572 1886 1670 1950 ad
1726 1890 1974 1965 m'ar-e,
2033 1909 2364 1971 quumque
2424 1889 2602 1972 apud
2659 1890 2782 1954 Po-

468 1995 715 2080 lybium
767 1993 967 2074 (VIII,
1006 1992 1115 2074 36)
1162 1994 1277 2058 Sit:
1324 2001 1601 2074 φέρουσαν
1640 2004 1695 2055 ἐκ
1728 2002 1824 2055 τοῖο
1859 2003 2068 2075 λιμένος
2101 1999 2177 2067 εἷς
2209 2003 2301 2071 τὴν
2338 2002 2439 2066 ἔξω
2484 2004 2784 2069 θάλατταν,

470 2109 646 2168 recte
682 2101 985 2183 Sigonius
1030 2101 1226 2165 scribi
1278 2100 1517 2165 voluit:
1564 2123 1731 2185 quae
1776 2122 1810 2164 c
1860 2102 1943 2184 (is
1980 2104 2245 2186 quidem
2282 2104 2396 2185 ex)
2434 2111 2784 2187 portu—-

470 2212 570 2276 ad
616 2230 849 2275 mare.
939 2208 1150 2286 Quum
1196 2228 1232 2270 e
1275 2216 1428 2293 post
1472 2231 1640 2293 quae
1686 2210 2053 2287 excidisset,
2098 2211 2398 2276 additum
2445 2218 2544 2277 est
2587 2213 2685 2276 in.

644 2318 802 2400 Cap.
856 2320 972 2394 12,
1026 2321 1094 2379 4:
1162 2316 1271 2380 Ex
1329 2316 1568 2382 huius
1628 2319 1914 2383 Marcii
1960 2317 2184 2400 (vatis)
2245 2320 2553 2385 duobus
2611 2341 2783 2386 car-

472 2425 823 2492 minibus
891 2425 1246 2488 alterius
1314 2432 1499 2507 post
1565 2446 1743 2489 rem·
1798 2433 2062 2490 actam
2109 2426 2321 2499 ‚editi
2379 2450 2548 2493 cum
2603 2436 2785 2494 rato
2841 2456 2848 2465 ·

474 2534 939 2601 auctoritas
1020 2539 1313 2597 eventu
1383 2533 1637 2598 alteri
1705 2555 2055 2616 quoque,
2139 2535 2371 2600 cuius
2437 2536 2787 2601 nondum

473 2651 789 2727 tempus
835 2649 1188 2719 venerat,
1235 2640 1669 2706 adferebat
1712 2641 1977 2708 fidem.
2008 2635 2013 2641 ’
2048 2644 2275 2725 Neque
2322 2647 2786 2711 auctoritas

474 2774 645 2817 cum
712 2755 1001 2815 eventu
1057 2757 1238 2814 recte
1295 2772 1413 2832 pro
1470 2752 1872 2816 auctoritate
1931 2759 2165 2816 eventu
2226 2752 2613 2818 confirmata
2672 2775 2786 2838 po-

471 2862 652 2925 nitur
695 2878 907 2943 neque
953 2865 1183 2922 ratus
1229 2865 1571 2923 eventus
1617 2859 1759 2923 ullo
1807 2861 2106 2942 exemplo
2155 2881 2233 2923 ex
2279 2862 2550 2927 minima
2596 2868 2786 2946 parte

475 2969 672 3034 simili
731 2968 973 3032 dicitur
1039 2966 1429 3046 (auctoritas
1501 2966 1782 3031 alicuius
1852 2973 2003 3030 rata
2058 2988 2204 3032 esse
2262 2976 2329 3033 et
2381 2966 2615 3034 haberi
2669 2992 2786 3054 po·
2843 3014 2850 3019 ,

471 3078 653 3157 test),
711 3077 983 3159 ipseque
1040 3073 1392 3139 verborum
1448 3075 1607 3139 ordo
1656 3076 2098 3157 suspicionem
2143 3077 2361 3139 mendi
2406 3075 2589 3142 facit.
2689 3078 2790 3143 Ex

476 3191 840 3249 cumrato
936 3183 1404 3247 auctoritas
1498 3189 1792 3247 eventu
1873 3181 2046 3246 effici
2123 3183 2413 3248 videtur:
2511 3206 2788 3251 corro-

476 3294 777 3359 borata
835 3291 1291 3355 auctoritas
1352 3296 1645 3355 eventu
1704 3290 1848 3371 (aut
1906 3290 2440 3371 confirmata).
2558 3291 2786 3375 [Con-

476 3402 813 3465 firmata
855 3400 987 3462 iam
1032 3397 1433 3478 Freundius3
1492 3399 1904 3482 probabilius
1953 3401 2155 3464 etiam
2199 3394 2786 3489 Ussingius‘com-

476 3507 846 3593 probata.
949 3504 1074 3568 Pro
1134 3512 1393 3570 actam
1452 3510 1763 3588 quoniam
1821 3508 1887 3570 in
1933 3507 1983 3570 P
2034 3514 2134 3571 est
2178 3513 2434 3585 cacta,
2497 3506 2787 3571 scriben-

479 3616 632 3680 dum
678 3615 938 3679 videtur
981 3613 1299 3678 factam.
1397 3613 1609 3696 1862]

650 3721 807 3804 Cap.
874 3725 980 3799 13,
1054 3726 1132 3786 10
1190 3721 1300 3803 (de
1357 3722 1697 3787 Hannonis
1754 3725 2021 3801 castris,
2090 3723 2157 3786 in
2216 3743 2361 3804 quae
2409 3721 2537 3787 duo
2583 3721 2792 3788 millia

478 3830 932 3914 plaustrorum
989 3835 1056 3893 et
1109 3829 1449 3893 incondita
1504 3830 1707 3894 turba
1762 3829 2096 3895 hominum
2151 3839 2469 3896 venerant
2525 3831 2610 3895 ad
2655 3830 2792 3896 fru-

538 4071 588 4136 ¹)
625 4067 749 4138 §10
772 4067 993 4121 omissis
1034 4067 1251 4135 aliquot
1291 4066 1495 4121 litteris
1532 4072 1729 4120 natum
1772 4072 1858 4121 est
1883 4074 2197 4123 monstrum
2221 4069 2552 4122 locutionis:
2589 4069 2792 4137 isque

617 4153 786 4206 finis
806 4152 1191 4206 Hannibali
1225 4151 1696 4206 fuit—arcem
1734 4154 2454 4223 oppugnare—Longe
2491 4153 2642 4206 aliud
2679 4158 2790 4209 est:

618 4240 814 4294 labor
858 4242 967 4292 est
1009 4238 1274 4302 facere,
1330 4238 1439 4291 hoc
1479 4243 1567 4291 est
1603 4237 1860 4302 difficile,
1917 4239 2100 4293 aliud:
2158 4240 2214 4293 is
2259 4238 2432 4292 finis
2481 4238 2647 4292 mihi
2684 4243 2796 4291 est

615 4332 861 4382 iacere.
962 4323 1144 4378 Multo
1207 4322 1435 4392 pravius
1498 4330 1860 4392 comparatur
1922 4326 2082 4379 illud:
2149 4323 2397 4378 edendi
2456 4323 2625 4377 finis
2689 4328 2796 4376 est

622 4410 968 4464 desideria
1033 4415 1297 4463 naturae
1364 4409 1837 4480 restinguere,
1904 4410 2001 4464 ubi
2066 4410 2208 4464 nihil
2276 4409 2470 4479 potuit
2523 4409 2633 4462 nisi
2684 4424 2790 4461 re·

623 4496 981 4564 stinguere
1018 4494 1149 4562 dici,
1186 4494 1681 4564 restinguendi
1715 4495 2147 4550 vitiosissimum
2184 4499 2346 4549 esset.
