3230 5282
1433 615 1553 675 317
2282 628 2404 681 Lib.
2444 628 2648 682 XXIII.

335 816 687 878 unquam
753 795 1087 876 fuimuS,
1168 796 1430 862 futuri.
1553 799 1817 864 Excidit
1899 799 2094 864 facile
2162 800 2432 864 futuri
2497 808 2648 883 post

335 903 647 968 fuimus.
750 904 876 982 Qui
929 904 1198 987 possit
1254 905 1655 971 addiderunt
1712 908 2164 990 (impetrari
2222 907 2318 972 ab
2375 909 2650 974 Roma-

335 1012 460 1075 nis
526 1011 859 1095 possit),
930 1033 1061 1077 non
1128 1013 1759 1093 animadverterunt,
1827 1016 2013 1098 sequi
2088 1015 2329 1080 debere
2398 1023 2517 1080 aut
2570 1018 2647 1080 in

335 1120 608 1202 gratia
655 1140 834 1187 esse
880 1126 998 1185 aut
1044 1121 1290 1185 simus
1336 1121 1619 1186 futuri.

412 1250 417 1251 ’
510 1225 666 1310 Cap.
726 1232 792 1307 9,
862 1232 899 1291 3
969 1228 1063 1309 (in
1132 1226 1382 1293 Calavii
1449 1231 1660 1313 patris
1729 1230 2028 1296 oratione
2094 1229 2299 1294 filium
2367 1251 2408 1295 a
2473 1231 2648 1296 caede

334 1333 729 1400 Hannibalis
773 1336 1094 1401 tentanda
1140 1336 1610 1418 dehortantis):
1678 1338 1956 1404 Paucae
2013 1338 2223 1403 horae
2270 1346 2482 1417 sunt,
2538 1341 2649 1403 in-

336 1448 465 1507 tra
519 1463 719 1524 quas
778 1444 1150 1510 iurantes
1207 1467 1349 1527 per
1405 1445 1810 1530 quidquid
1868 1446 2192 1511 deorum
2240 1453 2391 1527 est,
2459 1447 2648 1512 dex-

335 1556 477 1614 trae
535 1550 873 1616 dextras
930 1553 1369 1635 iungentes
1426 1551 1682 1618 fidem
1741 1554 2364 1635 obstrinximuS,
2431 1590 2517 1598 —
2562 1564 2648 1620 ut

337 1665 704 1725 sacratas
749 1658 914 1724 fide
964 1680 1239 1724 manus
1286 1660 1647 1743 digressi
1692 1683 1733 1726 a
1777 1662 2196 1744 colloquio
2243 1663 2647 1745 extemplo

333 1766 414 1830 in
469 1787 638 1831 eum
694 1768 1239 1832 armaremus?
1308 1766 1415 1832 Sic
1483 1768 1687 1833 edunt
1744 1771 1896 1835 inde
1954 1790 1995 1834 a
2039 1770 2402 1846 Gronovio,
2471 1770 2648 1834 codi-

336 1873 522 1939 cibus
598 1874 978 1941 melioribus
1057 1876 1624 1941 consentientibus
1693 1877 1846 1958 (nisi
1913 1877 2091 1959 quod
2158 1878 2457 1941 mansis
2526 1899 2646 1960 pro

333 2002 608 2048 manus
665 1984 1034 2064 scribitur),
1101 1984 1326 2065 itaque
1374 1991 1715 2063 enarrant,
1784 1991 1859 2049 ut
1903 1986 1999 2050 rei
2044 1992 2329 2050 narratae
2375 1984 2646 2068 adiungi

337 2095 603 2173 putent,
682 2093 935 2156 rariore
1003 2091 1185 2174 apud
1250 2091 1524 2157 Latinos
1590 2091 1830 2176 figura,
1908 2093 2498 2175 interrogationem
2565 2092 2647 2158 de

340 2199 621 2264 actionis
700 2198 1009 2278 consilio,
1089 2199 1377 2282 negandi
1453 2206 1521 2264 et
1598 2200 1993 2266 dehortandi
2071 2201 2200 2264 vim
2276 2199 2644 2266 habentem.

334 2305 577 2371 Verum
633 2328 780 2371 eam
822 2306 1102 2389 figuram
1147 2306 1257 2388 (de
1305 2328 1435 2389 qua
1479 2309 1754 2391 exposui
1800 2307 1884 2372 ad
1932 2307 2062 2373 Cic.
2100 2307 2180 2372 de
2214 2307 2356 2372 Fin.
2392 2331 2455 2391 p.
2492 2309 2645 2388 248)

336 2435 473 2480 non
528 2415 744 2481 solum
789 2417 1009 2481 omnia
1054 2415 1382 2499 exempla,
1452 2416 1569 2480 sed
1635 2417 1731 2480 rei
1788 2415 1996 2498 ipsius
2053 2423 2298 2481 natura
2357 2416 2649 2482 ostendit

336 2521 435 2585 ita
477 2528 735 2588 tantum
782 2524 969 2607 poni,
1039 2529 1115 2587 ut
1181 2522 1266 2587 ad
1332 2528 1420 2589 ut
1481 2522 1881 2604 adiungatur
1937 2544 2296 2607 pronomen
2357 2532 2474 2590 aut
2531 2526 2647 2589 ad-

337 2629 633 2695 verbium
698 2632 1287 2715 interrogationem
1351 2630 1651 2696 indicans
1708 2629 1930 2714 (quid
2001 2638 2113 2711 ut,
2180 2633 2315 2698 ubi
2380 2641 2495 2714 ut,
2562 2641 2647 2699 ut

340 2759 495 2820 quo
539 2738 732 2820 —⁰?);
798 2762 1014 2824 neque
1071 2741 1244 2805 enim
1301 2738 1497 2804 aliter
1557 2738 1991 2804 animadverti
2035 2738 2251 2822 figura
2298 2747 2366 2806 et
2411 2762 2451 2804 a
2495 2762 2650 2806 vera

339 2846 593 2911 consilii
639 2848 1116 2930 significatione
1162 2847 1480 2929 distingui
1523 2852 1820 2930 poterat3
1865 2867 2080 2928 neque
2126 2847 2251 2912 hoc
2296 2849 2364 2912 iu
2408 2848 2649 2913 Latino

339 2955 550 3036 magis
596 2976 895 3022 sermone
942 2955 1330 3022 observatur
1376 2975 1574 3038 quam
1619 2956 1689 3019 in
1735 2953 1984 3033 Graeco,
2031 2954 2146 3018 ubi
2194 2954 2401 3019 multo
2448 2955 2648 3020 latius

339 3066 527 3144 patet
592 3062 789 3130 huius
856 3062 1081 3146 figurae
1148 3083 1322 3127 usus,
1348 3063 1406 3142 ²)
1528 3062 1672 3127 Hoc
1749 3062 1954 3145 igitur
2029 3067 2281 3127 remoto
2349 3061 2651 3141 artificiO,

339 3176 548 3234 restat
612 3171 679 3233 in
750 3171 1082 3254 scriptura
1145 3191 1277 3235 non
1341 3169 1744 3252 interpolata
1801 3169 1913 3250 (—
1968 3190 2123 3234 uam
2181 3169 2482 3235 codicum
2539 3169 2650 3234 de·

338 3277 659 3342 teriorum
724 3278 1230 3361 depravationes
1297 3278 1622 3359 attingere
1687 3277 1923 3342 inutile
1990 3283 2093 3342 est
2159 3276 2272 3358 —-)
2345 3277 2652 3342 mendum

338 3384 756 3449 manifestum
811 3406 933 3450 nec
989 3394 1211 3451 tamen
1270 3391 1385 3449 aut
1439 3384 1575 3448 late
1625 3390 1859 3466 patens
1905 3391 2051 3462 aut,
2123 3394 2199 3449 ut
2244 3386 2507 3468 opinor,
2564 3385 2649 3450 ad

341 3492 794 3574 corrigendum
841 3494 1126 3558 difficile.
1220 3492 1656 3558 Scribendum
1702 3501 1805 3557 est
1849 3494 2050 3556 enim:
2118 3493 2398 3557 Paucae
2443 3493 2653 3558 horae

342 3607 557 3677 sunt,
626 3601 854 3664 intra
912 3622 1107 3684 quas
1168 3634 1243 3646 —
1292 3599 1542 3664 fidem
1599 3599 2216 3667 obstrinximus.
2329 3600 2466 3666 Uis
2525 3620 2652 3666 sa·

343 3714 622 3772 cratas
679 3708 847 3773 fide
906 3729 1187 3773 manus
1232 3743 1318 3751 —
1364 3707 1767 3790 extemplo
1837 3709 1915 3771 iu
1985 3728 2157 3772 eum
2214 3709 2651 3773 armemus?

342 3812 442 3876 Ex
487 3820 573 3878 ut
616 3814 740 3880 feci
786 3817 892 3896 ui,
960 3817 1297 3898 geminata
1352 3815 1545 3880 simul
1604 3816 1831 3880 littera
1889 3816 2195 3897 sequenti
2251 3835 2280 3876 s
2350 3817 2435 3895 (c.
2483 3819 2552 3890 8,
2614 3819 2652 3879 9

342 3921 721 3988 Romanis
780 3932 857 3989 et
914 3945 1033 4007 pro
1081 3925 1461 3990 Romanis
1521 3930 1645 3988 set
1701 3921 1961 3987 codices
2019 3922 2265 3987 habere
2324 3922 2651 4003 vidimus).

398 4199 450 4262 ¹)
488 4197 1002 4268 WeissenborniuS,
1057 4200 1216 4255 cuius
1264 4201 1511 4254 animum
1556 4200 1850 4269 scrupulus
1895 4199 2163 4268 pupugit,
2220 4198 2386 4252 nimis
2426 4198 2655 4252 sortiter

481 4301 539 4338 se
574 4285 825 4354 expedit3
870 4293 1042 4356 negat
1087 4304 1227 4355 opus
1266 4304 1385 4340 esse
1421 4285 1829 4353 interrogativa
1865 4302 2016 4339 voce.
2096 4284 2335 4338 Prorsus
2372 4283 2512 4337 nihil
2547 4282 2654 4336 huc

481 4371 728 4438 pertinet
761 4371 941 4439 figura
977 4372 1235 4426 absolute
1270 4389 1371 4441 per
1406 4377 1473 4425 ut
1511 4370 1900 4440 interrogandi
1930 4371 1999 4424 de
2026 4386 2106 4437 re,
2145 4385 2310 4437 quam
2342 4366 2462 4422 fieri
2490 4383 2655 4436 posse

482 4472 749 4523 negamus
788 4456 882 4524 (tu
919 4463 993 4510 ut
1029 4456 1179 4522 -‘?).
