3230 5282
648 582 775 638 Lib.
809 580 986 637 XLII.
1738 571 1860 633 656

650 755 926 821 tentiam
971 756 1248 836 rectius;
1305 754 1430 821 hoc
1475 755 1649 821 enim
1695 762 1938 841 praeter
1982 764 2205 822 cetera
2250 755 2517 841 indigne
2565 776 2678 822 eos
2720 754 2943 821 tulisse

654 864 879 929 Livius
926 863 1177 946 dicit.¹)

824 971 979 1057 Cap.
1029 975 1130 1051 58,
1180 976 1215 1035 7
1267 970 1362 1053 (in
1409 971 1846 1056 descriptione
1894 974 2060 1040 aciei
2105 972 2596 1056 Macedonum):
2644 972 2729 1037 In
2777 971 2948 1038 dex·

652 1086 777 1146 tro
848 1101 1097 1147 cornu
1177 1080 1661 1147 Macedones
1742 1087 1977 1147 erant
2055 1082 2413 1167 equites;
2490 1081 2948 1147 intermixti

652 1190 947 1256 turmis
1015 1209 1283 1254 eorum
1349 1188 1815 1256 Cretenses.
1904 1189 2112 1256 Huic
2168 1197 2601 1256 armaturae
2668 1188 2950 1255 Medon

652 1298 1026 1365 Beroaeus
1074 1296 1242 1379 (cod.
1300 1297 2016 1381 Midonuereeius)‚
2065 1298 2488 1383 equitibus
2535 1305 2611 1363 et
2648 1317 2951 1363 summae

654 1407 924 1492 partis
982 1407 1160 1473 eius
1207 1407 1431 1472 Meno
1489 1406 2084 1488 Antigonensis
2150 1412 2524 1492 praeerat.
2613 1405 2951 1492 Nusquam

654 1537 866 1600 neque
917 1515 1135 1580 Livius
1180 1536 1394 1598 neque
1440 1514 1553 1580 alii
1602 1516 1694 1579 sic
1740 1522 2169 1581 armaturae
2214 1536 2448 1582 nomen
2497 1515 2577 1580 de
2624 1523 2807 1581 certa
2852 1538 2951 1580 ex·

655 1625 899 1691 ercitus
958 1631 1148 1709 parte
1205 1629 1460 1708 ponunt
1518 1621 1745 1688 addito
1792 1625 2175 1707 pronomine
2221 1624 2437 1705 (haec,
2506 1623 2660 1689 illa
2703 1645 2951 1689 arma·

655 1733 901 1815 tura);
967 1753 1089 1798 nec
1144 1730 1281 1796 ulla
1346 1738 1773 1803 armatura
1831 1739 2029 1797 antea
2087 1734 2428 1798 nominata
2486 1739 2647 1797 erat.
2740 1733 2952 1797 Livius

481 1846 633 1914 (543)
672 1842 1056 1926 scripserat:
1106 1839 1253 1903 levi
1301 1846 1742 1919 armaturae,
1778 1838 2123 1907 Cretenses
2157 1840 2544 1925 intellegens
2590 1862 2835 1926 eosque
2876 1840 2952 1905 ab

659 1950 992 2034 equitibus
1061 1969 1398 2035 separans.
1500 1950 1708 2016 Paulo
1767 1956 1921 2034 post
1966 1947 2026 2032 (ξ
2094 1949 2218 2031 10),
2279 1948 2394 2014 ubi
2460 1951 2526 2014 in
2584 1949 2812 2015 codice
2870 1950 2955 2014 sic

658 2058 1002 2125 scribitur:
1075 2043 1881 2142 Quadringentorum
1947 2079 2225 2123 manus
2270 2064 2624 2140 utraque
2691 2079 2954 2122 nume-

656 2190 827 2233 rum
857 2167 2955 2251 explebatrationemtessalonicensemetcertiman-

660 2277 1256 2360 optolopemum
1299 2275 1401 2340 iis
1448 2274 1836 2359 praefecit,
1869 2275 2079 2341 latere
2116 2274 2407 2341 videtur:
2458 2275 2955 2360 expleverat:

659 2383 1130 2450 Stratonem
1185 2381 2001 2450 Thessalonicensem
2068 2390 2144 2448 et
2209 2385 2653 2449 Artemona
2716 2381 2957 2449 Dolo·

660 2513 830 2577 pem
874 2492 979 2556 iis
1026 2490 1420 2575 praefecit.
1489 2490 1615 2557 Pro
1665 2492 1973 2559 Stratone
2020 2499 2280 2577 poterat
2325 2492 2523 2558 etiam
2568 2491 2636 2556 111
2680 2498 2959 2556 mentem

657 2600 876 2666 venire
944 2599 1318 2679 Pration,
1386 2598 1696 2666 Doricum
1765 2622 1998 2667 nomen
2070 2600 2319 2685 (Polyb.
2366 2598 2664 2682 XXVIH,
2726 2604 2829 2680 19,
2881 2599 2959 2680 1).

660 2708 970 2794 Grynaeus
1004 2709 1276 2775 Ionem
1324 2715 1391 2774 et
1435 2709 1869 2775 Timanora
1901 2707 2136 2776 effecit.
2194 2708 2765 2776 Weissenbornius
2799 2708 2959 2774 falsa

659 2820 878 2902 specie
948 2817 1262 2902 deceptus
1328 2817 1853 2903 Neoptolemi
1919 2840 2157 2885 nomen
2226 2838 2301 2883 eo
2346 2816 2492 2884 loco
2539 2818 2793 2901 posuit,
2854 2815 2958 2881 ubi

661 2927 947 2993 civitatis
1014 2947 1249 2991 nomen
1310 2946 1350 2990 a
1403 2926 1587 2992 Livio
1636 2928 1925 3011 positum
1990 2926 2190 2992 fuisse
2249 2931 2543 3010 apparet.
2637 2923 2771 2990 Sed
2823 2931 2957 2990 tota

657 3057 765 3101 res
826 3036 1041 3119 exigui
1098 3036 1410 3100 momenti
1459 3040 1575 3099 est.
1670 3034 1963 3118 [Ionem
2009 3055 2127 3119 pro
2177 3033 2483 3099 Stratone
2529 3032 2956 3107 commendat,

657 3144 835 3227 quod
880 3142 1071 3222 XLV,
1123 3147 1180 3223 6,
1230 3146 1266 3206 9
1313 3142 1572 3225 legitur.
1647 3141 1931 3225 1864.]2)

832 3249 990 3336 Cap.
1042 3254 1141 3330 59,
1193 3254 1223 3312 1
1277 3250 1385 3332 (de
1430 3251 1681 3335 proelio
1742 3252 2032 3424 equesgi
2088 3252 2262 3316 inter
2316 3249 2561 3316 Persea
2617 3257 2686 3315 et
2728 3251 2958 3316 Roma-

658 3357 838 3442 nos):
907 3359 992 3423 In
1062 3358 1274 3423 hunc
1340 3358 1648 3424 modum
1715 3361 1919 3424 maxi
2014 3381 2048 3425 e
2117 3361 2546 3424 instructae
2605 3359 2828 3424 acies
2880 3390 2956 3401 --

661 3471 1184 3545 concurrunt,
1255 3487 1296 3531 a
1338 3466 1902 3535 funditoribus
1958 3466 2765 3550 iaculatoribusque,
2833 3464 2954 3549 qui

659 3581 1298 3657 praecesserunt,
1364 3575 1685 3658 proelio
1755 3583 1950 3642 orto.
2056 3574 2260 3642 Scrib.
2330 3580 2954 3659 praecesserant:

655 3687 924 3764 poterat
980 3682 1180 3747 etiam
1238 3682 1369 3747 dici
1426 3683 2045 3768 praecedebant3
2112 3683 2476 3769 perfectum
2521 3684 2588 3748 in
2635 3682 2957 3749 sententia
3028 3714 3047 3747 ο

710 3933 763 4002 ¹)
801 3933 833 4004 ἓ
869 3937 902 3989 8
939 3935 1205 4003 quoniam
1240 3939 1300 3992 in
1334 3937 1530 3994 codice
1568 3939 1858 3995 scribitur:
1896 3940 2215 3994 incertus
2252 3945 2511 4007 quanta
2559 3943 2750 4016 esset
2794 3937 2955 3991 duos

795 4037 942 4075 6666
980 4019 1148 4079 duos
1184 4023 1351 4078 inde
1405 4041 1483 4078 ex
1532 4025 1803 4094 agmine
1853 4029 1974 4092 cet„
2013 4023 2103 4079 edi
2142 4023 2333 4079 debet:
2371 4024 2523 4091 inc.‚
2562 4029 2820 4093 quanta
2856 4038 2952 4075 66·

795 4113 904 4163 set
940 4110 1036 4162 vls
1074 4108 1364 4162 hostium.
1437 4110 1624 4165 Duas
1671 4111 1827 4166 inde
1878 4128 1955 4165 ex
1990 4109 2268 4180 agmine
2306 4114 2411 4165 cet.
2483 4107 2542 4179 [ἓ
2579 4112 2611 4163 6
2647 4126 2750 4178 pro
2786 4122 2956 4178 prae·

793 4200 1187 4263 cesserunt,
1226 4195 1376 4264 quod
1424 4195 1555 4249 ferri
1599 4202 1732 4266 post
1766 4213 2195 4266 praegressus
2232 4194 2455 4263 nequit,
2495 4193 2852 4250 scribendum
2885 4190 2957 4244 vi-

803 4278 967 4334 detur
1001 4287 1528 4350 processerunt.
1571 4279 1744 4351 1864]

703 4364 759 4431 ²)
798 4362 850 4434 [ὃ
899 4367 931 4419 5
979 4366 1214 4422 duarum
1266 4367 1584 4422 litterarum
1640 4367 1769 4422 sede
1822 4371 2144 4436 permutata
2199 4364 2438 4421 efficitur
2490 4381 2696 4419 nomen
2751 4361 2952 4417 Graecae

790 4449 986 4506 formae
1027 4462 1326 4516 Καλλίνικος.
1387 4450 1559 4521 1864]
