<?xml version="1.0" encoding="UTF-8"?>
<!DOCTYPE html PUBLIC "-//W3C//DTD XHTML 1.0 Transitional//EN"
    "http://www.w3.org/TR/xhtml1/DTD/xhtml1-transitional.dtd">
<html xmlns="http://www.w3.org/1999/xhtml" xml:lang="en" lang="en">
 <head>
  <title>
</title>
<meta http-equiv="Content-Type" content="text/html;charset=utf-8" />
  <meta name='ocr-system' content='tesseract 3.04.00' />
  <meta name='ocr-capabilities' content='ocr_page ocr_carea ocr_par ocr_line ocrx_word'/>
</head>
<body>
  <div class='ocr_page' id='page_1' title='image "./emendationesliv03madvgoog_0620.png"; bbox 0 0 3230 5282; ppageno 0'>
   <div class='ocr_carea' id='block_1_1' title="bbox 614 603 1840 669">
    <p class='ocr_par' dir='ltr' id='par_1_1' title="bbox 614 603 1840 669">
     <span class='ocr_line' id='line_1_1' title="bbox 614 603 1840 669; baseline -0.004 0"><span class='ocrx_word' id='word_1_1' title='bbox 614 615 750 669; x_wconf 85' lang='lat' dir='ltr'><strong>Lib.</strong></span> <span class='ocrx_word' id='word_1_2' title='bbox 789 614 932 669; x_wconf 87' lang='lat' dir='ltr'>XLI.</span> <span class='ocrx_word' id='word_1_3' title='bbox 1716 603 1840 665; x_wconf 73' lang='lat'><strong>602</strong></span> 
     </span>
    </p>
   </div>
   <div class='ocr_carea' id='block_1_2' title="bbox 347 787 2937 2717">
    <p class='ocr_par' dir='ltr' id='par_1_2' title="bbox 347 787 2937 2284">
     <span class='ocr_line' id='line_1_2' title="bbox 621 787 2931 874; baseline -0 -21"><span class='ocrx_word' id='word_1_4' title='bbox 621 789 1186 870; x_wconf 87' lang='lat' dir='ltr'><strong>Histriamque</strong></span> <span class='ocrx_word' id='word_1_5' title='bbox 1248 788 2010 874; x_wconf 81' lang='lat' dir='ltr'><strong>suum)&#39;praesidium</strong></span> <span class='ocrx_word' id='word_1_6' title='bbox 2055 788 2445 853; x_wconf 84' lang='lat' dir='ltr'><strong>stativum</strong></span> <span class='ocrx_word' id='word_1_7' title='bbox 2489 787 2931 872; x_wconf 83' lang='lat' dir='ltr'><strong>repentina</strong></span> 
     </span>
     <span class='ocr_line' id='line_1_3' title="bbox 619 896 2937 982; baseline -0.001 -21"><span class='ocrx_word' id='word_1_8' title='bbox 619 896 921 963; x_wconf 82' lang='lat' dir='ltr'><strong>cohors</strong></span> <span class='ocrx_word' id='word_1_9' title='bbox 980 896 1462 963; x_wconf 87' lang='lat' dir='ltr'><strong>Placentina</strong></span> <span class='ocrx_word' id='word_1_10' title='bbox 1516 898 1907 982; x_wconf 89' lang='lat' dir='ltr'><strong>opposita</strong></span> <span class='ocrx_word' id='word_1_11' title='bbox 1960 898 2176 962; x_wconf 90' lang='lat' dir='ltr'><strong>inter</strong></span> <span class='ocrx_word' id='word_1_12' title='bbox 2232 917 2446 962; x_wconf 87' lang='lat' dir='ltr'><strong>mare</strong></span> <span class='ocrx_word' id='word_1_13' title='bbox 2502 903 2580 962; x_wconf 93' lang='lat' dir='ltr'><strong>et</strong></span> <span class='ocrx_word' id='word_1_14' title='bbox 2649 900 2937 961; x_wconf 83' lang='lat' dir='ltr'><strong>castra</strong></span> 
     </span>
     <span class='ocr_line' id='line_1_4' title="bbox 625 1004 2934 1090; baseline -0.001 -20"><span class='ocrx_word' id='word_1_15' title='bbox 625 1013 733 1085; x_wconf 87' lang='lat' dir='ltr'><strong>et,</strong></span> <span class='ocrx_word' id='word_1_16' title='bbox 791 1011 878 1070; x_wconf 85' lang='lat' dir='ltr'><strong>ut</strong></span> <span class='ocrx_word' id='word_1_17' title='bbox 944 1006 1154 1070; x_wconf 90' lang='lat' dir='ltr'><strong>idem</strong></span> <span class='ocrx_word' id='word_1_18' title='bbox 1221 1006 1768 1090; x_wconf 78' lang='lat' dir='ltr'><strong>aquatoribus</strong></span> <span class='ocrx_word' id='word_1_19' title='bbox 1825 1005 1925 1070; x_wconf 91' lang='lat' dir='ltr'><strong>ad</strong></span> <span class='ocrx_word' id='word_1_20' title='bbox 1981 1004 2319 1070; x_wconf 83' lang='lat' dir='ltr'><strong>fluvium</strong></span> <span class='ocrx_word' id='word_1_21' title='bbox 2375 1011 2591 1071; x_wconf 80' lang='lat' dir='ltr'><strong>esset</strong></span> <span class='ocrx_word' id='word_1_22' title='bbox 2646 1004 2934 1088; x_wconf 79' lang='lat' dir='ltr'><strong>praesi-</strong></span> 
     </span>
     <span class='ocr_line' id='line_1_5' title="bbox 629 1111 2933 1197; baseline -0.001 -19"><span class='ocrx_word' id='word_1_23' title='bbox 629 1113 857 1190; x_wconf 88' lang='lat' dir='ltr'><strong>dium,</strong></span> <span class='ocrx_word' id='word_1_24' title='bbox 904 1113 990 1179; x_wconf 90' lang='lat' dir='ltr'><strong>M.</strong></span> <span class='ocrx_word' id='word_1_25' title='bbox 1036 1113 1410 1179; x_wconf 85' lang='lat' dir='ltr'><strong>AEbutius</strong></span> <span class='ocrx_word' id='word_1_26' title='bbox 1455 1114 1643 1179; x_wconf 91' lang='lat' dir='ltr'><strong>trib.</strong></span> <span class='ocrx_word' id='word_1_27' title='bbox 1690 1115 1848 1179; x_wconf 92' lang='lat' dir='ltr'><strong>mil.</strong></span> <span class='ocrx_word' id='word_1_28' title='bbox 1907 1113 2282 1179; x_wconf 81' lang='lat' dir='ltr'><strong>secundae</strong></span> <span class='ocrx_word' id='word_1_29' title='bbox 2325 1113 2679 1197; x_wconf 79' lang='lat' dir='ltr'>legionis</span> <span class='ocrx_word' id='word_1_30' title='bbox 2727 1111 2933 1176; x_wconf 83' lang='lat' dir='ltr'><strong>duos</strong></span> 
     </span>
     <span class='ocr_line' id='line_1_6' title="bbox 617 1219 2927 1305; baseline -0.002 -18"><span class='ocrx_word' id='word_1_31' title='bbox 617 1223 1083 1305; x_wconf 88' lang='lat' dir='ltr'><strong>manipulos</strong></span> <span class='ocrx_word' id='word_1_32' title='bbox 1150 1223 1501 1287; x_wconf 90' lang='lat' dir='ltr'><strong>militum</strong></span> <span class='ocrx_word' id='word_1_33' title='bbox 1557 1223 1919 1288; x_wconf 87' lang='lat' dir='ltr'><strong>adiicere</strong></span> <span class='ocrx_word' id='word_1_34' title='bbox 1986 1223 2261 1288; x_wconf 89' lang='lat' dir='ltr'><strong>iussus</strong></span> <span class='ocrx_word' id='word_1_35' title='bbox 2329 1228 2469 1287; x_wconf 89' lang='lat' dir='ltr'><strong>est.</strong></span> <span class='ocrx_word' id='word_1_36' title='bbox 2558 1220 2704 1286; x_wconf 90' lang='lat' dir='ltr'><strong>Non</strong></span> <span class='ocrx_word' id='word_1_37' title='bbox 2748 1219 2927 1284; x_wconf 87' lang='lat' dir='ltr'><strong>idem</strong></span> 
     </span>
     <span class='ocr_line' id='line_1_7' title="bbox 627 1330 2929 1415; baseline -0.002 -19"><span class='ocrx_word' id='word_1_38' title='bbox 627 1332 751 1396; x_wconf 91' lang='lat' dir='ltr'><strong>hoc</strong></span> <span class='ocrx_word' id='word_1_39' title='bbox 785 1331 1161 1415; x_wconf 75' lang='lat' dir='ltr'><strong>praesidium</strong></span> <span class='ocrx_word' id='word_1_40' title='bbox 1194 1330 1396 1396; x_wconf 85' lang='lat' dir='ltr'><strong>fuisse</strong></span> <span class='ocrx_word' id='word_1_41' title='bbox 1430 1332 1621 1396; x_wconf 91' lang='lat' dir='ltr'><strong>unius</strong></span> <span class='ocrx_word' id='word_1_42' title='bbox 1658 1331 1803 1409; x_wconf 90' lang='lat' dir='ltr'><strong>loci,</strong></span> <span class='ocrx_word' id='word_1_43' title='bbox 1842 1330 1957 1396; x_wconf 90' lang='lat' dir='ltr'><strong>sed</strong></span> <span class='ocrx_word' id='word_1_44' title='bbox 1990 1331 2118 1396; x_wconf 90' lang='lat' dir='ltr'><strong>duo</strong></span> <span class='ocrx_word' id='word_1_45' title='bbox 2157 1330 2433 1409; x_wconf 82' lang='lat' dir='ltr'><strong>diversa,</strong></span> <span class='ocrx_word' id='word_1_46' title='bbox 2468 1335 2536 1395; x_wconf 90' lang='lat' dir='ltr'><strong>et</strong></span> <span class='ocrx_word' id='word_1_47' title='bbox 2567 1350 2672 1394; x_wconf 89' lang='lat' dir='ltr'><strong>res</strong></span> <span class='ocrx_word' id='word_1_48' title='bbox 2708 1333 2929 1393; x_wconf 87' lang='lat' dir='ltr'><strong>osten-</strong></span> 
     </span>
     <span class='ocr_line' id='line_1_8' title="bbox 629 1437 2927 1523; baseline -0.002 -18"><span class='ocrx_word' id='word_1_49' title='bbox 629 1441 725 1505; x_wconf 91' lang='lat' dir='ltr'><strong>dit</strong></span> <span class='ocrx_word' id='word_1_50' title='bbox 791 1439 1147 1522; x_wconf 89' lang='lat' dir='ltr'><strong>additaque</strong></span> <span class='ocrx_word' id='word_1_51' title='bbox 1212 1442 1510 1507; x_wconf 87' lang='lat' dir='ltr'><strong>locorum</strong></span> <span class='ocrx_word' id='word_1_52' title='bbox 1575 1441 1819 1504; x_wconf 84' lang='lat' dir='ltr'><strong>mentio</strong></span> <span class='ocrx_word' id='word_1_53' title='bbox 1887 1447 1954 1505; x_wconf 89' lang='lat' dir='ltr'><strong>et</strong></span> <span class='ocrx_word' id='word_1_54' title='bbox 2019 1439 2428 1523; x_wconf 81' lang='lat' dir='ltr'><strong>apertissime</strong></span> <span class='ocrx_word' id='word_1_55' title='bbox 2498 1437 2720 1503; x_wconf 81' lang='lat' dir='ltr'><strong>Livius</strong></span> <span class='ocrx_word' id='word_1_56' title='bbox 2786 1438 2927 1520; x_wconf 89' lang='lat' dir='ltr'><strong>ipse</strong></span> 
     </span>
     <span class='ocr_line' id='line_1_9' title="bbox 626 1545 2925 1633; baseline -0.002 -21"><span class='ocrx_word' id='word_1_57' title='bbox 626 1548 787 1612; x_wconf 85' lang='lat' dir='ltr'><strong>dicit</strong></span> <span class='ocrx_word' id='word_1_58' title='bbox 829 1550 1125 1633; x_wconf 81' lang='lat' dir='ltr'><strong>proximo</strong></span> <span class='ocrx_word' id='word_1_59' title='bbox 1172 1549 1388 1633; x_wconf 88' lang='lat' dir='ltr'><strong>capite</strong></span> <span class='ocrx_word' id='word_1_60' title='bbox 1434 1547 1496 1631; x_wconf 64' lang='grc' dir='ltr'><strong>(ἓ</strong></span> <span class='ocrx_word' id='word_1_61' title='bbox 1546 1548 1642 1629; x_wconf 86' lang='grc'><strong>3);</strong></span> <span class='ocrx_word' id='word_1_62' title='bbox 1691 1548 1842 1612; x_wconf 90' lang='lat' dir='ltr'><strong>duo</strong></span> <span class='ocrx_word' id='word_1_63' title='bbox 1889 1547 2125 1612; x_wconf 90' lang='lat' dir='ltr'><strong>simul</strong></span> <span class='ocrx_word' id='word_1_64' title='bbox 2159 1546 2563 1632; x_wconf 75' lang='lat' dir='ltr'><strong>praesidia,</strong></span> <span class='ocrx_word' id='word_1_65' title='bbox 2599 1545 2925 1610; x_wconf 89' lang='lat' dir='ltr'><strong>Placen-</strong></span> 
     </span>
     <span class='ocr_line' id='line_1_10' title="bbox 624 1653 2926 1740; baseline -0.002 -19"><span class='ocrx_word' id='word_1_66' title='bbox 624 1658 815 1721; x_wconf 87' lang='lat' dir='ltr'><strong>tinae</strong></span> <span class='ocrx_word' id='word_1_67' title='bbox 884 1657 1245 1722; x_wconf 82' lang='lat' dir='ltr'><strong>cohortis</strong></span> <span class='ocrx_word' id='word_1_68' title='bbox 1313 1664 1389 1721; x_wconf 91' lang='lat' dir='ltr'><strong>et</strong></span> <span class='ocrx_word' id='word_1_69' title='bbox 1454 1655 2050 1740; x_wconf 80' lang='lat' dir='ltr'><strong>manipulorum</strong></span> <span class='ocrx_word' id='word_1_70' title='bbox 2120 1655 2485 1721; x_wconf 84' lang='lat' dir='ltr'><strong>secundae</strong></span> <span class='ocrx_word' id='word_1_71' title='bbox 2542 1653 2926 1737; x_wconf 82' lang='lat' dir='ltr'><strong>legionis,</strong></span> 
     </span>
     <span class='ocr_line' id='line_1_11' title="bbox 621 1762 2926 1848; baseline -0.002 -18"><span class='ocrx_word' id='word_1_72' title='bbox 621 1766 1219 1848; x_wconf 82' lang='lat' dir='ltr'><strong>aggrediuntur</strong></span> <span class='ocrx_word' id='word_1_73' title='bbox 1287 1763 1429 1848; x_wconf 85' lang='lat' dir='ltr'><strong>(cfr.</strong></span> <span class='ocrx_word' id='word_1_74' title='bbox 1480 1786 1532 1829; x_wconf 87' lang='lat' dir='ltr'><strong>c.</strong></span> <span class='ocrx_word' id='word_1_75' title='bbox 1597 1770 1653 1844; x_wconf 83' lang='lat'><strong>7,</strong></span> <span class='ocrx_word' id='word_1_76' title='bbox 1702 1769 1738 1828; x_wconf 90' lang='grc'>9</span> <span class='ocrx_word' id='word_1_77' title='bbox 1787 1765 1865 1829; x_wconf 89' lang='lat' dir='ltr'><strong>de</strong></span> <span class='ocrx_word' id='word_1_78' title='bbox 1912 1765 2144 1830; x_wconf 88' lang='lat' dir='ltr'><strong>eadem</strong></span> <span class='ocrx_word' id='word_1_79' title='bbox 2186 1762 2319 1845; x_wconf 87' lang='lat' dir='ltr'><strong>re);</strong></span> <span class='ocrx_word' id='word_1_80' title='bbox 2378 1765 2599 1845; x_wconf 83' lang='lat' dir='ltr'><strong>itaque</strong></span> <span class='ocrx_word' id='word_1_81' title='bbox 2658 1762 2926 1827; x_wconf 83' lang='lat' dir='ltr'><strong>verbum</strong></span> 
     </span>
     <span class='ocr_line' id='line_1_12' title="bbox 626 1872 2926 1958; baseline -0.001 -20"><span class='ocrx_word' id='word_1_82' title='bbox 626 1874 991 1939; x_wconf 87' lang='lat' dir='ltr'><strong>adiicere</strong></span> <span class='ocrx_word' id='word_1_83' title='bbox 1037 1874 1351 1939; x_wconf 78' lang='lat' dir='ltr'><strong>inusitate</strong></span> <span class='ocrx_word' id='word_1_84' title='bbox 1407 1875 1699 1958; x_wconf 84' lang='lat' dir='ltr'><strong>positum</strong></span> <span class='ocrx_word' id='word_1_85' title='bbox 1754 1872 2235 1956; x_wconf 88' lang='lat' dir='ltr'><strong>reprehendere</strong></span> <span class='ocrx_word' id='word_1_86' title='bbox 2294 1874 2542 1936; x_wconf 92' lang='lat' dir='ltr'><strong>omitto.</strong></span> <span class='ocrx_word' id='word_1_87' title='bbox 2633 1872 2926 1955; x_wconf 79' lang='lat' dir='ltr'><strong>Apparet</strong></span> 
     </span>
     <span class='ocr_line' id='line_1_13' title="bbox 629 1981 2925 2067; baseline -0.002 -20"><span class='ocrx_word' id='word_1_88' title='bbox 629 1984 818 2063; x_wconf 90' lang='lat' dir='ltr'><strong>enim,</strong></span> <span class='ocrx_word' id='word_1_89' title='bbox 863 1983 1111 2065; x_wconf 90' lang='lat' dir='ltr'><strong>opinor,</strong></span> <span class='ocrx_word' id='word_1_90' title='bbox 1162 1983 1414 2047; x_wconf 83' lang='lat' dir='ltr'><strong>Livium</strong></span> <span class='ocrx_word' id='word_1_91' title='bbox 1462 1984 1556 2047; x_wconf 90' lang='lat' dir='ltr'><strong>sic</strong></span> <span class='ocrx_word' id='word_1_92' title='bbox 1598 1982 1736 2047; x_wconf 88' lang='lat' dir='ltr'><strong>fere</strong></span> <span class='ocrx_word' id='word_1_93' title='bbox 1773 1983 2140 2067; x_wconf 82' lang='lat' dir='ltr'><strong>scripsisse:</strong></span> <span class='ocrx_word' id='word_1_94' title='bbox 2193 1987 2288 2060; x_wconf 89' lang='lat' dir='ltr'><strong>et,</strong></span> <span class='ocrx_word' id='word_1_95' title='bbox 2335 1995 2424 2045; x_wconf 86' lang='lat' dir='ltr'><strong>ut</strong></span> <span class='ocrx_word' id='word_1_96' title='bbox 2468 1981 2642 2043; x_wconf 76' lang='lat' dir='ltr'><strong>lte·</strong></span> <span class='ocrx_word' id='word_1_97' title='bbox 2689 2001 2925 2063; x_wconf 87' lang='lat' dir='ltr'><strong>aqua-</strong></span> 
     </span>
     <span class='ocr_line' id='line_1_14' title="bbox 627 2088 2924 2174; baseline -0.001 -20"><span class='ocrx_word' id='word_1_98' title='bbox 627 2091 948 2155; x_wconf 90' lang='lat' dir='ltr'><strong>toribus</strong></span> <span class='ocrx_word' id='word_1_99' title='bbox 997 2091 1093 2155; x_wconf 92' lang='lat' dir='ltr'><strong>ad</strong></span> <span class='ocrx_word' id='word_1_100' title='bbox 1138 2089 1478 2155; x_wconf 82' lang='lat' dir='ltr'><strong>fluvium</strong></span> <span class='ocrx_word' id='word_1_101' title='bbox 1516 2098 1735 2156; x_wconf 87' lang='lat' dir='ltr'><strong>esset</strong></span> <span class='ocrx_word' id='word_1_102' title='bbox 1768 2089 2250 2174; x_wconf 77' lang='lat' dir='ltr'><strong>praesidium,</strong></span> <span class='ocrx_word' id='word_1_103' title='bbox 2295 2088 2381 2153; x_wconf 90' lang='lat' dir='ltr'><strong>M.</strong></span> <span class='ocrx_word' id='word_1_104' title='bbox 2418 2088 2796 2154; x_wconf 86' lang='lat' dir='ltr'><strong>AEbutius</strong></span> <span class='ocrx_word' id='word_1_105' title='bbox 2841 2122 2924 2131; x_wconf 96' lang='lat'>—</span> 
     </span>
     <span class='ocr_line' id='line_1_15' title="bbox 347 2195 2922 2284; baseline -0.002 -20"><span class='ocrx_word' id='word_1_106' title='bbox 347 2280 350 2284; x_wconf 18' lang='lat'>¹</span> <span class='ocrx_word' id='word_1_107' title='bbox 631 2199 832 2264; x_wconf 90' lang='lat' dir='ltr'><strong>duos</strong></span> <span class='ocrx_word' id='word_1_108' title='bbox 901 2200 1358 2283; x_wconf 90' lang='lat' dir='ltr'><strong>manipulos</strong></span> <span class='ocrx_word' id='word_1_109' title='bbox 1426 2199 1771 2263; x_wconf 84' lang='lat' dir='ltr'><strong>militum</strong></span> <span class='ocrx_word' id='word_1_110' title='bbox 1815 2218 1896 2260; x_wconf 80' lang='lat' dir='ltr'><strong>eo</strong></span> <span class='ocrx_word' id='word_1_111' title='bbox 1952 2199 2227 2261; x_wconf 74' lang='lat' dir='ltr'><strong>ducere</strong></span> <span class='ocrx_word' id='word_1_112' title='bbox 2284 2198 2565 2262; x_wconf 89' lang='lat' dir='ltr'><strong>iussus</strong></span> <span class='ocrx_word' id='word_1_113' title='bbox 2623 2203 2776 2275; x_wconf 89' lang='lat' dir='ltr'><strong>est;</strong></span> <span class='ocrx_word' id='word_1_114' title='bbox 2845 2195 2922 2259; x_wconf 89' lang='lat' dir='ltr'><strong>de</strong></span> 
     </span>
    </p>

    <p class='ocr_par' dir='ltr' id='par_1_3' title="bbox 444 2303 2925 2717">
     <span class='ocr_line' id='line_1_16' title="bbox 444 2303 2925 2389; baseline -0 -20"><span class='ocrx_word' id='word_1_115' title='bbox 444 2313 599 2384; x_wconf 78' lang='lat'>(494)</span> <span class='ocrx_word' id='word_1_116' title='bbox 639 2306 986 2371; x_wconf 89' lang='lat' dir='ltr'><strong>ducendi</strong></span> <span class='ocrx_word' id='word_1_117' title='bbox 1053 2307 1249 2372; x_wconf 85' lang='lat' dir='ltr'><strong>verbo</strong></span> <span class='ocrx_word' id='word_1_118' title='bbox 1304 2307 1485 2372; x_wconf 88' lang='lat' dir='ltr'><strong>nulla</strong></span> <span class='ocrx_word' id='word_1_119' title='bbox 1540 2314 1642 2372; x_wconf 87' lang='lat' dir='ltr'><strong>est</strong></span> <span class='ocrx_word' id='word_1_120' title='bbox 1710 2305 2128 2388; x_wconf 87' lang='lat' dir='ltr'><strong>dubitatio.¹)</strong></span> <span class='ocrx_word' id='word_1_121' title='bbox 2217 2306 2525 2389; x_wconf 82' lang='lat' dir='ltr'><strong>Sequitur</strong></span> <span class='ocrx_word' id='word_1_122' title='bbox 2571 2304 2651 2370; x_wconf 90' lang='lat' dir='ltr'><strong>de</strong></span> <span class='ocrx_word' id='word_1_123' title='bbox 2701 2303 2925 2382; x_wconf 84' lang='lat' dir='ltr'><strong>Gallis,</strong></span> 
     </span>
     <span class='ocr_line' id='line_1_17' title="bbox 628 2413 2923 2500; baseline -0.001 -21"><span class='ocrx_word' id='word_1_124' title='bbox 628 2416 740 2497; x_wconf 90' lang='lat' dir='ltr'><strong>qui</strong></span> <span class='ocrx_word' id='word_1_125' title='bbox 783 2414 1083 2480; x_wconf 86' lang='lat' dir='ltr'><strong>Romana</strong></span> <span class='ocrx_word' id='word_1_126' title='bbox 1128 2421 1351 2480; x_wconf 84' lang='lat' dir='ltr'><strong>castra</strong></span> <span class='ocrx_word' id='word_1_127' title='bbox 1407 2415 1855 2500; x_wconf 85' lang='lat' dir='ltr'><strong>sequebantur</strong></span> <span class='ocrx_word' id='word_1_128' title='bbox 1900 2413 2103 2498; x_wconf 25' lang='lat'><strong>(§,8):</strong></span> <span class='ocrx_word' id='word_1_129' title='bbox 2152 2413 2557 2479; x_wconf 88' lang='lat' dir='ltr'><strong>Catmelus</strong></span> <span class='ocrx_word' id='word_1_130' title='bbox 2616 2435 2756 2497; x_wconf 87' lang='lat' dir='ltr'><strong>pro</strong></span> <span class='ocrx_word' id='word_1_131' title='bbox 2801 2434 2923 2477; x_wconf 90' lang='lat' dir='ltr'><strong>re-</strong></span> 
     </span>
     <span class='ocr_line' id='line_1_18' title="bbox 626 2522 2921 2607; baseline -0 -21"><span class='ocrx_word' id='word_1_132' title='bbox 626 2524 814 2606; x_wconf 89' lang='lat' dir='ltr'><strong>gulo</strong></span> <span class='ocrx_word' id='word_1_133' title='bbox 884 2530 1067 2588; x_wconf 87' lang='lat' dir='ltr'><strong>erat</strong></span> <span class='ocrx_word' id='word_1_134' title='bbox 1119 2523 1393 2588; x_wconf 87' lang='lat' dir='ltr'><strong>tribus</strong></span> <span class='ocrx_word' id='word_1_135' title='bbox 1462 2523 1676 2588; x_wconf 87' lang='lat' dir='ltr'><strong>haud</strong></span> <span class='ocrx_word' id='word_1_136' title='bbox 1736 2523 2085 2607; x_wconf 87' lang='lat' dir='ltr'><strong>amplius</strong></span> <span class='ocrx_word' id='word_1_137' title='bbox 2144 2522 2509 2587; x_wconf 87' lang='lat' dir='ltr'><strong>millibus</strong></span> <span class='ocrx_word' id='word_1_138' title='bbox 2556 2528 2921 2586; x_wconf 87' lang='lat' dir='ltr'><strong>armato-</strong></span> 
     </span>
     <span class='ocr_line' id='line_1_19' title="bbox 625 2630 2924 2717; baseline -0.001 -19"><span class='ocrx_word' id='word_1_139' title='bbox 625 2654 812 2698; x_wconf 89' lang='lat' dir='ltr'><strong>rum.</strong></span> <span class='ocrx_word' id='word_1_140' title='bbox 902 2630 1159 2712; x_wconf 89' lang='lat' dir='ltr'><strong>Mirum,</strong></span> <span class='ocrx_word' id='word_1_141' title='bbox 1205 2653 1321 2697; x_wconf 87' lang='lat' dir='ltr'><strong>cur</strong></span> <span class='ocrx_word' id='word_1_142' title='bbox 1365 2654 1484 2717; x_wconf 88' lang='lat' dir='ltr'><strong>pro</strong></span> <span class='ocrx_word' id='word_1_143' title='bbox 1528 2654 1682 2715; x_wconf 85' lang='lat' dir='ltr'><strong>rege</strong></span> <span class='ocrx_word' id='word_1_144' title='bbox 1730 2632 1988 2698; x_wconf 86' lang='lat' dir='ltr'><strong>dicatur</strong></span> <span class='ocrx_word' id='word_1_145' title='bbox 2033 2631 2254 2712; x_wconf 85' lang='lat' dir='ltr'><strong>fuisse,</strong></span> <span class='ocrx_word' id='word_1_146' title='bbox 2302 2653 2433 2697; x_wconf 91' lang='lat' dir='ltr'><strong>non</strong></span> <span class='ocrx_word' id='word_1_147' title='bbox 2474 2653 2620 2711; x_wconf 83' lang='lat' dir='ltr'><strong>rex3</strong></span> <span class='ocrx_word' id='word_1_148' title='bbox 2668 2630 2924 2696; x_wconf 89' lang='lat' dir='ltr'><strong>inaudi-</strong></span> 
     </span>
    </p>
   </div>
   <div class='ocr_carea' id='block_1_3' title="bbox 623 2739 3053 2826">
    <p class='ocr_par' dir='ltr' id='par_1_4' title="bbox 623 2739 3053 2826">
     <span class='ocr_line' id='line_1_20' title="bbox 623 2739 3053 2826; baseline -0 -20"><span class='ocrx_word' id='word_1_149' title='bbox 623 2749 767 2807; x_wconf 90' lang='lat' dir='ltr'><strong>tum</strong></span> <span class='ocrx_word' id='word_1_150' title='bbox 810 2742 879 2805; x_wconf 92' lang='lat' dir='ltr'><strong>in</strong></span> <span class='ocrx_word' id='word_1_151' title='bbox 922 2740 1048 2807; x_wconf 89' lang='lat' dir='ltr'><strong>boc</strong></span> <span class='ocrx_word' id='word_1_152' title='bbox 1116 2740 1375 2806; x_wconf 90' lang='lat' dir='ltr'><strong>dicendi</strong></span> <span class='ocrx_word' id='word_1_153' title='bbox 1439 2762 1676 2826; x_wconf 85' lang='lat' dir='ltr'><strong>genere</strong></span> <span class='ocrx_word' id='word_1_154' title='bbox 1745 2741 2216 2806; x_wconf 79' lang='lat' dir='ltr'><strong>deminutivum</strong></span> <span class='ocrx_word' id='word_1_155' title='bbox 2283 2739 2671 2805; x_wconf 80' lang='lat' dir='ltr'><strong>vocabulum</strong></span> <span class='ocrx_word' id='word_1_156' title='bbox 2719 2740 2923 2821; x_wconf 90' lang='lat' dir='ltr'><strong>(esse</strong></span> <span class='ocrx_word' id='word_1_157' title='bbox 3044 2790 3053 2795; x_wconf 85' lang='lat'><strong>.</strong></span> 
     </span>
    </p>
   </div>
   <div class='ocr_carea' id='block_1_4' title="bbox 613 2848 2924 4343">
    <p class='ocr_par' dir='ltr' id='par_1_5' title="bbox 613 2848 2924 4017">
     <span class='ocr_line' id='line_1_21' title="bbox 623 2848 2924 2935; baseline -0 -21"><span class='ocrx_word' id='word_1_158' title='bbox 623 2872 765 2935; x_wconf 90' lang='lat' dir='ltr'><strong>pro</strong></span> <span class='ocrx_word' id='word_1_159' title='bbox 811 2849 1159 2933; x_wconf 88' lang='lat' dir='ltr'><strong>regulo);</strong></span> <span class='ocrx_word' id='word_1_160' title='bbox 1204 2851 1368 2931; x_wconf 88' lang='lat' dir='ltr'><strong>mire</strong></span> <span class='ocrx_word' id='word_1_161' title='bbox 1428 2851 1627 2915; x_wconf 87' lang='lat' dir='ltr'><strong>etiam</strong></span> <span class='ocrx_word' id='word_1_162' title='bbox 1674 2848 2007 2915; x_wconf 87' lang='lat' dir='ltr'><strong>Catmelus</strong></span> <span class='ocrx_word' id='word_1_163' title='bbox 2063 2856 2243 2914; x_wconf 90' lang='lat' dir='ltr'><strong>certo</strong></span> <span class='ocrx_word' id='word_1_164' title='bbox 2288 2869 2560 2914; x_wconf 87' lang='lat' dir='ltr'><strong>numero</strong></span> <span class='ocrx_word' id='word_1_165' title='bbox 2605 2871 2728 2931; x_wconf 88' lang='lat' dir='ltr'><strong>pro</strong></span> <span class='ocrx_word' id='word_1_166' title='bbox 2772 2869 2924 2930; x_wconf 85' lang='lat' dir='ltr'><strong>rege</strong></span> 
     </span>
     <span class='ocr_line' id='line_1_22' title="bbox 621 2957 2924 3041; baseline -0.003 -16"><span class='ocrx_word' id='word_1_167' title='bbox 621 2960 820 3025; x_wconf 85' lang='lat' dir='ltr'><strong>fuisse</strong></span> <span class='ocrx_word' id='word_1_168' title='bbox 870 2959 1128 3024; x_wconf 88' lang='lat' dir='ltr'><strong>dicitur.</strong></span> <span class='ocrx_word' id='word_1_169' title='bbox 1220 2959 1442 3024; x_wconf 80' lang='lat' dir='ltr'><strong>Livius</strong></span> <span class='ocrx_word' id='word_1_170' title='bbox 1489 2959 1872 3041; x_wconf 84' lang='lat' dir='ltr'><strong>scripserat:</strong></span> <span class='ocrx_word' id='word_1_171' title='bbox 1924 2957 2333 3022; x_wconf 85' lang='lat' dir='ltr'><strong>Catmelus</strong></span> <span class='ocrx_word' id='word_1_172' title='bbox 2390 2957 2700 3038; x_wconf 70' lang='lat' dir='ltr'><strong>regulus</strong></span> <span class='ocrx_word' id='word_1_173' title='bbox 2746 2977 2924 3038; x_wconf 66' lang='grc' dir='ltr'><strong>με·</strong></span> 
     </span>
     <span class='ocr_line' id='line_1_23' title="bbox 620 3066 2922 3151; baseline 0 -21"><span class='ocrx_word' id='word_1_174' title='bbox 620 3075 789 3131; x_wconf 74' lang='lat' dir='ltr'><strong>erat</strong></span> <span class='ocrx_word' id='word_1_175' title='bbox 844 3068 1116 3133; x_wconf 88' lang='lat' dir='ltr'><strong>tribus</strong></span> <span class='ocrx_word' id='word_1_176' title='bbox 1171 3066 1383 3132; x_wconf 88' lang='lat' dir='ltr'><strong>haud</strong></span> <span class='ocrx_word' id='word_1_177' title='bbox 1440 3067 1788 3151; x_wconf 89' lang='lat' dir='ltr'><strong>amplius</strong></span> <span class='ocrx_word' id='word_1_178' title='bbox 1836 3089 1918 3130; x_wconf 89' lang='lat' dir='ltr'><strong>m.</strong></span> <span class='ocrx_word' id='word_1_179' title='bbox 1967 3087 2024 3130; x_wconf 88' lang='lat' dir='ltr'><strong>a.</strong></span> <span class='ocrx_word' id='word_1_180' title='bbox 2115 3067 2191 3131; x_wconf 92' lang='lat' dir='ltr'><strong>Id</strong></span> <span class='ocrx_word' id='word_1_181' title='bbox 2239 3073 2621 3149; x_wconf 87' lang='lat' dir='ltr'><strong>corruptum</strong></span> <span class='ocrx_word' id='word_1_182' title='bbox 2668 3074 2771 3131; x_wconf 90' lang='lat' dir='ltr'><strong>est</strong></span> <span class='ocrx_word' id='word_1_183' title='bbox 2814 3088 2922 3131; x_wconf 90' lang='lat' dir='ltr'><strong>eo-</strong></span> 
     </span>
     <span class='ocr_line' id='line_1_24' title="bbox 621 3174 2920 3259; baseline -0.001 -18"><span class='ocrx_word' id='word_1_184' title='bbox 621 3178 774 3241; x_wconf 89' lang='lat' dir='ltr'><strong>dem</strong></span> <span class='ocrx_word' id='word_1_185' title='bbox 840 3176 1056 3255; x_wconf 92' lang='lat' dir='ltr'><strong>modo,</strong></span> <span class='ocrx_word' id='word_1_186' title='bbox 1124 3196 1253 3257; x_wconf 91' lang='lat' dir='ltr'><strong>quo</strong></span> <span class='ocrx_word' id='word_1_187' title='bbox 1299 3174 1523 3254; x_wconf 90' lang='lat' dir='ltr'><strong>XLIV,</strong></span> <span class='ocrx_word' id='word_1_188' title='bbox 1572 3180 1671 3255; x_wconf 89' lang='lat'><strong>36,</strong></span> <span class='ocrx_word' id='word_1_189' title='bbox 1724 3179 1798 3239; x_wconf 89' lang='lat'><strong>13</strong></span> <span class='ocrx_word' id='word_1_190' title='bbox 1847 3175 2186 3240; x_wconf 90' lang='lat' dir='ltr'><strong>scribitur:</strong></span> <span class='ocrx_word' id='word_1_191' title='bbox 2258 3176 2390 3259; x_wconf 92' lang='lat' dir='ltr'><strong>qui</strong></span> <span class='ocrx_word' id='word_1_192' title='bbox 2445 3174 2686 3239; x_wconf 91' lang='lat' dir='ltr'><strong>hodie</strong></span> <span class='ocrx_word' id='word_1_193' title='bbox 2746 3195 2920 3240; x_wconf 90' lang='lat' dir='ltr'><strong>esse</strong></span> 
     </span>
     <span class='ocr_line' id='line_1_25' title="bbox 617 3282 2921 3372; baseline -0.001 -23"><span class='ocrx_word' id='word_1_194' title='bbox 617 3307 775 3369; x_wconf 87' lang='lat' dir='ltr'><strong>pro:</strong></span> <span class='ocrx_word' id='word_1_195' title='bbox 824 3284 1062 3350; x_wconf 88' lang='lat' dir='ltr'><strong>hodie</strong></span> <span class='ocrx_word' id='word_1_196' title='bbox 1109 3284 1433 3367; x_wconf 89' lang='lat' dir='ltr'><strong>quiesse</strong></span> <span class='ocrx_word' id='word_1_197' title='bbox 1494 3283 1645 3365; x_wconf 84' lang='lat' dir='ltr'><strong>(vid.</strong></span> <span class='ocrx_word' id='word_1_198' title='bbox 1693 3307 1755 3368; x_wconf 91' lang='lat' dir='ltr'><strong>p.</strong></span> <span class='ocrx_word' id='word_1_199' title='bbox 1803 3283 1975 3365; x_wconf 80' lang='lat'>492).</span> <span class='ocrx_word' id='word_1_200' title='bbox 2066 3282 2406 3372; x_wconf 77' lang='lat' dir='ltr'><strong>Librarius</strong></span> <span class='ocrx_word' id='word_1_201' title='bbox 2465 3285 2665 3361; x_wconf 87' lang='lat' dir='ltr'><strong>enim,</strong></span> <span class='ocrx_word' id='word_1_202' title='bbox 2728 3304 2921 3366; x_wconf 90' lang='lat' dir='ltr'><strong>quum</strong></span> 
     </span>
     <span class='ocr_line' id='line_1_26' title="bbox 621 3391 2922 3477; baseline -0 -21"><span class='ocrx_word' id='word_1_203' title='bbox 621 3395 926 3477; x_wconf 87' lang='lat' dir='ltr'><strong>primum,</strong></span> <span class='ocrx_word' id='word_1_204' title='bbox 984 3393 1227 3457; x_wconf 91' lang='lat' dir='ltr'><strong>omisso</strong></span> <span class='ocrx_word' id='word_1_205' title='bbox 1284 3391 1647 3473; x_wconf 82' lang='lat' dir='ltr'><strong>regulus,</strong></span> <span class='ocrx_word' id='word_1_206' title='bbox 1707 3392 1953 3475; x_wconf 87' lang='lat' dir='ltr'><strong>primas</strong></span> <span class='ocrx_word' id='word_1_207' title='bbox 2018 3392 2280 3457; x_wconf 83' lang='lat' dir='ltr'><strong>litteras</strong></span> <span class='ocrx_word' id='word_1_208' title='bbox 2339 3392 2521 3457; x_wconf 87' lang='lat' dir='ltr'><strong>verbi</strong></span> <span class='ocrx_word' id='word_1_209' title='bbox 2577 3399 2922 3475; x_wconf 81' lang='lat' dir='ltr'><strong>praeerat</strong></span> 
     </span>
     <span class='ocr_line' id='line_1_27' title="bbox 620 3499 2919 3583; baseline -0.001 -18"><span class='ocrx_word' id='word_1_210' title='bbox 620 3502 1011 3583; x_wconf 84' lang='lat' dir='ltr'><strong>scripsisset,</strong></span> <span class='ocrx_word' id='word_1_211' title='bbox 1048 3499 1497 3564; x_wconf 79' lang='lat' dir='ltr'><strong>animadverso</strong></span> <span class='ocrx_word' id='word_1_212' title='bbox 1547 3521 1784 3579; x_wconf 89' lang='lat' dir='ltr'><strong>errore,</strong></span> <span class='ocrx_word' id='word_1_213' title='bbox 1818 3500 2146 3583; x_wconf 86' lang='lat' dir='ltr'><strong>regulus</strong></span> <span class='ocrx_word' id='word_1_214' title='bbox 2182 3501 2609 3583; x_wconf 75' lang='lat' dir='ltr'><strong>interposuit:</strong></span> <span class='ocrx_word' id='word_1_215' title='bbox 2658 3521 2739 3564; x_wconf 86' lang='lat' dir='ltr'><strong>ex</strong></span> <span class='ocrx_word' id='word_1_216' title='bbox 2771 3499 2919 3564; x_wconf 89' lang='lat' dir='ltr'><strong>hoc:</strong></span> 
     </span>
     <span class='ocr_line' id='line_1_28' title="bbox 620 3607 2915 3699; baseline -0 -27"><span class='ocrx_word' id='word_1_217' title='bbox 620 3630 775 3691; x_wconf 82' lang='lat' dir='ltr'><strong>prae</strong></span> <span class='ocrx_word' id='word_1_218' title='bbox 819 3608 1147 3691; x_wconf 87' lang='lat' dir='ltr'><strong>regulus</strong></span> <span class='ocrx_word' id='word_1_219' title='bbox 1195 3614 1369 3699; x_wconf 86' lang='lat' dir='ltr'><strong>erat</strong></span> <span class='ocrx_word' id='word_1_220' title='bbox 1411 3607 1657 3673; x_wconf 87' lang='lat' dir='ltr'><strong>factum</strong></span> <span class='ocrx_word' id='word_1_221' title='bbox 1704 3608 2015 3688; x_wconf 85' lang='lat' dir='ltr'><strong>(fortasse</strong></span> <span class='ocrx_word' id='word_1_222' title='bbox 2052 3630 2114 3680; x_wconf 77' lang='lat' dir='ltr'><strong>,a</strong></span> <span class='ocrx_word' id='word_1_223' title='bbox 2179 3608 2514 3692; x_wconf 81' lang='lat' dir='ltr'><strong>Grynaeo):</strong></span> <span class='ocrx_word' id='word_1_224' title='bbox 2582 3630 2723 3691; x_wconf 90' lang='lat' dir='ltr'><strong>pro</strong></span> <span class='ocrx_word' id='word_1_225' title='bbox 2789 3628 2915 3671; x_wconf 88' lang='lat' dir='ltr'><strong>re-</strong></span> 
     </span>
     <span class='ocr_line' id='line_1_29' title="bbox 614 3715 2913 3801; baseline 0 -22"><span class='ocrx_word' id='word_1_226' title='bbox 614 3716 806 3799; x_wconf 83' lang='lat' dir='ltr'><strong>gulo</strong></span> <span class='ocrx_word' id='word_1_227' title='bbox 874 3724 1072 3781; x_wconf 88' lang='lat' dir='ltr'><strong>erat.</strong></span> <span class='ocrx_word' id='word_1_228' title='bbox 1179 3715 1429 3798; x_wconf 89' lang='lat' dir='ltr'><strong>(XLIV,</strong></span> <span class='ocrx_word' id='word_1_229' title='bbox 1501 3721 1603 3795; x_wconf 87' lang='lat'><strong>41,</strong></span> <span class='ocrx_word' id='word_1_230' title='bbox 1685 3723 1725 3780; x_wconf 89' lang='grc'>4</span> <span class='ocrx_word' id='word_1_231' title='bbox 1791 3716 2103 3781; x_wconf 88' lang='lat' dir='ltr'><strong>librarius</strong></span> <span class='ocrx_word' id='word_1_232' title='bbox 2170 3717 2310 3801; x_wconf 85' lang='lat' dir='ltr'><strong>ipse</strong></span> <span class='ocrx_word' id='word_1_233' title='bbox 2398 3737 2518 3800; x_wconf 88' lang='lat' dir='ltr'><strong>pro</strong></span> <span class='ocrx_word' id='word_1_234' title='bbox 2597 3723 2913 3782; x_wconf 86' lang='lat' dir='ltr'><strong>tantum</strong></span> 
     </span>
     <span class='ocr_line' id='line_1_30' title="bbox 622 3824 2908 3909; baseline -0.001 -20"><span class='ocrx_word' id='word_1_235' title='bbox 622 3825 795 3889; x_wconf 90' lang='lat' dir='ltr'><strong>sine</strong></span> <span class='ocrx_word' id='word_1_236' title='bbox 864 3826 1126 3909; x_wconf 86' lang='lat' dir='ltr'><strong>scripsit</strong></span> <span class='ocrx_word' id='word_1_237' title='bbox 1191 3826 1361 3890; x_wconf 89' lang='lat' dir='ltr'><strong>sine</strong></span> <span class='ocrx_word' id='word_1_238' title='bbox 1429 3831 1608 3889; x_wconf 87' lang='lat' dir='ltr'><strong>tant</strong></span> <span class='ocrx_word' id='word_1_239' title='bbox 1633 3846 1700 3905; x_wconf 85' lang='lat'><strong>03</strong></span> <span class='ocrx_word' id='word_1_240' title='bbox 1767 3824 2343 3908; x_wconf 88' lang='lat' dir='ltr'><strong>transpositionem</strong></span> <span class='ocrx_word' id='word_1_241' title='bbox 2410 3833 2637 3889; x_wconf 89' lang='lat' dir='ltr'><strong>secuta</strong></span> <span class='ocrx_word' id='word_1_242' title='bbox 2703 3831 2908 3889; x_wconf 87' lang='lat' dir='ltr'><strong>muta-</strong></span> 
     </span>
     <span class='ocr_line' id='line_1_31' title="bbox 613 3932 2640 4017; baseline 0 -19"><span class='ocrx_word' id='word_1_243' title='bbox 613 3933 714 3999; x_wconf 82' lang='lat' dir='ltr'><strong>tio</strong></span> <span class='ocrx_word' id='word_1_244' title='bbox 761 3933 909 4016; x_wconf 89' lang='lat' dir='ltr'><strong>est.)</strong></span> <span class='ocrx_word' id='word_1_245' title='bbox 1001 3932 1389 4017; x_wconf 85' lang='lat' dir='ltr'><strong>[Praeerat</strong></span> <span class='ocrx_word' id='word_1_246' title='bbox 1433 3934 1565 3997; x_wconf 89' lang='lat' dir='ltr'><strong>iam</strong></span> <span class='ocrx_word' id='word_1_247' title='bbox 1609 3932 1930 4015; x_wconf 71' lang='lat' dir='ltr'><strong>Rupertio</strong></span> <span class='ocrx_word' id='word_1_248' title='bbox 1976 3933 2041 3996; x_wconf 89' lang='lat' dir='ltr'><strong>in</strong></span> <span class='ocrx_word' id='word_1_249' title='bbox 2087 3940 2374 3998; x_wconf 90' lang='lat' dir='ltr'><strong>mentem</strong></span> <span class='ocrx_word' id='word_1_250' title='bbox 2417 3932 2640 4014; x_wconf 42' lang='lat' dir='ltr'><strong>venit]</strong></span> 
     </span>
    </p>

    <p class='ocr_par' dir='ltr' id='par_1_6' title="bbox 615 4038 2915 4343">
     <span class='ocr_line' id='line_1_32' title="bbox 792 4038 2908 4125; baseline 0 -20"><span class='ocrx_word' id='word_1_251' title='bbox 792 4038 950 4125; x_wconf 88' lang='lat' dir='ltr'><strong>Cap.</strong></span> <span class='ocrx_word' id='word_1_252' title='bbox 998 4046 1055 4121; x_wconf 83' lang='lat'><strong>2,</strong></span> <span class='ocrx_word' id='word_1_253' title='bbox 1102 4046 1139 4107; x_wconf 89' lang='grc'>8</span> <span class='ocrx_word' id='word_1_254' title='bbox 1210 4042 1314 4121; x_wconf 91' lang='lat' dir='ltr'><strong>(de</strong></span> <span class='ocrx_word' id='word_1_255' title='bbox 1380 4041 1537 4124; x_wconf 85' lang='lat' dir='ltr'><strong>fuga</strong></span> <span class='ocrx_word' id='word_1_256' title='bbox 1601 4040 2047 4105; x_wconf 86' lang='lat' dir='ltr'><strong>Romanorum</strong></span> <span class='ocrx_word' id='word_1_257' title='bbox 2093 4062 2128 4105; x_wconf 93' lang='lat' dir='ltr'><strong>e</strong></span> <span class='ocrx_word' id='word_1_258' title='bbox 2173 4043 2414 4106; x_wconf 88' lang='lat' dir='ltr'><strong>castris</strong></span> <span class='ocrx_word' id='word_1_259' title='bbox 2474 4043 2541 4105; x_wconf 91' lang='lat' dir='ltr'><strong>in</strong></span> <span class='ocrx_word' id='word_1_260' title='bbox 2599 4041 2908 4121; x_wconf 78' lang='lat' dir='ltr'><strong>Histria):</strong></span> 
     </span>
     <span class='ocr_line' id='line_1_33' title="bbox 617 4149 2911 4234; baseline -0 -21"><span class='ocrx_word' id='word_1_261' title='bbox 617 4149 911 4231; x_wconf 88' lang='lat' dir='ltr'><strong>Itaque</strong></span> <span class='ocrx_word' id='word_1_262' title='bbox 956 4152 1244 4234; x_wconf 91' lang='lat' dir='ltr'><strong>primo,</strong></span> <span class='ocrx_word' id='word_1_263' title='bbox 1291 4149 1516 4215; x_wconf 86' lang='lat' dir='ltr'><strong>velut</strong></span> <span class='ocrx_word' id='word_1_264' title='bbox 1560 4150 1769 4214; x_wconf 90' lang='lat' dir='ltr'><strong>iussi</strong></span> <span class='ocrx_word' id='word_1_265' title='bbox 1812 4149 1891 4213; x_wconf 91' lang='lat' dir='ltr'><strong>id</strong></span> <span class='ocrx_word' id='word_1_266' title='bbox 1948 4149 2251 4229; x_wconf 85' lang='lat' dir='ltr'><strong>facere,</strong></span> <span class='ocrx_word' id='word_1_267' title='bbox 2307 4151 2543 4233; x_wconf 88' lang='lat' dir='ltr'><strong>pauci</strong></span> <span class='ocrx_word' id='word_1_268' title='bbox 2591 4150 2911 4227; x_wconf 88' lang='lat' dir='ltr'><strong>armati,</strong></span> 
     </span>
     <span class='ocr_line' id='line_1_34' title="bbox 615 4247 2915 4343; baseline -0.001 -20"><span class='ocrx_word' id='word_1_269' title='bbox 615 4259 871 4323; x_wconf 89' lang='lat' dir='ltr'><strong>maior</strong></span> <span class='ocrx_word' id='word_1_270' title='bbox 923 4280 1110 4343; x_wconf 88' lang='lat' dir='ltr'><strong>pars</strong></span> <span class='ocrx_word' id='word_1_271' title='bbox 1176 4247 1552 4338; x_wconf 77' lang='lat' dir='ltr'><strong>inerme8‚</strong></span> <span class='ocrx_word' id='word_1_272' title='bbox 1623 4257 1719 4322; x_wconf 89' lang='lat' dir='ltr'><strong>ad</strong></span> <span class='ocrx_word' id='word_1_273' title='bbox 1773 4279 1982 4322; x_wconf 89' lang='lat' dir='ltr'><strong>mare</strong></span> <span class='ocrx_word' id='word_1_274' title='bbox 2052 4256 2515 4323; x_wconf 88' lang='lat' dir='ltr'><strong>decurrunt.</strong></span> <span class='ocrx_word' id='word_1_275' title='bbox 2607 4258 2766 4323; x_wconf 85' lang='lat' dir='ltr'><strong>Haec</strong></span> <span class='ocrx_word' id='word_1_276' title='bbox 2822 4257 2915 4322; x_wconf 88' lang='lat' dir='ltr'><strong>sic</strong></span> 
     </span>
    </p>
   </div>
   <div class='ocr_carea' id='block_1_5' title="bbox 623 4411 1078 4422">
    <p class='ocr_par' dir='ltr' id='par_1_7' title="bbox 623 4411 1078 4422">
     <span class='ocr_line' id='line_1_35' title="bbox 623 4411 1078 4422; baseline 0 860"><span class='ocrx_word' id='word_1_277' title='bbox 623 4411 1078 4422; x_wconf 95' lang='lat' dir='ltr'><strong> </strong></span> 
     </span>
    </p>
   </div>
   <div class='ocr_carea' id='block_1_6' title="bbox 671 4478 1999 4549">
    <p class='ocr_par' dir='ltr' id='par_1_8' title="bbox 671 4478 1999 4549">
     <span class='ocr_line' id='line_1_36' title="bbox 671 4478 1999 4549; baseline -0.001 -14"><span class='ocrx_word' id='word_1_278' title='bbox 671 4479 716 4543; x_wconf 87' lang='lat'><strong>¹)</strong></span> <span class='ocrx_word' id='word_1_279' title='bbox 756 4478 956 4548; x_wconf 90' lang='lat' dir='ltr'><strong>[Simili</strong></span> <span class='ocrx_word' id='word_1_280' title='bbox 991 4480 1317 4535; x_wconf 80' lang='lat' dir='ltr'><strong>coniectura</strong></span> <span class='ocrx_word' id='word_1_281' title='bbox 1351 4479 1659 4534; x_wconf 80' lang='lat' dir='ltr'><strong>Weissenb.</strong></span> <span class='ocrx_word' id='word_1_282' title='bbox 1700 4497 1835 4535; x_wconf 80' lang='lat' dir='ltr'><strong>usus</strong></span> <span class='ocrx_word' id='word_1_283' title='bbox 1874 4478 1999 4549; x_wconf 63' lang='lat' dir='ltr'><strong>est]</strong></span> 
     </span>
    </p>
   </div>
  </div>
 </body>
</html>
