3230 5282
1363 578 1485 637 223
2349 589 2472 643 Lib.
2511 587 2575 640 X.

301 761 401 824 sed
451 781 647 825 naves
696 760 863 840 (tum
910 759 1149 843 ipsum)
1198 762 1556 843 circumagi
1601 768 1671 825 et
1715 762 2069 844 circumagi
2113 762 2179 826 in
2227 762 2579 826 stationem

298 876 484 933 tutam
523 868 728 951 (quod
776 867 855 932 de
901 868 1136 932 alienis
1181 868 1457 933 navibus
1493 892 1729 953 parum
1766 870 2059 934 curaturi
2097 868 2329 949 erant),
2378 890 2578 950 quum
2639 889 2653 902 ⁶

297 976 492 1040 Livius
546 977 684 1060 ipse
744 981 898 1059 post
953 974 1015 1057 (ξ
1080 974 1184 1057 12)
1242 976 1597 1059 significet,
1669 977 1935 1042 illorum
1993 977 2285 1042 locorum
2331 977 2579 1041 incolas

293 1083 487 1147 nullas
531 1083 841 1148 habuisse
886 1085 1014 1149 nisi
1059 1082 1409 1149 fluviatiles
1454 1106 1684 1164 naves,
1743 1106 1889 1168 quae
1947 1106 2077 1150 non
2135 1107 2213 1149 ex
2270 1084 2406 1148 alto
2454 1086 2580 1149 cir-

294 1191 786 1287 cumagebantur
833 1199 898 1256 et
942 1193 1028 1257 ad
1075 1213 1239 1275 quas
1286 1193 1702 1275 accipiendas
1750 1215 1914 1276 opus
1960 1213 2089 1257 non
2137 1200 2281 1257 erat
2314 1191 2578 1256 flumine

293 1299 627 1381 praealto.
731 1300 945 1364 Naves
1002 1300 1206 1381 igitur
1260 1300 1615 1365 manifesto
1673 1301 1885 1383 ipsius
1943 1299 2278 1383 Cleonymi
2337 1298 2580 1381 signifi-

291 1416 530 1487 cantur,
600 1408 1026 1491 indicantque
1098 1408 1551 1491 exploratores
1611 1410 1751 1473 eius
1809 1410 1905 1472 rei
1962 1407 2375 1485 facultatem,
2451 1428 2585 1489 qua

289 1538 425 1579 mox
464 1518 518 1580 is
563 1517 796 1594 utitur,
841 1515 1058 1580 invehi
1106 1514 1380 1580 classem
1425 1516 1676 1581 iubens.
1765 1516 1997 1599 Itaque
2043 1517 2183 1580 haec
2232 1516 2325 1580 sic
2372 1515 2584 1580 cohae-

286 1644 419 1687 rere
482 1630 790 1707 apparet:
871 1623 1279 1688 ulteriora
1348 1623 1603 1689 colles
1674 1624 1942 1689 videri
2011 1644 2214 1702 esse;
2287 1624 2586 1688 ostium

289 1731 641 1795 fluminis
701 1730 1060 1813 praealti,
1122 1752 1276 1811 quo
1338 1732 1792 1814 circumagi
1847 1753 2092 1796 naves
2147 1732 2224 1794 in
2286 1726 2589 1795 statioss

285 1860 444 1902 nem
501 1845 762 1903 tutam
818 1839 882 1916 *,
949 1838 1293 1918 vidisse3
1362 1861 1494 1903 non
1541 1839 1803 1917 dubito,
1873 1840 2029 1921 quin
2076 1846 2229 1903 ante
2275 1839 2586 1903 vidisse

286 1946 589 2011 exciderit
634 1952 994 2029 possent.
1108 1944 1232 2025 (De
1289 1945 1605 2011 vidisse
1664 1968 1784 2031 pro
1844 1968 1926 2011 se
1970 1947 2281 2012 vidisse
2327 1948 2393 2010 in
2440 1968 2586 2012 ora-

282 2055 456 2119 tione
501 2054 775 2136 obliqua
818 2054 1078 2136 longius
1125 2054 1513 2118 continuata
1554 2054 1716 2118 nihil
1763 2076 1926 2137 opus
1975 2061 2074 2119 est
2119 2054 2295 2135 dici.)

449 2159 600 2244 Cap.
652 2166 720 2239 3,
784 2165 850 2225 7:
913 2162 1048 2244 qui
1110 2168 1381 2226 terror
1438 2160 1913 2242 (Romanorum
1958 2163 2041 2226 ab
2089 2162 2389 2227 Etruscis
2437 2183 2585 2226 cum

279 2268 470 2333 foeda
534 2270 708 2333 caede
775 2269 844 2333 in
910 2276 1130 2334 castra
1198 2268 1716 2351 compulsorum)
1784 2290 1936 2332 non
2006 2291 2095 2334 eo
2165 2275 2490 2334 tantum
2549 2291 2590 2333 a

281 2375 521 2439 Fabio
566 2376 916 2457 (Maximo,
975 2398 1172 2459 quem
1217 2377 1443 2442 Livius
1502 2377 1655 2441 huic
1713 2376 1886 2440 bello
1944 2376 2317 2442 interfuisse
2362 2378 2587 2460 negat)

280 2483 697 2561 abhorret,
768 2485 1016 2569 quod,
1089 2485 1155 2549 si
1214 2505 1368 2566 qua
1429 2484 1596 2548 alia
1652 2491 1827 2548 arte
1875 2504 2313 2566 cognomen
2361 2507 2590 2550 suum

279 2592 657 2675 aequavit,
730 2600 897 2656 tum
959 2592 1297 2657 maxime
1357 2591 1692 2664 bellicis
1750 2591 2154 2658 laudibus.
2270 2591 2589 2671 Quoniam

276 2700 615 2783 particulae
683 2708 852 2766 tum
922 2701 1016 2764 sic
1079 2701 1149 2764 in
1217 2699 1659 2783 comparando
1720 2700 1898 2783 (post
1966 2702 2035 2766 si
2103 2704 2280 2783 quis
2340 2701 2587 2782 alius)

277 2807 518 2872 additae
562 2807 814 2871 nullum
860 2809 1122 2873 omnino
1170 2807 1542 2890 exemplum
1588 2814 1692 2872 est
1734 2829 1871 2887 nec,
1917 2809 2074 2892 quid
2119 2816 2291 2892 agat,
2338 2809 2593 2874 intelle-

277 2917 483 2997 gitur,
542 2915 730 2978 valde
778 2917 1110 2997 suspicor,
1170 2935 1315 2978 eam
1363 2936 1443 2978 ex
1486 2915 1715 2980 littera
1758 2921 1783 2976 t
1826 2916 2217 2999 praecedenti
2266 2924 2331 2982 et
2378 2939 2432 2978 ι
2482 2938 2582 2981 se·
2621 2933 2763 3002 (188)

277 3022 508 3104 quenti
576 3030 792 3087 ortam
860 3043 1005 3086 esse
1073 3021 1651 3104 scribendumque:
1733 3025 1969 3105 quod,
2051 3026 2117 3088 si
2196 3046 2351 3106 qua
2429 3025 2592 3089 alia

275 3138 474 3208 arte,
569 3150 1011 3211 cognomen
1091 3151 1324 3193 suum
1406 3131 1757 3211 aequavit
1835 3133 2173 3195 maxime
2252 3132 2589 3197 bellicis

273 3237 681 3303 laudibus.
779 3236 1056 3319 [Quum
1104 3238 1459 3314 maxime,
1508 3238 1690 3321 quod
1737 3238 1925 3303 video
1974 3239 2171 3303 alicui
2206 3240 2272 3302 in
2307 3247 2591 3304 mentem

276 3347 554 3423 venisse,
597 3345 751 3409 hinc
798 3344 1085 3409 alienum
1131 3343 1280 3426 est.]
1369 3343 1674 3409 Proximo
1722 3346 1937 3428 capite
1987 3345 2080 3427 (4)
2129 3344 2161 3427 ἓ
2211 3351 2247 3410 9
2296 3347 2475 3428 quod
2522 3354 2589 3411 et

274 3453 540 3518 codices
598 3460 663 3517 et
722 3452 1044 3517 editiones
1102 3453 1254 3516 inde
1303 3473 1343 3516 a
1389 3452 1721 3518 Gronovio
1779 3453 2055 3518 habent:
2123 3475 2265 3519 nec
2323 3463 2590 3521 tamen

275 3563 605 3625 iniussu
683 3581 1005 3624 movere
1087 3559 1501 3640 auderent,
1583 3581 1842 3640 vereor,
1918 3583 2002 3626 ne
2080 3563 2390 3628 mendose
2468 3586 2589 3647 pro

273 3669 584 3732 moveri
640 3667 989 3732 scribatur.
1092 3667 1250 3743 Quae
1311 3669 1483 3732 enim
1539 3669 1842 3752 exempla
1896 3670 2078 3733 verbi
2133 3692 2448 3735 movere
2495 3673 2593 3736 in-

274 3776 625 3841 transitive
681 3776 888 3858 positi
945 3777 1365 3858 reperiuntur
1420 3775 1737 3859 plurima,
1806 3797 1884 3840 ea
1928 3777 2054 3841 hac
2100 3778 2249 3860 ipsa
2294 3779 2591 3844 multitu-

276 3883 434 3946 dine
483 3890 696 3947 certos
745 3884 884 3946 eius
931 3904 1090 3947 usus
1136 3883 1298 3948 fines
1345 3885 1732 3964 ostendunt3
1794 3884 2035 3949 dicitur
2081 3887 2255 3950 enim
2301 3886 2380 3950 de
2429 3888 2593 3953 duce

275 3996 397 4054 aut
484 3989 563 4053 de
638 3996 783 4054 toto
863 3991 1152 4055 exercitu
1221 4012 1255 4054 e
1327 3992 1564 4057 castris
1643 3990 1857 4056 aliove
1936 3993 2083 4058 loco
2152 3993 2596 4076 proficiscenti

278 4093 775 4177 (aufbrechen),
843 4119 1177 4179 nunquam
1248 4099 1327 4162 de
1398 4099 1673 4182 singulis
1739 4100 2114 4165 hominibus
2187 4122 2255 4166 se
2314 4124 2596 4169 commo-

274 4203 594 4268 ventibus
640 4204 807 4284 (sich
852 4204 1122 4285 riihren)
1171 4215 1235 4270 et
1278 4206 1880 4289 prorumpentibus.
1984 4209 2122 4287 VH,
2186 4216 2279 4289 14,
2329 4217 2366 4274 8
2411 4220 2589 4277 recte

273 4312 596 4377 Hertzius
670 4314 1000 4378 revocavit
1077 4314 1378 4377 moveri
1458 4312 1520 4394 (e
1589 4314 1852 4378 MLlHl
1939 4317 2173 4381 ceteris
2259 4320 2588 4398 omnibus)
