3230 5282
666 608 788 661 Lib.
826 608 995 662 XLII.
1755 598 1876 658 638

668 802 750 844 se
800 786 1018 845 stato
1073 780 1253 847 loco
1314 783 1732 867 statisque
1802 781 2088 846 diebus
2143 781 2567 847 sacrificia
2633 783 2959 863 habere,

668 910 832 971 quae
893 889 1237 956 absente
1299 911 1378 956 se
1435 898 1655 956 recte
1701 890 1892 956 fieri
1951 913 2102 955 non
2148 898 2511 975 possent3
2580 912 2741 974 quae
2807 914 2959 957 non

664 1003 925 1085 magis
973 1001 1301 1066 consule
1360 1022 1594 1084 quam
1651 1006 2001 1082 praetore
2069 998 2414 1064 absente
2481 1006 2699 1064 recte
2764 998 2958 1065 fieri

668 1118 1022 1193 possent.
1114 1110 1194 1175 Si
1239 1115 1572 1174 senatus
1619 1129 1791 1187 non,
1841 1107 2027 1191 quid
2073 1107 2328 1173 vellet
2373 1109 2452 1171 in
2500 1109 2958 1186 consulatu,

664 1220 936 1301 potius
983 1240 1227 1301 quam,
1276 1217 1463 1300 quid
1509 1218 1589 1282 iu
1634 1224 1992 1302 praetura
2023 1216 2424 1281 iuraverit
2458 1216 2528 1280 Ρ.
2572 1217 2960 1297 Licinius,

665 1326 1475 1392 animadvertendum
1524 1347 1700 1391 esse
1747 1330 2109 1403 censeat,
2160 1345 2237 1388 se
2284 1331 2547 1389 tamen
2590 1323 2956 1390 futurum

661 1436 739 1500 in
802 1439 1135 1500 senatus
1190 1441 1627 1518 potestate„
1716 1432 1886 1510 Quid
1933 1438 2109 1498 esset
2151 1433 2217 1496 in
2266 1432 2365 1496 his
2413 1434 2572 1510 vitii,
2621 1435 2746 1497 etsi
2795 1435 2961 1499 Gro-

662 1544 890 1608 novius
935 1564 1173 1625 magna
1240 1565 1318 1608 ex
1363 1551 1551 1626 parte
1599 1544 1834 1620 sensit,
1904 1549 2125 1606 tamen
2169 1562 2381 1623 neque
2446 1542 2502 1605 is
2560 1547 2765 1606 totam
2814 1565 2960 1625 per-

661 1653 1039 1716 versitatem
1084 1652 1418 1735 perspexit
1464 1671 1675 1734 neque
1733 1658 1985 1715 ceteros
2040 1650 2260 1713 movit.
2348 1648 2639 1714 Primum
2694 1672 2965 1734 prorsus

661 1781 964 1843 perverse
1031 1759 1134 1824 bis
1203 1758 1541 1824 scribitur:
1611 1779 1777 1841 quae
1845 1793 1927 1803 —
1994 1756 2183 1822 fieri
2229 1779 2382 1822 non
2430 1756 2626 1840 (quae
2671 1779 2826 1823 non
2872 1795 2958 1804 —

661 1868 877 1948 fieri)
943 1874 1285 1951 possent
1354 1867 1418 1931 in
1489 1868 1829 1931 sententiis
1899 1867 2323 1931 diversissimi
2401 1868 2685 1949 generis;
2754 1866 2967 1933 altera

662 1978 834 2040 enim
899 1996 1054 2060 pars
1124 1982 1223 2040 est
1287 1976 1451 2040 iuris
1498 1975 1758 2040 iurandi
1803 1975 2062 2048 Licinii,
2134 1996 2278 2057 quae
2322 1981 2501 2039 recte
2557 1976 2967 2040 coniunctivo

661 2085 853 2148 modo
902 2082 1202 2163 effertur3
1249 2083 1457 2148 altera
1492 2093 1945 2166 argumentum
1995 2085 2282 2147 continet
2318 2084 2523 2165 ipsius
2559 2081 2767 2146 Cassii
2811 2084 2965 2148 inde

664 2193 949 2270 ductum,
1016 2213 1160 2273 quae
1205 2194 1579 2257 necessario
1649 2192 1969 2255 infinitam
2027 2194 2389 2256 orationem
2445 2191 2689 2256 habere
2745 2190 2966 2268 debet„

663 2301 971 2383 quoniam
1049 2320 1214 2384 quae
1293 2299 1454 2363 nihil
1534 2300 1714 2364 aliud
1794 2307 1895 2365 est
1961 2301 2117 2380 nisi:
2198 2321 2288 2364 ea
2354 2308 2618 2364 autem
2686 2301 2964 2383 (porro).

660 2407 911 2472 Deinde
959 2408 1025 2470 in
1072 2408 1282 2471 altera
1329 2410 1686 2485 sententia,
1745 2408 2292 2491 quemadmodum
2338 2408 2600 2489 quidem
2648 2429 2818 2472 nunc
2863 2417 2967 2473 est

662 2513 1103 2595 conformata,
1170 2522 1348 2580 recte
1420 2515 1782 2581 Gronovius
1860 2517 2051 2594 vidit,
2118 2516 2533 2598 negationem
2602 2515 2964 2581 tollendam

664 2646 825 2703 esse,
876 2623 1062 2709 eique
1108 2622 1447 2690 Bekkerus
1493 2626 1730 2707 paruit.
1821 2625 1962 2690 Hoc
2008 2625 2177 2690 enim
2214 2622 2480 2690 Cassius
2527 2624 2714 2703 dicit,
2763 2625 2815 2691 si
2861 2627 2967 2690 ius

664 2732 1011 2798 iurandum
1101 2730 1322 2798 Crassi
1411 2734 1475 2796 in
1557 2741 1844 2816 praetura
1925 2734 2147 2797 datum
2226 2732 2472 2811 valeat,
2539 2734 2745 2798 nihilo
2814 2755 2964 2798 eum

664 2843 873 2925 magis
918 2862 1091 2906 nunc
1138 2842 1470 2906 consulem
1520 2843 1582 2905 in
1633 2844 2029 2926 provinciam
2079 2843 2173 2905 ire
2221 2863 2443 2925 posse,
2490 2842 2717 2906 eadem
2762 2843 2966 2926 impe-

491 2938 634 3007 (527)
673 2951 890 3015 diente
936 2971 1037 3027 re3
1083 2951 1138 3013 si
1183 2956 1402 3015 tamen
1441 2959 1706 3015 senatus
1755 2948 1969 3014 Crassi
2018 2950 2338 3014 voluntati
2384 2948 2758 3033 gratificans
2801 2952 2968 3016 iuris

662 3058 925 3123 iurandi
961 3057 1258 3122 oblivisci
1292 3057 1448 3121 velit
1493 3057 1646 3138 (hoc
1692 3068 1818 3123 est:
1867 3060 2103 3142 potius,
2154 3059 2312 3141 quid
2348 3059 2504 3123 velit
2537 3079 2727 3133 nunc,
2765 3080 2964 3140 quam

665 3166 823 3250 quid
847 3173 1001 3231 ante
1037 3167 1370 3242 iuraverit,
1398 3166 2045 3231 animadvertendum
2085 3175 2355 3231 censeat
2380 3174 2445 3231 et
2481 3166 2961 3249 spectandum),

664 3296 733 3340 se
799 3276 866 3338 in
925 3281 1189 3338 senatus
1246 3281 1574 3357 potestate
1631 3274 1939 3339 futurum.
2028 3275 2306 3340 Prorsus
2373 3274 2645 3339 ridicule
2694 3273 2963 3340 Cassius

663 3382 861 3460 dicat,
908 3383 962 3446 si
1009 3388 1275 3446 senatus
1323 3380 1523 3465 (quod
1574 3384 1717 3465 ipse
1756 3382 2072 3467 postulat)
2108 3404 2235 3447 non
2262 3380 2501 3448 Crasso
2540 3375 2960 3466 obsequatur,

663 3489 778 3554 sed
816 3487 1288 3553 iusiurandum
1325 3490 1659 3554 observari
1695 3490 1871 3560 velit,
1919 3512 1986 3554 se
2032 3498 2253 3556 tamen
2299 3491 2552 3555 senatui
2601 3490 2764 3571 (suae
2814 3512 2959 3556 sen·

661 3597 886 3662 tentiae
933 3597 1358 3675 adsentienti)
1407 3599 1773 3681 pariturum
1822 3620 1980 3664 esse.
2059 3598 2301 3663 Verum
2345 3598 2505 3663 alibi
2551 3599 2690 3663 vitii
2738 3598 2960 3666 sedem

663 3724 826 3784 esse,
873 3703 1161 3769 ostendit
1205 3705 1533 3789 particula
1577 3713 1863 3771 tamem
1906 3727 2104 3791 prave
2150 3707 2215 3770 in
2262 3705 2578 3789 apodosin
2610 3706 2805 3789 longe
2849 3728 2951 3771 re-

659 3813 853 3892 iecta,
901 3833 1045 3894 quae
1090 3814 1278 3878 initio
1326 3815 1480 3897 poni
1549 3814 1896 3879 debuerat:
1967 3815 2030 3878 si
2095 3821 2364 3879 tamen
2430 3801 2763 3880 senatus
2832 3821 2954 3879 cet.

660 3920 891 4005 Itaque
938 3921 1195 3985 initium
1242 3922 1368 3986 loci
1415 3922 1807 3987 emendandi
1850 3921 1970 3987 hoc
2017 3929 2142 4000 est,
2200 3929 2275 3987 ut
2320 3921 2789 4005 intellegamus,
2834 3945 2951 3988 no-

657 4050 805 4094 vam
851 4029 1245 4094 sententiam
1289 4030 1575 4114 incipere
1624 4030 1707 4095 ab
1753 4029 1855 4095 his
1901 4030 2141 4095 verbis:
2192 4030 2283 4096 Se
2318 4038 2572 4095 tamen
2613 4030 2955 4096 futurum

660 4143 803 4215 cet.‚
850 4137 1298 4202 condicionem
1347 4136 1438 4219 (si
1485 4139 1857 4219 senatus)
1914 4139 1999 4204 ad
2047 4140 2387 4222 superiora
2431 4139 2779 4222 pertinere.
2849 4138 2955 4203 Sic

658 4246 860 4327 igitur
907 4246 1116 4310 oratio
1166 4245 1599 4310 describenda
1647 4255 1778 4311 est:
1848 4268 2013 4330 quae
2069 4246 2448 4328 (sacrificia)
2509 4267 2661 4311 non
2708 4247 2954 4328 magis

661 4353 987 4419 consule
1056 4375 1287 4436 quam
1353 4361 1696 4438 praetore
1765 4355 2103 4419 absente
2151 4365 2373 4419 recte
2430 4353 2621 4417 fieri
2689 4376 2948 4438 posse,

660 4463 724 4526 si
794 4469 1129 4526 senatus
1195 4484 1376 4540 non,
1447 4463 1626 4544 quid
1681 4463 1934 4528 vellet
2001 4464 2078 4527 in
2147 4462 2616 4540 consulatu,
2684 4464 2951 4547 potius
