3230 5282
1377 621 1505 685 283
2256 632 2383 688 Lib.
2418 632 2595 687 XXIL

288 804 601 886 diffiteor,
621 807 1214 893 „supplicationem
1270 806 1643 872 iunioribus
1700 806 2019 872 indictam
2075 806 2287 887 magis
2331 804 2596 889 placere

291 934 487 996 quam
530 915 1033 994 lectisternium,
1091 914 1270 999 quod
1313 914 1695 980 sacerdotes
1744 915 2101 996 curabant3
2159 913 2378 979 semel.
2408 934 2597 979 sena-

288 1028 464 1087 tores
534 1022 741 1088 lectos
810 1024 1123 1089 stravisse
1188 1023 1467 1105 legimus
1513 1021 1759 1105 (XXII,
1822 1020 1905 1103 l).
2018 1020 2079 1105 (ξ
2128 1025 2166 1085 ’7
2220 1022 2597 1087 necessario

289 1129 704 1196 scribendum
772 1152 948 1196 nam
1005 1130 1154 1215 (pro
1209 1129 1396 1211 iam)
1465 1131 1825 1214 primum.
1935 1129 2351 1214 Explicatur,
2419 1129 2598 1213 quod

289 1236 728 1319 significatum
795 1237 1084 1304 breviter
1149 1244 1320 1318 erat,
1387 1260 1519 1303 non
1585 1238 1912 1304 transitur
1987 1237 2073 1301 ad
2137 1259 2373 1303 novam
2437 1258 2595 1301 rem.

288 1344 422 1409 Lib.
469 1346 521 1425 Ι,
575 1352 627 1426 1,
678 1353 705 1411 1
760 1347 983 1411 Livius
1029 1367 1071 1411 a
1113 1347 1451 1430 prooemio
1498 1345 1584 1410 ad
1628 1345 1843 1430 ipsam
1888 1366 2026 1410 rem
2071 1346 2331 1410 transit.
2383 1344 2595 1426 1862.)

1187 1537 1373 1619 Lib.
1441 1536 1709 1618 XXII.

453 1666 612 1751 Cap.
665 1673 730 1749 1,
794 1672 902 1747 16,
959 1669 1076 1734 ubi
1135 1670 1203 1733 in
1256 1668 1309 1733 P
1366 1674 1470 1735 est
1536 1666 1766 1734 cordi
1822 1689 1947 1733 ess
1966 1689 2002 1733 e
2060 1667 2361 1733 divinis
2418 1688 2595 1732 car·

288 1776 642 1840 minibus
706 1776 1289 1861 praefarentur,
1359 1777 1673 1860 quoniam
1719 1796 1897 1841 esse
1955 1774 2166 1840 divis
2215 1782 2283 1841 et
2325 1775 2596 1860 profa-

290 1903 420 1949 ren
435 1888 521 1947 tu
535 1903 570 1947 r
603 1883 718 1948 alii
751 1885 1202 1964 restituerunt,
1236 1884 1618 1968 praepositio
1651 1889 1866 1949 restat
1898 1882 2201 1948 addenda
2224 1882 2286 1965 (e
2322 1904 2358 1947 c
2370 1904 2529 1948 arm
2543 1884 2595 1947 i·

289 2009 327 2052 n
340 1991 361 2054 i
373 1990 418 2054 b
433 2012 480 2055 ιι
494 1989 573 2072 s).
630 1990 860 2074 Neque
906 1992 1077 2057 enim
1122 1992 1472 2058 decemviri
1516 1989 1816 2056 versibus
1861 1991 2318 2076 loquebantur,
2364 1992 2480 2056 sed
2517 2014 2597 2057 ex

291 2097 482 2163 libris
530 2105 599 2163 et
644 2099 1041 2164 carminibus
1086 2098 1479 2183 prodebant,
1526 2119 1674 2181 quae
1719 2098 1814 2163 ibi
1856 2098 2172 2181 legerant.
2264 2097 2508 2182 (1862.)

458 2204 618 2291 Cap.
667 2209 726 2286 2,
773 2210 813 2269 8
860 2213 927 2271 et
970 2210 1007 2269 9
1052 2205 1219 2272 nihil
1262 2205 1423 2273 mihi
1469 2205 1774 2271 relictum
1822 2213 2016 2286 esset,
2063 2206 2244 2289 quod
2290 2206 2595 2272 emenda-

289 2333 421 2377 rem
437 2363 453 2391 ,
521 2314 579 2377 si
632 2313 1204 2381 Weissenbornius
1262 2314 1591 2379 obiectam
1648 2315 1868 2378 animo
1929 2315 2215 2399 speciem
2270 2315 2596 2381 tenuisset

288 2418 725 2503 limassetque.
851 2419 1177 2487 Scribitur
1254 2423 1429 2487 enim
1497 2422 1593 2487 sic
1660 2421 1743 2487 de
1808 2421 2203 2488 Hannibalis
2270 2422 2594 2488 militibus

289 2527 715 2593 inundatione
782 2549 1161 2612 camporum
1213 2530 1500 2595 Etruriae
1566 2530 1851 2595 vexatis:
1923 2528 1977 2606 Q
1993 2552 2036 2594 u
2048 2552 2092 2594 u
2104 2552 2170 2594 m
2222 2565 2311 2575 —
2367 2553 2411 2594 ιι
2426 2530 2502 2594 ih
2517 2530 2594 2609 il,

289 2634 425 2701 ubi
491 2636 571 2701 in
642 2636 858 2703 sicco
936 2634 1107 2703 fess
1129 2659 1170 2703 a
1236 2644 1715 2704 sternerent
1780 2659 2156 2723 corpora,
2233 2639 2595 2703 inveniri

290 2750 593 2825 posset,
666 2744 1119 2810 cumulatis
1183 2747 1262 2810 in
1338 2766 1491 2830 aqu
1510 2766 1596 2811 as
1667 2746 2017 2811 sarcinis
2076 2747 2416 2829 insuper
2471 2748 2593 2810 in-

290 2851 800 2932 cumbebant3
875 2854 1412 2918 iumentorum
1489 2855 1792 2918 itinere
1870 2860 2047 2919 toto
2115 2860 2585 2938 prostrato·
2622 2859 2763 2926 (231)

289 2978 454 3022 rum
498 2961 773 3025 acervi
815 2966 1054 3025 tantu
1072 2982 1154 3041 ιιι,
1212 2982 1366 3045 quo
1384 2960 1426 3026 d
1473 2967 1843 3026 exstaret
1888 2982 2116 3044 aqua,
2164 2981 2263 3042 qu
2282 2961 2592 3026 aerenti·
2720 3027 2723 3032 ,

290 3063 430 3129 bus
495 3067 592 3131 ad
660 3067 1020 3150 quietem
1087 3069 1320 3151 parvi
1387 3070 1783 3152 temporis
1839 3089 2125 3133 necess
2144 3065 2400 3132 arium
2457 3088 2545 3132 cu
2564 3101 2592 3114 -

291 3169 332 3234 b
345 3173 447 3237 ile
502 3174 545 3239 d
562 3174 662 3239 ab
677 3196 718 3239 a
730 3171 837 3239 nt.
939 3174 1088 3240 Duo
1147 3182 1428 3260 apparet
1472 3176 1788 3259 distingui
1834 3174 2289 3259 requiescendi
2332 3196 2594 3258 genera,

292 3299 481 3363 super
546 3275 924 3346 cumulatas*
986 3284 1279 3348 sarcinas
1346 3290 1413 3348 et
1480 3304 1682 3368 super
1739 3285 2179 3348 iumentorum
2236 3282 2593 3364 cadavera;

293 3386 406 3450 sed
445 3389 538 3453 sic
582 3395 898 3454 narratur
912 3440 927 3468 ,
981 3397 1301 3474 tanquam
1343 3391 1596 3470 iisdem,
1654 3391 1769 3473 qui
1816 3391 2111 3456 sarcinas
2158 3390 2592 3470 cumularant,

292 3492 576 3560 iumenta
624 3495 842 3561 cubile
886 3498 1307 3581 praebuerint.
1396 3498 1539 3564 Hoc
1583 3498 2040 3564 animadverso
2080 3499 2397 3563 orationis
2433 3498 2592 3565 vitio

294 3598 586 3668 Dukerus
644 3609 800 3670 ante
857 3606 937 3670 iu
952 3627 1017 3669 m
1033 3626 1069 3670 e
1082 3628 1126 3670 n
1138 3611 1168 3670 t
1181 3627 1219 3671 o
1236 3627 1271 3670 r
1284 3628 1330 3670 u
1341 3628 1406 3670 m
1452 3606 1816 3672 desiderari
1860 3628 1898 3668 v
1912 3605 1984 3670 el
2031 3607 2326 3690 scripsit;
2381 3606 2593 3698 Weis-

296 3707 680 3776 senbornius
698 3762 713 3791 ,
782 3713 1152 3778 orationem
1219 3714 1362 3778 sine
1417 3713 1493 3777 al
1509 3714 1569 3778 ii
1627 3714 1729 3778 vel
1784 3734 1880 3778 au
1895 3719 1925 3777 t
1982 3713 2145 3777 dure
2202 3714 2590 3779 continuari.

293 3811 605 3882 Nimirum
671 3818 741 3883 id
806 3820 1025 3903 ipsum
1080 3841 1121 3885 a
1133 3842 1177 3884 u
1190 3826 1222 3884 t
1276 3820 1759 3885 restituendum
1816 3827 1917 3885 est
1933 3870 1947 3899 ,
2014 3822 2451 3905 interceptum
2508 3822 2592 3887 ob

293 3913 486 3987 trium
549 3933 999 3992 extremarum
1055 3927 1427 3993 litterarum
1484 3928 1670 3993 verbi
1724 3929 1747 3991 i
1763 3950 1806 3992 n
1820 3949 1856 3993 c
1872 3949 1992 3993 um
2004 3929 2046 3994 b
2063 3949 2098 3993 e
2111 3927 2154 3993 b
2169 3949 2264 3993 an
2278 3933 2308 3992 t
2365 3929 2594 3993 simili-

296 4028 579 4097 tudinem
625 4034 1274 4115 (incumbebant,
1332 4042 1457 4098 aut
1514 4038 2103 4118 iumentorum).
2195 4035 2385 4114 Quod
2428 4056 2594 4120 prae·

301 4139 480 4201 terea
541 4140 837 4208 dicturus
906 4163 1088 4207 eram
1103 4193 1117 4222 ,
1195 4143 1615 4208 scribendum
1695 4164 1836 4208 esse
1916 4142 2181 4208 sublata
2257 4144 2500 4210 litterae
2566 4165 2595 4205 s

300 4245 761 4323 geminatione:
843 4248 1282 4315 cumulatis
1360 4249 1441 4316 in
1509 4271 1717 4333 aqua
1780 4252 1997 4315 sarci
2014 4251 2167 4331 nie,
2247 4252 2596 4335 occupavit

299 4348 638 4421 Finckhius
685 4355 1032 4438 (Zeitschr.
1079 4356 1123 4422 f.
1171 4357 1234 4423 d.
1279 4357 1857 4424 AlterthumswisS.
1911 4363 2072 4423 1855
2119 4382 2182 4442 p.
2236 4364 2264 4422 1
2276 4358 2404 4441 68).
2505 4357 2593 4422 In

302 4475 449 4537 aqu
461 4480 538 4524 as
604 4465 925 4529 cumulari
994 4464 1278 4532 fortasse
1349 4465 1476 4531 dici
1545 4472 1823 4550 possent
1841 4517 1856 4545 ,
1925 4486 2070 4550 quae
2127 4467 2194 4529 in
2249 4464 2591 4530 conclusas
