3230 5282
603 566 727 627 Lib.
756 565 864 626 ΠΙ.
1718 549 1798 611 98

603 738 955 805 rabilior
1033 734 1331 815 saltus,
1414 734 1614 799 ceteri
1689 733 2452 815 inexsuperabilis.)
2572 733 2917 800 Postremo

606 844 981 929 (subeunda
1026 844 1230 923 enim,
1291 842 1568 907 veritate
1615 846 1919 925 cogente,
1977 840 2275 906 audaciae
2317 842 2738 925 reprehensio
2785 841 2918 924 est)

605 953 638 1037 ἕ
687 958 723 1018 ὖ
769 974 994 1018 verum
1051 972 1194 1016 esse
1251 970 1444 1034 posse
1488 969 1685 1032 nego,
1720 932 2310 1031 ,quod'scribitum
2378 971 2618 1033 quum
2664 949 2913 1029 aliud,

604 1066 1144 1146 praeterquam
1190 1058 1283 1123 de
1328 1077 1482 1139 quo
1527 1055 2094 1136 rettulissent,
2154 1055 2594 1122 decemviri
2641 1056 2917 1123 dicere

603 1167 1171 1253 prohiberent,
1251 1162 1684 1229 Claudium
1750 1161 2349 1247 interpellandi
2414 1165 2917 1230 verecundia

604 1276 793 1356 fuit3
836 1274 977 1339 hoec
1022 1274 1192 1338 enim
1240 1274 1337 1337 sic
1384 1271 1724 1350 dicuntur,
1785 1277 2103 1353 tanquam
2146 1271 2362 1355 ipsum
2410 1271 2756 1338 Claudium
2801 1271 2913 1353 (de

606 1405 683 1449 eo
730 1383 903 1448 enim
950 1380 1194 1465 agitur)
1241 1378 1702 1463 prohibuerint
1745 1379 1873 1443 nisi
1922 1379 2001 1443 de
2045 1399 2117 1443 re
2161 1377 2372 1445 relata
2418 1379 2654 1445 dicere.
2743 1379 2915 1445 Nam

605 1490 783 1574 quod
818 1488 1221 1555 adscribitur
1244 1485 1665 1552 Germanice:
1716 1492 1965 1566 sonst‚
2003 1485 2133 1551 bei
2179 1486 2327 1551 den
2373 1486 2736 1570 iibrigen,
2782 1510 2915 1553 non

604 1604 829 1683 potest
874 1596 1089 1662 omitti
1145 1594 1242 1673 id,
1301 1595 1369 1658 in
1427 1614 1557 1677 quo
1603 1594 1752 1676 ipsa
1796 1594 2124 1659 sententia
2167 1595 2461 1659 vertitur.
2561 1580 2921 1660 Manifesta

606 1705 949 1771 sententiae
992 1704 1164 1769 ratio
1213 1709 1278 1767 et
1324 1701 1808 1766 contrariorum
1843 1700 2056 1781 figura
2089 1701 2400 1786 postulat,
2447 1708 2524 1766 ut
2557 1702 2912 1768 scribatur:

607 1835 844 1897 quum
900 1811 1131 1889 alios,
1199 1817 1740 1894 praeterquam
1800 1809 1889 1873 de
1947 1829 2099 1890 quo
2143 1810 2711 1890 rettulissent,
2780 1811 2913 1876 de-

608 1921 938 1985 cemviri
1019 1919 1300 1983 dicere
1368 1915 1933 2001 prohiberent,
2014 1913 2449 1983 Claudium
2517 1918 2951 2002 interpel-·

604 2027 832 2093 landi
877 2025 1371 2091 verecundia
1413 2024 1594 2089 fuit.

779 2131 937 2216 Cap.
987 2138 1062 2196 41
1089 2184 1104 2212 ,
1165 2135 1235 2210 8,
1282 2131 1399 2196 ubi
1456 2132 1828 2214 exponitur,
1892 2150 2009 2195 cur
2055 2132 2260 2196 ceteri
2307 2132 2684 2213 decemviri,
2743 2134 2908 2217 App.

606 2240 882 2307 Claudio
919 2238 1102 2304 urbis
1139 2260 1299 2304 cura
1333 2238 1698 2317 commissa,
1737 2236 1811 2313 Q.
1837 2236 2045 2303 Fabio
2080 2237 2324 2304 bellum
2351 2260 2497 2305 cum
2520 2239 2782 2307 Sabinis
2807 2262 2915 2325 ge-

603 2346 880 2413 rendum
926 2346 1322 2425 mandarint,
1358 2347 1426 2410 in
1467 2345 1571 2425 iis,
1607 2366 1754 2429 quae
1795 2346 1875 2410 de
1898 2345 2107 2412 Fabio
2145 2353 2511 2432 ponuntur:
2552 2350 2631 2412 in
2665 2348 2915 2415 Fabio

605 2457 870 2520 minus
937 2455 1017 2517 in
1083 2453 1291 2519 bono
1361 2458 1751 2518 constans
1819 2473 2054 2535 quam
2121 2475 2402 2519 navum
2459 2456 2539 2519 in
2594 2454 2918 2521 malitia

610 2562 1033 2645 ingenium
1091 2580 1289 2639 esse,
1349 2566 1453 2625 est
1508 2560 1761 2644 aliquid
1817 2561 1884 2624 in
1932 2563 2260 2626 sententia
2304 2563 2463 2627 vitii.
2553 2561 2918 2630 Decemviri

612 2672 785 2736 enim
832 2691 964 2735 non
1010 2668 1409 2751 quaerebant,
1459 2690 1655 2752 quam
1698 2671 1776 2733 in
1821 2668 2030 2735 bono
2080 2677 2389 2736 constans
2436 2678 2611 2736 esset
2653 2671 2921 2752 Fabius,

608 2799 729 2844 nec
774 2776 984 2856 simul,
1043 2781 1366 2859 quantum
1409 2777 1479 2841 in
1520 2776 1694 2842 bono
1742 2782 1810 2841 et
1851 2779 1919 2841 in
1966 2777 2139 2843 malo
2185 2778 2550 2858 excelleret,
2594 2781 2921 2846 rationem

607 2885 964 2950 habebant.
1066 2883 1345 2949 Videtur
1387 2883 1613 2949 Livius
1661 2884 1980 2950 orationis
2026 2883 2237 2950 forma
2282 2885 2661 2967 aberrasse,
2719 2909 2923 2970 quum

608 2995 702 3058 sic
782 2991 1073 3058 scribere
1159 2990 1431 3057 deberet
1509 2990 1729 3073 (suum
1798 2991 2207 3075 aliorumque
2277 2999 2343 3057 et
2409 2992 2924 3060 decemvirorum

609 3100 927 3168 iudicium
982 3101 1051 3163 in
1098 3120 1300 3163 unum
1349 3097 1702 3180 conflans):
1769 3099 2029 3182 magis
2097 3119 2252 3164 non
2316 3099 2393 3164 in
2460 3100 2666 3167 bono
2735 3123 2919 3167 con-

611 3214 841 3274 stans
890 3228 1123 3290 quam
1172 3213 1295 3271 cet.
1385 3206 1482 3271 Eo
1531 3211 1868 3289 spectant,
1929 3226 2075 3289 quae
2122 3205 2588 3288 subiiciuntur,
2643 3209 2919 3274 Fabium

606 3335 739 3380 non
807 3320 1047 3379 natura
1124 3313 1398 3391 malum,
1463 3315 1914 3380 inconstantia
1980 3318 2240 3378 tantum
2307 3321 2374 3379 et
2445 3315 2825 3382 infirmitate
2882 3341 2926 3384 a

609 3423 790 3487 bono
851 3421 1234 3500 descivisse3
1301 3420 1452 3486 ideo
1500 3422 1561 3485 ei
1606 3421 1838 3486 urbem
1886 3420 2066 3486 credi
2111 3442 2240 3485 non
2284 3423 2610 3505 potuisse,
2677 3425 2745 3488 in
2791 3445 2925 3507 qua

607 3550 777 3594 nava
835 3527 1089 3593 malitia
1144 3548 1308 3611 opus
1369 3534 1564 3593 esset.
1656 3526 1846 3609 (1861
1909 3535 1974 3593 et
2024 3527 2236 3610 1873.)
2338 3527 2525 3610 (Quae
2570 3530 2924 3595 manifesto

608 3635 972 3718 requiritur
1016 3636 1362 3714 sententia,
1406 3656 1679 3719 prorsus
1725 3635 1958 3714 aderit,
2004 3637 2059 3700 si
2105 3640 2257 3699 ante
2306 3637 2565 3702 minus
2600 3638 2924 3703 excidisse

609 3742 976 3826 putarimus
1043 3744 1340 3826 potius,
1409 3743 1587 3824 quod
1647 3742 1815 3807 alter
1861 3742 2152 3808 adverbii
2199 3745 2683 3827 comparativus
2728 3744 2923 3809 alteri

608 3856 910 3916 noceret:
989 3850 1070 3914 in
1145 3849 1397 3915 Fabio
1475 3849 1677 3930 potius
1752 3850 2020 3914 minus
2097 3852 2177 3914 in
2253 3850 2457 3915 bono
2527 3857 2925 3917 constans

610 3978 844 4040 quam
890 3978 1172 4023 navum
1217 3959 1295 4023 in
1340 3957 1667 4025 malitia
1708 3958 2119 4039 ingenium
2167 3978 2362 4022 esse.
2461 3958 2673 4040 1875.)

780 4060 937 4147 Cap.
985 4069 1090 4145 45,
1149 4069 1186 4130 9
1234 4066 1301 4129 in
1345 4065 1514 4130 Icilii
1557 4065 1773 4149 Appio
1822 4062 2098 4129 Claudio
2144 4065 2458 4131 minantis
2505 4067 2804 4132 oratione
2851 4066 2923 4130 in

605 4171 710 4236 his
753 4169 1004 4236 verbis:
1073 4172 1346 4257 Neque
1412 4178 1501 4237 tu
1568 4173 1795 4238 istud
1853 4193 2200 4255 unquam
2265 4172 2688 4239 decretum
2748 4174 2924 4238 sine

610 4278 821 4344 caede
876 4284 1167 4345 nostra
1209 4279 1553 4361 refereS‚
1621 4281 1971 4345 obscurum
2017 4285 2149 4360 est,
2219 4301 2349 4364 quo
2410 4300 2603 4346 sensu
2664 4279 2926 4346 dicatur

609 4386 921 4452 referre
978 4385 1419 4468 decretum3
1478 4387 1744 4453 videtur
1799 4389 1971 4452 enim
2018 4408 2162 4454 esse
2205 4408 2525 4455 renovare
2573 4394 2641 4452 et
2684 4388 2924 4452 iterum
