3230 5282
1395 609 1517 670 603
2292 624 2416 678 Lib.
2452 623 2597 679 XLI.

292 793 627 871 dicuntur,
663 800 998 876 tamquam
1033 794 1314 859 universi
1351 794 1437 859 ad
1469 815 1650 859 mare
1687 795 2125 877 decurrerint3
2171 818 2322 861 nam
2356 818 2596 881 pauco·

293 923 446 966 rum
491 903 734 966 mentio
781 902 1233 968 tantummodo
1290 902 1376 968 ad
1430 911 1718 968 armatos
1775 911 1841 968 et
1897 904 1980 969 ad
2028 905 2453 988 partitionem
2498 926 2599 969 re-

295 1009 531 1075 fertur.
620 1011 823 1094 Atqui
878 1010 1031 1090 huic
1088 1012 1429 1076 sententiae
1498 1018 1564 1075 et
1628 1013 1883 1097 primo
1941 1021 2262 1097 repugnat
2306 1021 2374 1078 et
2419 1014 2599 1097 quod

301 1120 630 1202 sequitur:
679 1119 862 1183 dein
907 1118 1204 1203 plures,
1251 1127 1660 1204 postremo
1708 1141 1957 1204 prope
1994 1141 2267 1186 omnes
2303 1127 2382 1186 et
2415 1122 2601 1205 ipse

292 1227 610 1292 consul.
699 1227 933 1310 Itaque
989 1229 1250 1292 initium
1315 1227 1479 1292 illud
1534 1227 1704 1311 fugae
1760 1249 1891 1293 non
1950 1250 1991 1293 a
2034 1230 2260 1313 paucis
2307 1231 2599 1310 armatis,

295 1336 416 1400 sed
464 1337 726 1402 omnino
775 1357 816 1400 a
859 1337 1084 1420 paucis
1128 1337 1339 1419 iisque
1384 1338 1735 1401 maximam
1780 1343 2039 1419 partem
2073 1337 2430 1402 inermibus
2465 1337 2600 1403 fac-

293 1452 449 1510 tum
493 1453 611 1524 est,
657 1466 938 1527 quorum
983 1444 1216 1510 deinde
1251 1444 1620 1527 exemplum
1652 1445 1879 1528 plures
1917 1446 2124 1509 secuti
2164 1452 2344 1525 sunt;
2389 1466 2602 1530 neque

303 1575 464 1619 sane
527 1554 653 1618 nisi
721 1555 915 1637 pauci
982 1553 1293 1618 simulare
1351 1560 1663 1637 poterant
1729 1545 1811 1617 se'
1867 1552 1951 1618 ad
2017 1574 2197 1618 mare
2254 1553 2602 1619 decurrere

300 1664 588 1728 iussos.
659 1661 1084 1746 Perspicuum
1130 1671 1250 1741 est,
1285 1662 1539 1727 Livium
1575 1661 1947 1745 scripsisse:
1994 1661 2296 1745 Itaque·
2326 1663 2600 1746 primo,

303 1772 528 1836 velut
593 1771 801 1835 iussi
863 1770 943 1834 id
999 1764 1301 1850 facere,
1362 1770 1632 1852 pauci,
1693 1770 1947 1834 maior
1992 1790 2178 1853 pars
2222 1771 2603 1852 inermes,

297 1879 401 1945 ad
446 1900 658 1944 mare
707 1879 1184 1956 decurrunt,
1253 1878 1439 1943 dein
1495 1876 1810 1960 plureS,
1876 1884 2293 1961 postremo
2350 1900 2601 1963 prope

304 2009 590 2053 omnes.
679 1987 953 2052 Addidit
1018 1987 1314 2052 armati
1383 1987 1517 2050 sive
1571 1984 1881 2050 librarius
1949 1986 2082 2050 sive
2151 1986 2358 2067 (quod
2418 2008 2601 2070 paene

293 2096 556 2177 vereor)
604 2096 938 2180 GrynaeuS,
986 2118 1187 2179 quum
1221 2116 1351 2159 non
1386 2094 1800 2171 attendisset,
1847 2092 1934 2157 ad
1968 2095 2209 2177 pauci
2254 2095 2483 2160 referri
2516 2095 2601 2176 id,

295 2205 484 2289 -quod
530 2204 854 2286 sequitur,
914 2204 1222 2287 plures,
1290 2204 1607 2268 maiorem
1661 2208 1917 2286 partem
1970 2201 2267 2286 intellegi
2312 2204 2603 2286 ipsorum

294 2334 680 2398 paucorum,
728 2318 946 2396 atque,
990 2333 1289 2395 paucos
1347 2320 1414 2377 et
1468 2311 1847 2375 maiorem
1905 2316 2219 2393 par-tem
2265 2313 2603 2377 contraria

289 2429 508 2502 ratus,
533 2421 896 2486 desiderari
917 2427 1231 2505 putasset,
1267 2420 1443 2502 quod
1477 2416 1926 2483 inermibus
1964 2419 2368 2484 contrarium
2406 2428 2599 2500 esset,

291 2531 508 2597 Paulo
558 2551 760 2615 supra
804 2529 864 2612 (ξ
914 2529 979 2611 3)
1024 2529 1298 2595 ridicule
1343 2527 1718 2612 appellatur
1774 2525 2017 2591 turba
2061 2527 2278 2591 inter
2323 2536 2597 2593 castra
2635 2540 2779 2608 (495)

297 2648 386 2707 et
428 2662 647 2706 mare
693 2639 1257 2717 mercantium,
1314 2637 1444 2702 loci
1497 2634 1830 2701 mentione
1874 2635 2097 2718 inepte
2126 2635 2228 2701 ad
2272 2637 2607 2702 mercandi

301 2749 576 2814 verbum
619 2747 1025 2828 adiuncta.¹)
1091 2747 1335 2811 Forum
1379 2747 1592 2830 ipsum
1636 2743 1723 2807 ad
1768 2764 1947 2808 mare
1994 2744 2072 2807 in
2117 2751 2359 2826 portu
2402 2744 2605 2809 fuisse

305 2858 534 2924 Livius
580 2857 749 2922 dixit
792 2877 844 2920 c.
901 2862 953 2933 l,
1004 2860 1058 2919 5.
1148 2855 1328 2920 Inter
1373 2874 1552 2919 mare
1600 2858 1667 2915 et
1713 2857 1934 2916 castra
1986 2850 2183 2916 turba
2239 2859 2384 2916 erat
2428 2852 2604 2916 ultro

296 2968 602 3049 citroque
670 2963 1299 3029 commeantium.
1392 2960 1468 3024 Id
1526 2958 1797 3023 verbum
1866 2958 2192 3024 Gronovio
2258 2959 2326 3022 in
2393 2960 2605 3041 prima

219 3084 222 3087 ’
302 3082 609 3140 notarum
656 3073 942 3138 editione
991 3075 1368 3136 occurrerat
1415 3067 1864 3149 debueratque
1909 3068 2135 3131 teneri.
2204 3065 2409 3129 Paulo
2456 3075 2608 3150 post

307 3183 371 3267 (ἓ
418 3183 485 3263 9)
529 3183 616 3247 Μ.
662 3181 987 3246 Licinium
1034 3178 1370 3243 Stolonem
1414 3196 1545 3240 non
1589 3180 1752 3256 puto
1798 3195 1944 3237 cum
1990 3173 2202 3238 tribus
2250 3174 2451 3255 signis
2509 3174 2604 3237 ab

293 3293 629 3375 legione
698 3310 839 3355 sua
905 3289 1077 3370 (quae
1158 3307 1210 3350 c.
1284 3290 1336 3364 1,
1396 3288 1433 3346 '7
1497 3283 1621 3363 via,
1690 3302 1833 3363 quae
1897 3281 2271 3365 Aquileiam
2333 3281 2605 3361 ferebat,

301 3401 545 3467 educta
587 3395 923 3477 narratur)
972 3395 1272 3460 relictum
1318 3414 1359 3457 a
1401 3391 1582 3457 Livio
1632 3389 1877 3454 dictum
1923 3411 2083 3470 esse,
2127 3389 2244 3455 sed
2290 3410 2438 3454 cum
2490 3390 2605 3453 tri-

297 3510 430 3575 bus
477 3508 679 3591 signis
727 3527 760 3570 e
804 3505 1123 3587 legione
1170 3523 1328 3570 sua.

481 3615 638 3700 Cap.
689 3618 744 3691 3,
791 3619 831 3676 4
879 3613 988 3695 (de
1036 3612 1266 3678 eadem
1308 3607 1523 3690 fuga):
1578 3611 1862 3670 cetera
1907 3604 2291 3671 deformis
2337 3605 2602 3686 turba,

301 3726 536 3791 velut
580 3724 929 3789 lixarum
975 3721 1541 3798 calonumque,
1610 3712 1880 3797 praeda
1936 3734 2116 3779 vere
2171 3713 2480 3793 futura,
2540 3715 2607 3778 si

304 3834 512 3900 belli
555 3832 839 3897 hostes
884 3829 1460 3894 meminissent.
1526 3823 1756 3904 Neque
1791 3823 2031 3905 speciei
2068 3829 2133 3887 et
2167 3823 2464 3887 veritatis
2500 3823 2607 3887 hic

301 3942 447 4008 ulla
501 3949 603 4007 est
660 3940 997 4005 distinctio
1055 3957 1269 4020 neque
1337 3953 1522 3998 vere
1587 3951 1707 4014 pro
1773 3929 1981 3995 haud
2048 3929 2288 3997 dubie
2346 3930 2603 3996 dicitur.

303 4050 539 4132 (Recte
577 4050 822 4115 dicitur
854 4046 1126 4131 praeda
1156 4043 1425 4109 verius
1459 4060 1684 4122 quam
1716 4039 2178 4121 praesidium
2216 4047 2283 4105 et
2315 4038 2605 4120 similia.)

305 4158 740 4226 Scribendum
805 4163 933 4222 est:
1004 4154 1267 4239 praeda
1323 4151 1484 4213 rere
1538 4148 1762 4212 futur
1778 4170 1836 4212 a.
1869 4182 1873 4189 ·
1925 4148 2181 4214 Paucos
2227 4148 2447 4212 Livius
2492 4154 2608 4211 aut

359 4413 406 4481 ¹)
443 4410 762 4480 [Mercari
811 4412 879 4466 de
942 4411 1177 4465 emendo
1242 4408 1651 4476 vendendoque
1715 4404 1855 4470 dici,
1912 4404 1980 4458 de
2036 4420 2147 4472 quo
2200 4402 2604 4469 dubitaveram,

445 4490 758 4553 ostendunt
792 4498 921 4554 Sall.
957 4496 1082 4566 Ing.
1120 4499 1187 4550 47
1225 4502 1284 4550 et
1319 4496 1442 4550 Seu.
1481 4493 1551 4547 de
1585 4493 1746 4546 Brev.
1784 4488 1895 4544 Vit.
1934 4488 2005 4558 2.]

1718 4796 2375 5139 s
2644 4938 2721 5027 η,

1680 5144 1715 5195 s

1664 5226 1675 5251 A
