3230 5282
643 605 764 658 Lib.
801 602 1047 657 xxxw.
1620 559 1625 562 Α
1730 592 1851 653 508

641 776 963 840 tissimam
1030 773 1389 839 ostendunt
1453 773 1599 838 illa:
1685 776 1860 856 pari
1928 796 2099 839 cum
2165 774 2402 839 laude
2472 774 2746 839 eadem
2812 793 2943 836 una

644 904 792 947 cum
838 881 1067 947 ordine
1113 881 1487 959 verborum,
1546 888 1622 947 ut
1668 882 1820 958 dixi,
1879 883 2136 947 inverso
2185 880 2377 965 (quae
2426 879 2818 945 Seleucus
2860 914 2943 923 —

642 990 1113 1071 reliquerit,
1172 1023 1255 1034 —-
1313 988 1590 1053 eadem
1633 1023 1720 1033 —
1764 990 2179 1072 receperit
2235 987 2758 1067 Antiochus);
2826 1008 2936 1068 ap-

643 1102 834 1179 paret
861 1097 1048 1175 enim,
1086 1096 1376 1160 relativae
1414 1099 1771 1176 sententiae,
1817 1098 1883 1160 in
1920 1118 2053 1179 qua
2090 1117 2446 1179 pronomen
2487 1094 2711 1179 (quae)
2754 1113 2939 1176 gene-

642 1205 836 1269 ratim
877 1210 1189 1287 ponatur‚
1237 1225 1367 1268 non
1392 1204 1479 1268 ad
1500 1204 1745 1268 urbes
1783 1205 2128 1287 pertineat,
2157 1203 2737 1270 demonstrativam
2760 1199 2941 1265 reddi

641 1311 1200 1392 (ἀπαποό’ὄοσθαι),
1270 1311 1447 1394 quod
1513 1318 1588 1374 ut
1655 1310 1797 1375 fieri
1853 1318 2032 1376 recte
2090 1312 2303 1394 possit
2360 1311 2737 1391 servarique
2794 1329 2941 1372 con·

639 1419 1075 1484 iunctivorum
1122 1419 1566 1501 (receperit
1611 1417 1765 1499 cet.)
1812 1438 2031 1498 causa,
2081 1418 2385 1483 addenda
2420 1424 2518 1482 est
2554 1416 2938 1491 coniunctio,

640 1549 784 1611 quae
854 1526 1285 1592 similitudine
1351 1526 1728 1591 litterarum
1794 1527 2038 1591 extrita
2095 1532 2225 1604 est,
2294 1532 2359 1590 et
2412 1527 2510 1590 ita
2565 1523 2942 1589 scribendus

641 1642 818 1700 totus
861 1635 1074 1698 locus:
1156 1633 1573 1697 Enimvero
1620 1633 1699 1696 id
1747 1633 2034 1698 auditu
2083 1634 2321 1698 etiam
2369 1633 2639 1697 dicere
2684 1630 2940 1712 indig-

639 1763 815 1806 num
874 1762 1050 1805 esse
1105 1740 1648 1823 Hegesianax,
1716 1740 2079 1805 Thraciae
2136 1747 2215 1806 et
2272 1740 2762 1805 Chersonesi
2817 1760 2940 1801 ur·

640 1849 884 1913 bibus
933 1848 1197 1913 arceri
1243 1847 1757 1926 Antiochum,
1816 1868 2051 1927 quum,
2115 1869 2287 1930 quae
2335 1847 2727 1913 Seleucus
2772 1865 2941 1928 pro·

640 1978 832 2021 avus
892 1957 1091 2034 eine,
1157 1955 1638 2038 Lysimacho
1707 1977 1891 2038 rege
1958 1955 2177 2020 bello
2233 1957 2449 2019 victo
2510 1962 2589 2018 et
2643 1955 2718 2017 in
2775 1952 2939 2016 acie

640 2084 875 2140 caeSO,
945 2083 1086 2143 per
1154 2084 1536 2127 summum
1604 2062 1845 2127 decus
1919 2070 2157 2146 parta
2222 2063 2700 2146 reliquerit,
2767 2060 2939 2144 pari

641 2192 810 2233 cum
856 2169 1100 2234 laude
1148 2171 1454 2248 eadem,
1522 2170 1614 2234 ab
1663 2169 2118 2235 Thracibus
2166 2190 2582 2253 possessa,
2640 2167 2939 2251 partim

643 2277 885 2340 armis
953 2279 1367 2359 receperit
1421 2276 1915 2355 Antiochus,
1985 2279 2280 2361 partim
2342 2285 2462 2343 cet.
2577 2276 2736 2341 Post
2795 2276 2938 2338 An-

470 2396 611 2463 (408)
647 2384 1009 2448 tiochum
1067 2384 1310 2448 excidit
1368 2404 1552 2448 cum.
1654 2385 1952 2467 Apparet
2008 2407 2179 2450 nunc
2239 2386 2466 2464 etiam,
2524 2384 2822 2468 partim
2878 2382 2943 2443 in

642 2492 706 2555 M
753 2492 997 2555 rectius
1056 2510 1250 2571 quam
1298 2492 1363 2554 in
1412 2493 1650 2555 ceteris
1698 2494 1880 2573 poni;
1949 2513 2101 2556 nam
2156 2490 2291 2556 illis
2341 2489 2815 2575 Lysimacho
2863 2523 2944 2531 --

644 2620 844 2664 caeso
892 2599 1221 2663 contraria
1269 2604 1605 2681 ponuntur
1650 2599 1817 2664 haec:
1887 2600 1979 2665 ab
2027 2599 2483 2665 Thracibus
2530 2616 2940 2683 possessa,

643 2706 877 2771 deinde
923 2706 1193 2789 partitio
1240 2705 1333 2769 fit.

814 2813 968 2896 Cap.
1030 2819 1129 2892 62,
1202 2817 1275 2876 13
1339 2814 1434 2893 (in
1479 2812 1847 2895 legatorum
1896 2813 2329 2878 Numidarum
2390 2822 2622 2879 contra
2668 2811 2939 2880 Cart-ha-

640 2923 1032 3004 giniensium
1100 2921 1398 3003 querelas
1466 2926 1533 2984 et
1597 2919 1933 3002 postulata
2002 2922 2358 3002 oratione):
2438 2921 2708 3005 Neque
2777 2940 2941 2984 eum

641 3028 953 3112 (agrum),
1032 3028 1127 3092 de
1208 3049 1360 3110 quo
1442 3029 1747 3108 agitur,
1826 3028 2174 3111 probare
2245 3050 2379 3093 eos
2448 3049 2711 3111 posse,
2790 3046 2939 3090 non

639 3137 864 3202 modo
928 3156 1272 3216 semper,
1342 3156 1435 3198 ex
1494 3155 1645 3217 quo
1707 3136 2156 3217 coeperint,
2226 3136 2367 3199 sed
2427 3157 2518 3200 ne
2581 3135 2717 3199 diu
2764 3134 2939 3217 qui·

641 3244 810 3308 dem
858 3264 995 3308 eos
1043 3241 1539 3324 possedisse.
1642 3241 1838 3305 Nullo
1886 3242 2165 3307 artificio
2214 3243 2477 3307 defendi
2522 3248 2757 3325 pot-est,
2815 3241 2939 3304 hoc

641 3351 970 3432 posterius
1028 3370 1162 3414 eos
1222 3370 1352 3413 non
1408 3348 1742 3413 soloecum
1799 3370 1938 3414 esse
1998 3372 2120 3432 pro
2181 3371 2293 3429 se3
2364 3350 2745 3433 (probare
2789 3369 2938 3412 non

639 3463 1010 3539 possunt,
1077 3490 1160 3501 —-
1206 3477 1339 3520 eos
1399 3456 1938 3539 possedisse3)
1986 3458 2407 3522 manifestum
2464 3465 2596 3537 est,
2665 3456 2733 3520 id
2787 3476 2935 3538 pro-

638 3584 873 3627 nomen
920 3562 1090 3625 male
1138 3562 1514 3646 suppletum
1559 3584 1726 3642 esse,
1773 3586 1971 3648 quum
2019 3565 2384 3630 subiectum
2421 3564 2938 3640 desideraretur3

640 3677 861 3733 utrum
921 3669 1140 3734 Livius
1198 3671 1563 3753 scripserit:
1633 3671 1992 3753 probare
2054 3692 2191 3736 eos
2249 3694 2486 3755 posse
2532 3707 2618 3716 —
2662 3690 2938 3753 posse-

638 3777 856 3841 disse
914 3798 1000 3841 an
1060 3777 1416 3859 probare
1473 3798 1604 3842 eos
1665 3800 1905 3860 posse
1963 3798 2039 3841 sc
2094 3813 2180 3823 —
2235 3778 2742 3862 possedisse,
2807 3799 2937 3840 non

637 3883 908 3963 defini03
968 3884 1174 3967 magis
1230 3890 1452 3948 tamen
1507 3885 1573 3948 in
1636 3883 1805 3949 hanc
1860 3892 2117 3968 partem
2175 3887 2445 3966 inclin03
2506 3909 2657 3952 nam
2716 3884 2937 3949 omissi

635 3975 1039 4074 pronominis
1105 3989 1395 4056 reflexivi
1463 3990 1627 4071 (sive
1684 3993 2046 4074 personalis
2101 3993 2404 4059 reflexive
2459 3994 2741 4058 subiecti
2795 3991 2937 4056 loco

635 4098 947 4181 ponendi)
1015 4098 1315 4181 exempla
1382 4097 1561 4181 apud
1627 4098 1992 4181 perfectum
2064 4100 2367 4165 infinitivi
2425 4110 2715 4184 tempuS,
2782 4104 2937 4182 post

633 4205 1011 4269 huiusmodi
1045 4206 1408 4287 praesertim
1442 4206 1733 4279 verbum,
1774 4207 1969 4287 quale
2008 4214 2108 4272 est
2144 4208 2491 4291 probare
2528 4208 2640 4290 (—
2672 4206 2935 4271 facilius

633 4313 806 4375 enim
872 4311 1084 4377 fertur
1148 4312 1450 4376 fecisse
1514 4311 1727 4377 dixit
1788 4321 1853 4378 et
1910 4314 2152 4380 similia
2206 4315 2318 4396 —)
2376 4337 2495 4381 nec
2550 4315 2760 4379 multa
2818 4333 2938 4376 nec
