3230 5282
1398 619 1519 681 13⁷
2382 632 2507 687 Lib.
2544 632 2614 687 V.

311 810 509 870 sunt.
619 804 832 870 Valde
888 825 1147 885 vereor,
1214 825 1297 870 ne
1356 805 1698 871 turbatum
1752 804 2005 888 aliquid
2062 803 2170 869 hic
2227 804 2334 871 sit.
2445 805 2617 871 Nam

307 934 512 998 neque
575 915 648 979 in
714 912 1103 980 affirmando
1175 912 1478 998 oppida
1546 913 1642 978 sic
1696 912 1997 978 universe
2041 912 2266 979 Livius
2313 913 2616 979 dicturus

306 1021 500 1088 fuisse
566 1021 860 1102 videtur,
924 1020 1041 1087 sed
1107 1020 1413 1105 oppida
1485 1019 1842 1105 aliquot,
1908 1042 2029 1086 nec
2086 1022 2449 1087 omissurus
2516 1022 2615 1087 in-

304 1129 554 1197 felicem
622 1130 1140 1215 oppugnationis
1207 1136 1508 1195 eventum
1576 1128 1778 1211 (nec,
1847 1151 2079 1215 quum
2136 1150 2416 1214 parum
2476 1153 2614 1214 op-

307 1239 696 1323 pugnatio
728 1238 1308 1323 processisset,
1346 1244 1465 1304 aut
1501 1235 1851 1319 similiter).
1922 1236 2471 1321 Contrariumque
2508 1239 2616 1305 his

307 1347 677 1412 subiicitur:
743 1346 843 1411 At
895 1346 977 1412 in
1031 1345 1359 1412 Volscis
1414 1381 1504 1391 —
1545 1346 1821 1411 Anxur
1877 1335 2418 1431 nequicquam
2473 1367 2610 1432 op-

306 1461 742 1539 pugna-tum
796 1490 886 1501 —
950 1460 1059 1536 et,
1125 1460 1557 1539 postquam
1622 1454 1741 1519 vis
1809 1455 2061 1520 irrita
2127 1461 2332 1534 erat,
2387 1489 2476 1499 —-
2526 1490 2616 1501 —

307 1562 663 1628 obsideri
729 1568 1126 1647 coeptum.
1237 1562 1475 1647 Itaque
1536 1563 1604 1626 in
1648 1561 1921 1627 Faliscis
1980 1568 2049 1628 et
2094 1559 2415 1647 Capenati
2471 1563 2614 1646 agri

307 1672 672 1737 vastatione
758 1671 1050 1737 contenti
1125 1671 1407 1736 Romani
1490 1670 1753 1755 oppidis
1831 1670 2235 1736 abstinuisse
2310 1671 2616 1737 videntur

309 1778 656 1864 Liviusque
714 1779 1091 1863 scripsisse:
1161 1777 1464 1863 oppida
1530 1797 1663 1843 nec
1732 1784 2211 1862 oppugnata
2274 1800 2419 1844 nec
2476 1780 2613 1845 ob-

307 1909 528 1954 sessa
585 1894 808 1969 sunt,
865 1886 1418 1973 quemadmodum
1476 1907 1530 1951 c.
1590 1890 1704 1967 24,
1764 1888 1801 1946 2
1861 1886 1942 1951 de
1999 1886 2286 1953 tribunis
2331 1888 2615 1953 militum

305 2003 529 2062 contra
551 1997 819 2063 eosdem
835 1995 1130 2061 Faliscos
1148 1992 1650 2079 Capenatesque
1674 1993 1922 2060 bellum
1946 1994 2327 2077 gerentibus
2353 1997 2613 2063 scribit:

304 2105 393 2170 ab
445 2107 555 2171 iis
609 2127 771 2172 non
824 2104 1068 2171 urbes
1122 2104 1197 2169 vi
1256 2100 1754 2187 (oppugnando)
1812 2109 1958 2168 aut
2014 2103 2409 2186 operibus
2469 2104 2613 2187 (ob-

307 2212 605 2296 sidendo)
661 2218 1031 2293 tentatae,
1099 2212 1240 2278 sed
1309 2231 1503 2294 ager
1571 2217 1697 2277 est
1752 2209 2339 2295 depopulatus,
2410 2235 2612 2297 prae-

307 2321 582 2406 daeque
636 2356 727 2368 —-
770 2327 988 2387 actae.
1100 2317 1258 2402 (Cfr.
1307 2319 1425 2399 IV,
1492 2323 1603 2400 21,
1673 2322 1742 2383 2:
1811 2318 2054 2384 urbes
2120 2324 2393 2385 tamen
2457 2343 2612 2388 non

305 2429 836 2514 oppugnatae.)
937 2428 1075 2512 [Sic
1131 2428 1215 2495 ab
1271 2428 1441 2493 Aldo
1499 2428 1751 2493 editum
1809 2433 1912 2492 est
1967 2432 2034 2491 et
2088 2428 2400 2494 insecutis
2458 2436 2613 2495 ante

310 2536 967 2621 Drakenborohium]

470 2646 631 2732 Cap.
694 2651 803 2728 13,
877 2651 972 2711 11.
1086 2643 1457 2730 Capenates
1525 2651 1593 2711 et
1648 2644 1923 2724 Falisci,
1992 2666 2195 2729 quum
2251 2648 2613 2713 exercitum

307 2755 690 2836 Romanum,
749 2756 863 2841 qui
907 2755 1105 2820 Veios
1151 2753 1523 2834 obsidebat,
1582 2753 1877 2837 aggressi
1921 2761 2157 2834 essent,
2213 2774 2254 2819 a
2296 2755 2612 2823 Romanis

307 2865 551 2949 repulsi
606 2871 676 2931 et
727 2864 884 2929 victi
941 2857 1160 2927 erant:
1227 2862 1633 2946 Repulsos
1690 2861 2391 2928 deinde'insecuti
2448 2865 2612 2929 vic-

305 2978 526 3039 tores
591 2974 1002 3056 ingentem
1068 2971 1506 3036 ediderunt
1572 2970 1890 3050 caedem3
1970 2991 2113 3035 nec
2179 2972 2298 3037 ita
2362 2972 2611 3040 multo

306 3088 486 3163 post
544 3081 698 3147 iam
753 3079 1134 3165 palantes
1191 3078 1454 3143 veluti
1497 3078 1717 3143 forte
1764 3078 2032 3145 oblati
2076 3080 2611 3163 populatores

310 3185 748 3274 Capenatis
796 3190 975 3272 agri
1021 3188 1433 3273 reliquias
1481 3208 1764 3270 pugnae
1814 3187 2356 3270 absumpsere.
2435 3188 2611 3255 Hae-

307 3304 528 3363 serunt
579 3296 890 3363 Dukerus
948 3304 1017 3362 et
1058 3295 1630 3362 Weissenbornius
1687 3296 1754 3364 in
1809 3294 2097 3375 veluti3
2161 3315 2373 3379 neque
2431 3299 2604 3364 enim
2640 3319 2786 3390 (116)

306 3426 650 3490 apparere,
707 3427 826 3471 cur
869 3405 1130 3470 veluti
1172 3403 1392 3470 forte
1437 3403 1536 3468 illi
1578 3404 2009 3488 populatores
2056 3402 2263 3468 oblati
2309 3404 2613 3474 dicantur

307 3513 521 3598 (quasi
587 3513 922 3579 simulatio
990 3534 1184 3579 casus
1240 3511 1470 3594 fuerit)
1529 3532 1607 3576 ac
1662 3533 1794 3577 non
1851 3509 1883 3573 f
1891 3534 1928 3577 o
1944 3517 2088 3576 rte.
2201 3510 2330 3577 Sed
2375 3523 2613 3597 praeter

304 3620 458 3701 hoc,
528 3622 710 3707 quod
763 3623 1104 3687 verissime
1147 3613 1688 3705 reprehenditur,
1757 3619 1891 3684 alia
1936 3624 2039 3684 est
2082 3619 2147 3682 in
2193 3620 2341 3704 ipsa
2383 3644 2611 3690 narra-

305 3730 480 3796 tione
527 3729 899 3796 difficultas.
1000 3730 1169 3795 Nam
1212 3729 1597 3814 palantes
1645 3727 1795 3792 illos
1840 3725 2377 3811 populatores
2423 3731 2611 3798 video

304 3836 589 3922 intellegi
642 3837 713 3920 (a
755 3837 1319 3924 Weissenbornio)
1375 3838 1657 3901 victores
1716 3834 2101 3916 (Romanos)
2150 3857 2190 3900 a
2232 3838 2439 3919 Veiis,
2498 3842 2612 3925 qui

304 3946 580 4029 primum
635 3946 1002 4030 composite
1057 3946 1264 4011 victos
1325 3946 1688 4029 persecuti,
1758 3949 1994 4027 postea
2050 3943 2259 4027 palati
2305 3953 2374 4011 et
2418 3947 2611 4014 effusi

303 4052 368 4117 in
429 4054 637 4120 victos
691 4055 1075 4134 inciderint;
1143 4075 1289 4137 quae
1357 4053 1690 4118 enarratio
1757 4073 1972 4135 neque
2039 4073 2188 4116 cum
2252 4074 2325 4119 re
2394 4077 2609 4140 neque

305 4180 449 4225 cum
502 4162 715 4229 verbis
761 4163 1084 4228 convenit.
1195 4160 1365 4225 Nam
1432 4166 1508 4225 ut
1565 4160 1892 4239 omittam,
1960 4159 2233 4243 palari
2291 4185 2421 4228 non
2479 4166 2609 4230 dici

306 4266 381 4332 de
426 4268 625 4336 effuse
668 4270 1240 4356 persequentibus,
1285 4270 1570 4353 primum
1617 4267 1732 4333 illa
1775 4289 1918 4333 nec
1962 4269 2083 4333 ita
2128 4271 2381 4337 multo
2427 4279 2611 4356 post

304 4377 651 4445 ostendunt
709 4380 861 4444 novi
905 4377 1162 4461 aliquid
1207 4385 1275 4443 et
1319 4400 1361 4444 a
1405 4377 1860 4461 persecutione
1907 4398 2161 4456 eorum,
2230 4379 2345 4461 qui
2389 4386 2610 4445 castra

304 4483 388 4548 ad
431 4485 622 4552 Veios
663 4488 867 4553 tutati
912 4492 1134 4567 erant,
1205 4485 1444 4552 diversi
1503 4485 1843 4568 subiungi3
1913 4484 2147 4550 deinde
2192 4487 2407 4569 ipsum
2453 4487 2607 4552 sub-
