3230 5282
597 628 728 685 Lib.
764 629 863 687 111.
1699 613 1822 674 104

601 801 815 881 bonis,
857 798 1120 866 Valerio
1164 797 1596 881 Horatioque‚
1647 794 2043 877 contrarios)
2091 795 2365 861 adorti
2412 801 2710 863 essent.
2775 794 2913 881 Ap-

600 914 819 992 paret,
886 906 973 973 ad
1029 906 1556 990 praepositionem
1615 904 1898 989 proximi
1949 903 2230 968 nominis
2276 923 2501 969 casum
2545 924 2912 971 accommo-

602 1014 833 1081 datum
878 1035 1023 1080 esse
1069 1011 1221 1094 (vid.
1267 1032 1559 1097 prooem.
1604 1034 1668 1095 p.
1722 1010 1862 1093 10);
1919 1009 2095 1093 quid,
2156 1010 2333 1095 quod
2376 1012 2445 1077 in
2493 1011 2635 1077 cod.
2682 1010 2911 1078 arche-

599 1128 760 1207 typo
819 1122 1168 1203 vestigium
1224 1121 1360 1185 veri
1413 1119 1675 1185 videtur
1729 1119 2095 1185 mansisse?
2160 1140 2314 1184 nam
2369 1119 2437 1184 in
2482 1118 2552 1183 M
2595 1140 2637 1184 a
2697 1120 2914 1203 prima

599 1250 796 1295 manu
863 1234 965 1294 est
1027 1227 1444 1294 factionis.
1559 1225 1643 1309 [V
1697 1225 2101 1292 factionis
2168 1224 2363 1309 sua.]
2478 1224 2695 1308 (Cum
2752 1248 2913 1293 suae

599 1336 997 1403 factionis
1052 1334 1512 1401 hominibus
1555 1334 1863 1413 XXXIV,
1924 1338 2038 1414 21,
2096 1338 2167 1414 43
2225 1333 2359 1399 ibd.
2406 1338 2522 1413 48,
2586 1338 2660 1414 23
2719 1356 2910 1401 con—

602 1444 818 1510 sules
863 1449 1326 1509 vestrarum
1368 1443 1730 1527 partium
1774 1441 1902 1507 hoc
1942 1441 2114 1507 libro
2162 1461 2217 1506 c.
2266 1443 2367 1521 67,
2415 1440 2502 1523 9.)
2581 1441 2912 1524 (Proxime

471 1594 480 1604 -
598 1557 754 1618 ante
814 1548 848 1634 ἓ
905 1555 975 1630 2,
1028 1551 1144 1616 ubi
1201 1550 1449 1615 editur:
1530 1541 2014 1630 consulibus
2083 1569 2415 1631 quoque
2473 1550 2909 1616 continua-

596 1664 782 1726 rent
838 1659 1432 1742 magistratum,
1475 1657 1544 1722 in
1587 1657 1646 1720 V
1691 1657 2004 1722 scribitur
2050 1676 2301 1721 conss.
2349 1662 2551 1739 atque
2597 1657 2797 1723 etiam
2840 1660 2910 1722 in

599 1767 836 1834 ceteris
881 1766 1170 1848 antiquis
1215 1772 1375 1830 nota
1421 1765 1561 1831 sine
1608 1764 1812 1830 dubio
1857 1763 2003 1829 fuit.
2100 1762 2537 1845 Scribendum
2586 1771 2688 1830 est
2734 1786 2910 1831 con-

601 1873 860 1954 sules3
926 1894 1142 1956 neque
1187 1874 1359 1938 enim
1402 1872 1650 1938 tribuni
1698 1870 2112 1952 consulibuS,
2181 1873 2252 1937 in
2298 1860 2579 1956 quorum
2627 1874 2911 1938 comitiis

596 1982 793 2047 nullae
837 2003 1062 2046 eorum
1106 1986 1331 2065 partes
1376 1986 1595 2065 erant,
1660 1979 1789 2064 ipsi
1835 1980 2225 2045 continuare
2270 1980 2734 2062 magistratum
2792 2003 2911 2065 po-

596 2096 840 2156 terant.
891 2087 1101 2170 1873.)
1180 2085 1339 2168 (Sed
1383 2089 1646 2169 gravius
1690 2088 2000 2152 mendum
2043 2085 2212 2152 latet
2254 2085 2428 2152 infra
2468 2087 2538 2152 in
2577 2085 2610 2170 ἓ
2653 2092 2748 2168 10,
2795 2088 2909 2153 ubi

597 2198 858 2264 codices
925 2196 1380 2276 editionesque
1439 2195 1533 2260 sic
1590 2194 1910 2278 scriptum
1968 2193 2247 2260 habent:
2314 2194 2900 2278 recitabatque

600 2304 713 2386 (M.
760 2302 1069 2385 Duillius)
1116 2302 1583 2385 rogationis
1632 2322 1983 2382 carmen,
2042 2303 2123 2367 in
2170 2322 2351 2386 quo:
2413 2302 2477 2368 si
2521 2302 2911 2371 tribunos

596 2411 876 2497 plebei
943 2411 1216 2476 decem
1271 2409 1621 2493 rogabo;
1688 2410 1757 2475 si
1819 2411 1949 2491 qui
1995 2430 2134 2474 vos
2182 2410 2442 2474 minus
2487 2409 2728 2475 hodie
2776 2410 2909 2475 de·

598 2539 761 2583 cem
799 2516 1185 2583 tribunos
1220 2516 1493 2600 plebei
1529 2515 1921 2597 feceritis,
1958 2523 2128 2582 tum
2159 2517 2280 2581 uti
2316 2522 2461 2596 cet.,
2499 2515 2659 2582 ferri
2681 2520 2912 2602 nequit

599 2627 686 2692 in
754 2647 906 2709 quo
976 2625 1213 2691 omisso
1273 2623 1507 2704 verbo,
1576 2624 1662 2689 ad
1722 2625 1908 2690 cuius
1967 2624 2389 2690 omissionem
2432 2623 2910 2693 defendendam

600 2734 1041 2799 dissimillima
1082 2731 1659 2798 Weissenbornius
1708 2739 2078 2817 comparat,
2135 2753 2256 2798 nec
2312 2734 2524 2798 minus
2570 2755 2772 2818 prava
2817 2741 2916 2799 est

601 2841 1075 2908 condicionalis
1130 2841 1494 2925 particula3
1562 2842 1675 2923 qui
1731 2841 1904 2906 enim
1965 2841 2247 2906 comitiis
2291 2839 2615 2907 habendis
2658 2851 2915 2926 praeest,

603 2950 916 3034 proponit
970 2948 1291 3029 absolute,
1350 2947 1510 3032 quid
1566 2954 1835 3013 acturus
1891 2949 2007 3028 sit3
2075 2954 2245 3028 tum,
2313 2950 2369 3013 si
2426 2970 2737 3016 numerus
2792 2951 2912 3016 im-

601 3055 821 3140 pletus
867 3078 997 3122 non
1043 3057 1146 3136 sit,
1193 3056 1350 3139 quid
1394 3055 1540 3120 fieri
1587 3055 1845 3134 debeat,
1893 3054 2097 3136 addit,
2138 3057 2341 3138 >idque
2375 3057 2471 3122 ita
2507 3078 2652 3123 esse
2684 3065 2911 3142 aperte

599 3164 891 3230 ostendit
950 3164 1254 3247 rogabo
1311 3169 1766 3248 comparatum
1827 3183 1976 3228 cum
2018 3163 2396 3229 feceritis
2444 3164 2557 3246 (ad
2603 3165 2783 3247 quod
2827 3188 2911 3232 ne

596 3271 1061 3338 Mommsenius
1118 3271 1380 3353 quidem
1439 3270 1755 3349 attendit,
1825 3271 1939 3353 qui
2008 3291 2263 3336 mecum
2320 3273 2704 3357 ceteroquin
2760 3293 2913 3340 con-

599 3380 884 3444 sentiens
943 3380 1010 3444 si
1069 3378 1427 3458 retinebat,
1487 3385 1564 3443 ut
1619 3378 1747 3444 hoc
1807 3399 2007 3444 unum
2065 3385 2243 3444 esset
2302 3386 2500 3463 caput
2543 3382 2912 3463 rogationis

591 3486 1043 3569 exceptionem
1100 3484 1490 3567 continens).
1594 3485 1733 3550 Nec
1802 3506 2065 3551 carmen
2136 3486 2265 3552 hoc
2322 3507 2363 3551 a
2425 3486 2668 3552 Duillio
2731 3508 2907 3554 com-

592 3593 882 3677 positum
948 3592 1380 3675 intellegitur,
1423 3592 1568 3657 -sed
1637 3593 2042 3658 tralaticium
2114 3601 2183 3658 et
2255 3600 2683 3678 usurpatum3
2751 3595 2912 3680 quid

596 3701 769 3765 enim
835 3699 1130 3784 alioquin
1198 3700 1620 3765 auctoritatis
1688 3700 2080 3766 habuisset?
2174 3701 2262 3766 Et
2332 3703 2387 3767 si
2457 3701 2652 3768 aliter
2720 3709 2911 3781 esset,

593 3813 740 3872 tota
821 3809 1267 3873 controversia
1335 3814 1484 3873 orta
1550 3814 1728 3874 esset
1795 3814 1949 3874 ante
2020 3807 2351 3892 suffragia.
2477 3809 2912 3876 Scribendum

593 3914 824 3996 igitur:
892 3915 972 3979 in
1040 3936 1197 3998 quo
1266 3922 1497 3979 esset:
1566 3915 1972 3982 Tribunos
2041 3917 2318 4001 plebei
2389 3923 2511 3982 cet.
2575 3916 2676 3999 (ut
2750 3921 2905 3983 1861

594 4020 800 4103 edidi)
868 4028 984 4086 aut
1049 4023 1299 4106 potius,
1365 4044 1501 4087 una
1552 4022 1782 4089 littera
1841 4030 2099 4090 mutata
2153 4029 2221 4090 et
2275 4026 2623 4108 perspicua
2681 4024 2903 4090 mendi

594 4149 823 4194 causa:
869 4129 947 4193 in
994 4137 1253 4211 quost:
1301 4130 1707 4197 Tribunos
1755 4137 1877 4196 cet.
1957 4132 2129 4198 Nam
2173 4140 2505 4198 manserat
2546 4132 2674 4199 hoc
2718 4153 2911 4215 roga·

592 4236 794 4302 tionis
839 4256 1102 4302 carmen
1147 4237 1231 4302 ad
1276 4244 1578 4322 posteros
1623 4245 1699 4304 et·
1728 4239 1894 4304 Livii
1930 4245 2126 4304 aetate
2161 4240 2630 4323 usurpabatur.
2694 4240 2908 4322 1875.)

766 4340 919 4427 Cap.
960 4348 1059 4425 65,
1107 4349 1175 4409 6:
1225 4344 1751 4412 affirmantes
1800 4345 2177 4428 (eonsules),
2223 4346 2536 4413 urbano
2586 4369 2908 4432 quoque

595 4452 763 4517 otio
833 4450 1039 4517 foris
1098 4454 1366 4519 omnia
1423 4454 1893 4538 tranquilla
1951 4475 2169 4536 ess-e,
2236 4475 2377 4538 per
2432 4454 2909 4520 discordias
