<?xml version="1.0" encoding="UTF-8"?>
<!DOCTYPE html PUBLIC "-//W3C//DTD XHTML 1.0 Transitional//EN"
    "http://www.w3.org/TR/xhtml1/DTD/xhtml1-transitional.dtd">
<html xmlns="http://www.w3.org/1999/xhtml" xml:lang="en" lang="en">
 <head>
  <title>
</title>
<meta http-equiv="Content-Type" content="text/html;charset=utf-8" />
  <meta name='ocr-system' content='tesseract 3.04.00' />
  <meta name='ocr-capabilities' content='ocr_page ocr_carea ocr_par ocr_line ocrx_word'/>
</head>
<body>
  <div class='ocr_page' id='page_1' title='image "./emendationesliv03madvgoog_0081.png"; bbox 0 0 3230 5282; ppageno 0'>
   <div class='ocr_carea' id='block_1_1' title="bbox 1485 632 2681 697">
    <p class='ocr_par' dir='ltr' id='par_1_1' title="bbox 1485 632 2681 697">
     <span class='ocr_line' id='line_1_1' title="bbox 1485 632 2681 697; baseline 0.005 -6"><span class='ocrx_word' id='word_1_1' title='bbox 1485 632 1563 692; x_wconf 82' lang='lat'>71</span> <span class='ocrx_word' id='word_1_2' title='bbox 2450 642 2574 697; x_wconf 89' lang='lat' dir='ltr'><strong>Lib.</strong></span> <span class='ocrx_word' id='word_1_3' title='bbox 2611 642 2681 696; x_wconf 93' lang='lat'>11.</span> 
     </span>
    </p>
   </div>
   <div class='ocr_carea' id='block_1_2' title="bbox 334 812 2810 4568">
    <p class='ocr_par' dir='ltr' id='par_1_2' title="bbox 360 812 2682 1975">
     <span class='ocr_line' id='line_1_2' title="bbox 366 812 2679 900; baseline -0.001 -19"><span class='ocrx_word' id='word_1_4' title='bbox 366 822 628 881; x_wconf 81' lang='lat' dir='ltr'>tantum</span> <span class='ocrx_word' id='word_1_5' title='bbox 690 816 829 882; x_wconf 83' lang='lat' dir='ltr'>haec</span> <span class='ocrx_word' id='word_1_6' title='bbox 896 816 1274 900; x_wconf 81' lang='lat' dir='ltr'>scripsisse:</span> <span class='ocrx_word' id='word_1_7' title='bbox 1356 812 1507 881; x_wconf 86' lang='lat' dir='ltr'>Sed</span> <span class='ocrx_word' id='word_1_8' title='bbox 1584 835 1729 878; x_wconf 89' lang='lat' dir='ltr'>nec</span> <span class='ocrx_word' id='word_1_9' title='bbox 1799 814 2090 899; x_wconf 89' lang='lat' dir='ltr'>quibus</span> <span class='ocrx_word' id='word_1_10' title='bbox 2172 814 2679 894; x_wconf 76' lang='lat' dir='ltr'>consulibuS,</span> 
     </span>
     <span class='ocr_line' id='line_1_3' title="bbox 372 920 2680 1007; baseline -0.001 -18"><span class='ocrx_word' id='word_1_11' title='bbox 372 926 561 1007; x_wconf 88' lang='lat' dir='ltr'>quia</span> <span class='ocrx_word' id='word_1_12' title='bbox 608 945 699 990; x_wconf 82' lang='lat' dir='ltr'>ex</span> <span class='ocrx_word' id='word_1_13' title='bbox 744 925 934 991; x_wconf 86' lang='lat' dir='ltr'>fact.</span> <span class='ocrx_word' id='word_1_14' title='bbox 962 924 1132 990; x_wconf 88' lang='lat' dir='ltr'>Tar.</span> <span class='ocrx_word' id='word_1_15' title='bbox 1172 929 1453 989; x_wconf 91' lang='lat' dir='ltr'>essent</span> <span class='ocrx_word' id='word_1_16' title='bbox 1498 920 1605 1003; x_wconf 89' lang='lat' dir='ltr'>(id</span> <span class='ocrx_word' id='word_1_17' title='bbox 1654 943 1972 1007; x_wconf 89' lang='lat' dir='ltr'>quoque</span> <span class='ocrx_word' id='word_1_18' title='bbox 2019 924 2225 988; x_wconf 92' lang='lat' dir='ltr'>enim</span> <span class='ocrx_word' id='word_1_19' title='bbox 2269 921 2680 1004; x_wconf 77' lang='lat' dir='ltr'><strong>traditur),</strong></span> 
     </span>
     <span class='ocr_line' id='line_1_4' title="bbox 374 1029 2682 1115; baseline -0.001 -18"><span class='ocrx_word' id='word_1_20' title='bbox 374 1052 651 1115; x_wconf 90' lang='lat' dir='ltr'>parum</span> <span class='ocrx_word' id='word_1_21' title='bbox 729 1032 1134 1098; x_wconf 90' lang='lat' dir='ltr'>creditum</span> <span class='ocrx_word' id='word_1_22' title='bbox 1215 1032 1353 1110; x_wconf 90' lang='lat' dir='ltr'>sit,</span> <span class='ocrx_word' id='word_1_23' title='bbox 1430 1051 1580 1095; x_wconf 87' lang='lat' dir='ltr'>nec</span> <span class='ocrx_word' id='word_1_24' title='bbox 1660 1031 1841 1112; x_wconf 90' lang='lat' dir='ltr'>quis</span> <span class='ocrx_word' id='word_1_25' title='bbox 1907 1031 2249 1114; x_wconf 89' lang='lat' dir='ltr'>primum</span> <span class='ocrx_word' id='word_1_26' title='bbox 2318 1029 2682 1096; x_wconf 88' lang='lat' dir='ltr'>dictator</span> 
     </span>
     <span class='ocr_line' id='line_1_5' title="bbox 372 1137 2681 1220; baseline -0 -17"><span class='ocrx_word' id='word_1_27' title='bbox 372 1147 698 1206; x_wconf 87' lang='lat' dir='ltr'>creatus</span> <span class='ocrx_word' id='word_1_28' title='bbox 757 1141 894 1220; x_wconf 89' lang='lat' dir='ltr'>sit,</span> <span class='ocrx_word' id='word_1_29' title='bbox 963 1141 1166 1206; x_wconf 89' lang='lat' dir='ltr'>satis</span> <span class='ocrx_word' id='word_1_30' title='bbox 1224 1159 1370 1204; x_wconf 89' lang='lat' dir='ltr'>con</span> <span class='ocrx_word' id='word_1_31' title='bbox 1393 1143 1574 1203; x_wconf 90' lang='lat' dir='ltr'>stat.</span> <span class='ocrx_word' id='word_1_32' title='bbox 1655 1137 1830 1202; x_wconf 84' lang='lat' dir='ltr'>Illud</span> <span class='ocrx_word' id='word_1_33' title='bbox 1889 1158 2031 1202; x_wconf 91' lang='lat' dir='ltr'>nec</span> <span class='ocrx_word' id='word_1_34' title='bbox 2089 1159 2187 1220; x_wconf 89' lang='lat' dir='ltr'>qu</span> <span class='ocrx_word' id='word_1_35' title='bbox 2206 1159 2243 1203; x_wconf 95' lang='lat' dir='ltr'>o</span> <span class='ocrx_word' id='word_1_36' title='bbox 2302 1159 2506 1205; x_wconf 88' lang='lat' dir='ltr'>anno</span> <span class='ocrx_word' id='word_1_37' title='bbox 2566 1138 2681 1204; x_wconf 89' lang='lat' dir='ltr'>ad-</span> 
     </span>
     <span class='ocr_line' id='line_1_6' title="bbox 372 1245 2681 1332; baseline -0.001 -20"><span class='ocrx_word' id='word_1_38' title='bbox 372 1249 689 1332; x_wconf 88' lang='lat' dir='ltr'>scriptum</span> <span class='ocrx_word' id='word_1_39' title='bbox 747 1255 850 1314; x_wconf 88' lang='lat' dir='ltr'>est</span> <span class='ocrx_word' id='word_1_40' title='bbox 904 1247 1319 1313; x_wconf 77' lang='lat' dir='ltr'>declarandae</span> <span class='ocrx_word' id='word_1_41' title='bbox 1364 1248 1462 1312; x_wconf 90' lang='lat' dir='ltr'>rei</span> <span class='ocrx_word' id='word_1_42' title='bbox 1519 1267 1726 1311; x_wconf 89' lang='lat' dir='ltr'>causa</span> <span class='ocrx_word' id='word_1_43' title='bbox 1779 1245 2065 1312; x_wconf 86' lang='lat' dir='ltr'>fortasse</span> <span class='ocrx_word' id='word_1_44' title='bbox 2110 1246 2194 1311; x_wconf 92' lang='lat' dir='ltr'>ab</span> <span class='ocrx_word' id='word_1_45' title='bbox 2243 1245 2498 1331; x_wconf 88' lang='lat' dir='ltr'>aliqu0,</span> <span class='ocrx_word' id='word_1_46' title='bbox 2567 1247 2681 1331; x_wconf 91' lang='lat' dir='ltr'>qui</span> 
     </span>
     <span class='ocr_line' id='line_1_7' title="bbox 370 1353 2681 1422; baseline -0 -2"><span class='ocrx_word' id='word_1_47' title='bbox 370 1377 498 1420; x_wconf 91' lang='lat' dir='ltr'>non</span> <span class='ocrx_word' id='word_1_48' title='bbox 556 1357 720 1422; x_wconf 87' lang='lat' dir='ltr'>satis</span> <span class='ocrx_word' id='word_1_49' title='bbox 779 1357 1175 1422; x_wconf 88' lang='lat' dir='ltr'>attendisset</span> <span class='ocrx_word' id='word_1_50' title='bbox 1234 1355 1320 1421; x_wconf 88' lang='lat' dir='ltr'>ad</span> <span class='ocrx_word' id='word_1_51' title='bbox 1367 1355 1535 1419; x_wconf 90' lang='lat' dir='ltr'>Livii</span> <span class='ocrx_word' id='word_1_52' title='bbox 1584 1355 1903 1420; x_wconf 89' lang='lat' dir='ltr'>orationis</span> <span class='ocrx_word' id='word_1_53' title='bbox 1949 1353 2344 1419; x_wconf 87' lang='lat' dir='ltr'>brevitatem</span> <span class='ocrx_word' id='word_1_54' title='bbox 2388 1353 2681 1419; x_wconf 77' lang='lat' dir='ltr'>studiose</span> 
     </span>
     <span class='ocr_line' id='line_1_8' title="bbox 364 1461 2678 1548; baseline -0.001 -20"><span class='ocrx_word' id='word_1_55' title='bbox 364 1466 715 1547; x_wconf 84' lang='lat' dir='ltr'>quaesitam</span> <span class='ocrx_word' id='word_1_56' title='bbox 729 1516 743 1543; x_wconf 96' lang='lat'>,</span> <span class='ocrx_word' id='word_1_57' title='bbox 811 1486 945 1547; x_wconf 90' lang='lat' dir='ltr'>qua</span> <span class='ocrx_word' id='word_1_58' title='bbox 1000 1465 1316 1548; x_wconf 87' lang='lat' dir='ltr'>temporis</span> <span class='ocrx_word' id='word_1_59' title='bbox 1367 1471 1433 1528; x_wconf 89' lang='lat' dir='ltr'>et</span> <span class='ocrx_word' id='word_1_60' title='bbox 1479 1484 1693 1529; x_wconf 75' lang='lat' dir='ltr'>causae</span> <span class='ocrx_word' id='word_1_61' title='bbox 1741 1461 2131 1545; x_wconf 83' lang='lat' dir='ltr'>significatio</span> <span class='ocrx_word' id='word_1_62' title='bbox 2178 1463 2242 1526; x_wconf 91' lang='lat' dir='ltr'>in</span> <span class='ocrx_word' id='word_1_63' title='bbox 2290 1483 2488 1527; x_wconf 88' lang='lat' dir='ltr'>unam</span> <span class='ocrx_word' id='word_1_64' title='bbox 2535 1483 2678 1526; x_wconf 91' lang='lat' dir='ltr'>sen-</span> 
     </span>
     <span class='ocr_line' id='line_1_9' title="bbox 368 1567 2677 1654; baseline -0.002 -17"><span class='ocrx_word' id='word_1_65' title='bbox 368 1573 641 1637; x_wconf 80' lang='lat' dir='ltr'>tentiam</span> <span class='ocrx_word' id='word_1_66' title='bbox 696 1572 1040 1638; x_wconf 88' lang='lat' dir='ltr'>conflatur.</span> <span class='ocrx_word' id='word_1_67' title='bbox 1132 1571 1352 1653; x_wconf 88' lang='lat' dir='ltr'>(Quod</span> <span class='ocrx_word' id='word_1_68' title='bbox 1409 1572 1477 1636; x_wconf 92' lang='lat' dir='ltr'>in</span> <span class='ocrx_word' id='word_1_69' title='bbox 1536 1570 1682 1635; x_wconf 87' lang='lat' dir='ltr'>cod.</span> <span class='ocrx_word' id='word_1_70' title='bbox 1731 1570 2090 1654; x_wconf 83' lang='lat' dir='ltr'>archetypo</span> <span class='ocrx_word' id='word_1_71' title='bbox 2150 1569 2466 1653; x_wconf 88' lang='lat' dir='ltr'>seriptum</span> <span class='ocrx_word' id='word_1_72' title='bbox 2521 1567 2677 1633; x_wconf 91' lang='lat' dir='ltr'>fuit:</span> 
     </span>
     <span class='ocr_line' id='line_1_10' title="bbox 364 1677 2679 1762; baseline -0.001 -19"><span class='ocrx_word' id='word_1_73' title='bbox 364 1680 554 1762; x_wconf 88' lang='lat' dir='ltr'>quib</span> <span class='ocrx_word' id='word_1_74' title='bbox 571 1702 660 1746; x_wconf 93' lang='lat' dir='ltr'>us</span> <span class='ocrx_word' id='word_1_75' title='bbox 706 1679 910 1745; x_wconf 84' lang='lat' dir='ltr'>facti</span> <span class='ocrx_word' id='word_1_76' title='bbox 956 1702 1140 1745; x_wconf 90' lang='lat' dir='ltr'>cons</span> <span class='ocrx_word' id='word_1_77' title='bbox 1158 1679 1385 1744; x_wconf 89' lang='lat' dir='ltr'>ulibu</span> <span class='ocrx_word' id='word_1_78' title='bbox 1404 1701 1454 1758; x_wconf 94' lang='lat' dir='ltr'>s,</span> <span class='ocrx_word' id='word_1_79' title='bbox 1500 1685 1717 1743; x_wconf 87' lang='lat' dir='ltr'>ortum</span> <span class='ocrx_word' id='word_1_80' title='bbox 1761 1678 2020 1743; x_wconf 87' lang='lat' dir='ltr'>videtur</span> <span class='ocrx_word' id='word_1_81' title='bbox 2062 1678 2333 1755; x_wconf 88' lang='lat' dir='ltr'>librario</span> <span class='ocrx_word' id='word_1_82' title='bbox 2379 1677 2679 1760; x_wconf 86' lang='lat' dir='ltr'>primum,</span> 
     </span>
     <span class='ocr_line' id='line_1_11' title="bbox 360 1784 2675 1872; baseline -0.001 -21"><span class='ocrx_word' id='word_1_83' title='bbox 360 1810 566 1872; x_wconf 91' lang='lat' dir='ltr'>quum</span> <span class='ocrx_word' id='word_1_84' title='bbox 639 1810 682 1872; x_wconf 91' lang='lat' dir='ltr'>q</span> <span class='ocrx_word' id='word_1_85' title='bbox 696 1811 738 1853; x_wconf 95' lang='lat' dir='ltr'>u</span> <span class='ocrx_word' id='word_1_86' title='bbox 753 1790 775 1853; x_wconf 94' lang='lat' dir='ltr'>i</span> <span class='ocrx_word' id='word_1_87' title='bbox 788 1789 830 1853; x_wconf 93' lang='lat' dir='ltr'>b</span> <span class='ocrx_word' id='word_1_88' title='bbox 846 1810 888 1852; x_wconf 94' lang='lat' dir='ltr'>u</span> <span class='ocrx_word' id='word_1_89' title='bbox 904 1810 935 1853; x_wconf 92' lang='lat' dir='ltr'>s</span> <span class='ocrx_word' id='word_1_90' title='bbox 993 1788 1368 1871; x_wconf 78' lang='lat' dir='ltr'>scripsisset</span> <span class='ocrx_word' id='word_1_91' title='bbox 1383 1838 1397 1865; x_wconf 95' lang='lat'>,</span> <span class='ocrx_word' id='word_1_92' title='bbox 1459 1786 1813 1852; x_wconf 89' lang='lat' dir='ltr'>aberrante</span> <span class='ocrx_word' id='word_1_93' title='bbox 1872 1786 1958 1851; x_wconf 88' lang='lat' dir='ltr'>ad</span> <span class='ocrx_word' id='word_1_94' title='bbox 2017 1807 2058 1868; x_wconf 92' lang='lat' dir='ltr'>q</span> <span class='ocrx_word' id='word_1_95' title='bbox 2071 1808 2111 1849; x_wconf 91' lang='grc' dir='ltr'>ιι</span> <span class='ocrx_word' id='word_1_96' title='bbox 2132 1786 2208 1850; x_wconf 91' lang='lat' dir='ltr'>ia</span> <span class='ocrx_word' id='word_1_97' title='bbox 2262 1805 2296 1849; x_wconf 94' lang='lat' dir='ltr'>e</span> <span class='ocrx_word' id='word_1_98' title='bbox 2311 1808 2380 1863; x_wconf 73' lang='grc' dir='ltr'>Χ,</span> <span class='ocrx_word' id='word_1_99' title='bbox 2440 1784 2675 1849; x_wconf 86' lang='lat' dir='ltr'>deinde</span> 
     </span>
     <span class='ocr_line' id='line_1_12' title="bbox 364 1893 1984 1975; baseline -0.001 -16"><span class='ocrx_word' id='word_1_100' title='bbox 364 1897 429 1959; x_wconf 89' lang='lat' dir='ltr'>in</span> <span class='ocrx_word' id='word_1_101' title='bbox 474 1895 696 1962; x_wconf 89' lang='lat' dir='ltr'>media</span> <span class='ocrx_word' id='word_1_102' title='bbox 742 1917 899 1962; x_wconf 85' lang='lat' dir='ltr'>voce</span> <span class='ocrx_word' id='word_1_103' title='bbox 943 1895 975 1959; x_wconf 91' lang='lat' dir='ltr'>f</span> <span class='ocrx_word' id='word_1_104' title='bbox 982 1918 1023 1961; x_wconf 90' lang='lat' dir='ltr'>a</span> <span class='ocrx_word' id='word_1_105' title='bbox 1041 1902 1118 1961; x_wconf 89' lang='lat' dir='ltr'>ct</span> <span class='ocrx_word' id='word_1_106' title='bbox 1133 1897 1154 1959; x_wconf 91' lang='lat' dir='ltr'>i</span> <span class='ocrx_word' id='word_1_107' title='bbox 1169 1917 1206 1961; x_wconf 98' lang='lat' dir='ltr'>o</span> <span class='ocrx_word' id='word_1_108' title='bbox 1226 1918 1268 1959; x_wconf 92' lang='lat' dir='ltr'>n</span> <span class='ocrx_word' id='word_1_109' title='bbox 1282 1916 1317 1960; x_wconf 94' lang='lat' dir='ltr'>e</span> <span class='ocrx_word' id='word_1_110' title='bbox 1365 1916 1508 1960; x_wconf 89' lang='lat' dir='ltr'>sese</span> <span class='ocrx_word' id='word_1_111' title='bbox 1552 1893 1984 1975; x_wconf 78' lang='lat' dir='ltr'>retrahente.)</span> 
     </span>
    </p>

    <p class='ocr_par' dir='ltr' id='par_1_3' title="bbox 354 1999 2810 2952">
     <span class='ocr_line' id='line_1_13' title="bbox 533 1999 2810 2087; baseline -0.002 -19"><span class='ocrx_word' id='word_1_112' title='bbox 533 2001 696 2087; x_wconf 87' lang='lat' dir='ltr'>Cap.</span> <span class='ocrx_word' id='word_1_113' title='bbox 751 2010 846 2084; x_wconf 83' lang='lat'>19,</span> <span class='ocrx_word' id='word_1_114' title='bbox 894 2010 963 2068; x_wconf 86' lang='lat'>7:</span> <span class='ocrx_word' id='word_1_115' title='bbox 1023 2003 1181 2068; x_wconf 83' lang='lat' dir='ltr'>Neo</span> <span class='ocrx_word' id='word_1_116' title='bbox 1227 2002 1539 2068; x_wconf 86' lang='lat' dir='ltr'>fefellit</span> <span class='ocrx_word' id='word_1_117' title='bbox 1586 2002 1919 2067; x_wconf 89' lang='lat' dir='ltr'>veniens</span> <span class='ocrx_word' id='word_1_118' title='bbox 1966 1999 2331 2081; x_wconf 88' lang='lat' dir='ltr'>(AEbutius)</span> <span class='ocrx_word' id='word_1_119' title='bbox 2378 2000 2666 2065; x_wconf 89' lang='lat' dir='ltr'>Tuscu·</span> <span class='ocrx_word' id='word_1_120' title='bbox 2703 2016 2810 2085; x_wconf 83' lang='lat'>(58)</span> 
     </span>
     <span class='ocr_line' id='line_1_14' title="bbox 360 2107 2671 2194; baseline -0.001 -19"><span class='ocrx_word' id='word_1_121' title='bbox 360 2110 631 2177; x_wconf 88' lang='lat' dir='ltr'>lanum</span> <span class='ocrx_word' id='word_1_122' title='bbox 679 2112 722 2177; x_wconf 94' lang='lat' dir='ltr'>d</span> <span class='ocrx_word' id='word_1_123' title='bbox 748 2133 995 2192; x_wconf 87' lang='lat' dir='ltr'>ucem,</span> <span class='ocrx_word' id='word_1_124' title='bbox 1066 2118 1360 2177; x_wconf 88' lang='lat' dir='ltr'>contra</span> <span class='ocrx_word' id='word_1_125' title='bbox 1420 2133 1646 2194; x_wconf 89' lang='lat' dir='ltr'>quem</span> <span class='ocrx_word' id='word_1_126' title='bbox 1707 2116 1785 2175; x_wconf 90' lang='lat' dir='ltr'>et</span> <span class='ocrx_word' id='word_1_127' title='bbox 1829 2107 1972 2173; x_wconf 94' lang='lat' dir='ltr'>ille</span> <span class='ocrx_word' id='word_1_128' title='bbox 2019 2109 2325 2172; x_wconf 89' lang='lat' dir='ltr'>incitat</span> <span class='ocrx_word' id='word_1_129' title='bbox 2369 2129 2671 2190; x_wconf 89' lang='lat' dir='ltr'>equum.</span> 
     </span>
     <span class='ocr_line' id='line_1_15' title="bbox 358 2216 2675 2304; baseline -0.001 -21"><span class='ocrx_word' id='word_1_130' title='bbox 358 2219 730 2284; x_wconf 87' lang='lat' dir='ltr'>Admodum</span> <span class='ocrx_word' id='word_1_131' title='bbox 768 2216 1173 2303; x_wconf 69' lang='lat' dir='ltr'>ineleganter</span> <span class='ocrx_word' id='word_1_132' title='bbox 1207 2241 1567 2304; x_wconf 87' lang='lat' dir='ltr'>pronomen</span> <span class='ocrx_word' id='word_1_133' title='bbox 1600 2218 1949 2284; x_wconf 86' lang='lat' dir='ltr'>relativum</span> <span class='ocrx_word' id='word_1_134' title='bbox 1983 2217 2251 2301; x_wconf 89' lang='lat' dir='ltr'>ponitur</span> <span class='ocrx_word' id='word_1_135' title='bbox 2272 2237 2401 2281; x_wconf 93' lang='lat' dir='ltr'>non</span> <span class='ocrx_word' id='word_1_136' title='bbox 2426 2216 2675 2282; x_wconf 90' lang='lat' dir='ltr'>Tuscu-</span> 
     </span>
     <span class='ocr_line' id='line_1_16' title="bbox 360 2324 2676 2409; baseline -0.001 -17"><span class='ocrx_word' id='word_1_137' title='bbox 360 2327 585 2392; x_wconf 83' lang='lat' dir='ltr'>lanum</span> <span class='ocrx_word' id='word_1_138' title='bbox 634 2328 887 2408; x_wconf 91' lang='lat' dir='ltr'>ducem,</span> <span class='ocrx_word' id='word_1_139' title='bbox 934 2327 1050 2394; x_wconf 88' lang='lat' dir='ltr'>sed</span> <span class='ocrx_word' id='word_1_140' title='bbox 1094 2326 1438 2393; x_wconf 89' lang='lat' dir='ltr'>AEbutium</span> <span class='ocrx_word' id='word_1_141' title='bbox 1486 2326 1860 2409; x_wconf 86' lang='lat' dir='ltr'>significans</span> <span class='ocrx_word' id='word_1_142' title='bbox 1877 2350 1890 2405; x_wconf 81' lang='lat'>3</span> <span class='ocrx_word' id='word_1_143' title='bbox 1950 2324 2337 2389; x_wconf 89' lang='lat' dir='ltr'>restituetur</span> <span class='ocrx_word' id='word_1_144' title='bbox 2379 2330 2565 2389; x_wconf 90' lang='lat' dir='ltr'>recta</span> <span class='ocrx_word' id='word_1_145' title='bbox 2610 2330 2676 2389; x_wconf 89' lang='lat' dir='ltr'>et</span> 
     </span>
     <span class='ocr_line' id='line_1_17' title="bbox 360 2432 2674 2517; baseline -0.001 -18"><span class='ocrx_word' id='word_1_146' title='bbox 360 2434 605 2500; x_wconf 85' lang='lat' dir='ltr'>Latina</span> <span class='ocrx_word' id='word_1_147' title='bbox 676 2436 997 2501; x_wconf 90' lang='lat' dir='ltr'>orationis</span> <span class='ocrx_word' id='word_1_148' title='bbox 1065 2433 1277 2501; x_wconf 86' lang='lat' dir='ltr'>forma</span> <span class='ocrx_word' id='word_1_149' title='bbox 1294 2488 1308 2516; x_wconf 92' lang='lat'>,</span> <span class='ocrx_word' id='word_1_150' title='bbox 1384 2442 1460 2500; x_wconf 90' lang='lat' dir='ltr'>ut</span> <span class='ocrx_word' id='word_1_151' title='bbox 1525 2435 1847 2517; x_wconf 72' lang='lat' dir='ltr'>negativae</span> <span class='ocrx_word' id='word_1_152' title='bbox 1914 2432 2256 2497; x_wconf 73' lang='lat' dir='ltr'>sententiae</span> <span class='ocrx_word' id='word_1_153' title='bbox 2322 2432 2674 2498; x_wconf 82' lang='lat' dir='ltr'>affirmatio</span> 
     </span>
     <span class='ocr_line' id='line_1_18' title="bbox 354 2540 2675 2627; baseline -0 -20"><span class='ocrx_word' id='word_1_154' title='bbox 354 2543 589 2608; x_wconf 91' lang='lat' dir='ltr'>eodem</span> <span class='ocrx_word' id='word_1_155' title='bbox 646 2549 955 2626; x_wconf 88' lang='lat' dir='ltr'>spectans</span> <span class='ocrx_word' id='word_1_156' title='bbox 1014 2544 1385 2627; x_wconf 83' lang='lat' dir='ltr'>copulative</span> <span class='ocrx_word' id='word_1_157' title='bbox 1446 2541 1605 2623; x_wconf 93' lang='lat' dir='ltr'>(non</span> <span class='ocrx_word' id='word_1_158' title='bbox 1652 2540 2085 2621; x_wconf 84' lang='lat' dir='ltr'>adversative)</span> <span class='ocrx_word' id='word_1_159' title='bbox 2132 2540 2531 2624; x_wconf 85' lang='lat' dir='ltr'>adiungatur</span> <span class='ocrx_word' id='word_1_160' title='bbox 2546 2592 2560 2620; x_wconf 93' lang='lat'>,</span> <span class='ocrx_word' id='word_1_161' title='bbox 2620 2542 2675 2606; x_wconf 91' lang='lat' dir='ltr'>si</span> 
     </span>
     <span class='ocr_line' id='line_1_19' title="bbox 360 2651 2674 2734; baseline -0.001 -17"><span class='ocrx_word' id='word_1_162' title='bbox 360 2652 671 2717; x_wconf 85' lang='lat' dir='ltr'>lineolam</span> <span class='ocrx_word' id='word_1_163' title='bbox 729 2652 1078 2718; x_wconf 86' lang='lat' dir='ltr'>sustuleris</span> <span class='ocrx_word' id='word_1_164' title='bbox 1133 2651 1346 2717; x_wconf 87' lang='lat' dir='ltr'>vocali</span> <span class='ocrx_word' id='word_1_165' title='bbox 1392 2658 1699 2717; x_wconf 76' lang='lat' dir='ltr'>extremae</span> <span class='ocrx_word' id='word_1_166' title='bbox 1743 2651 2146 2734; x_wconf 88' lang='lat' dir='ltr'>impositam:</span> <span class='ocrx_word' id='word_1_167' title='bbox 2220 2666 2254 2713; x_wconf 87' lang='lat' dir='ltr'>c</span> <span class='ocrx_word' id='word_1_168' title='bbox 2272 2671 2309 2713; x_wconf 93' lang='lat' dir='ltr'>o</span> <span class='ocrx_word' id='word_1_169' title='bbox 2322 2670 2363 2712; x_wconf 94' lang='lat' dir='ltr'>n</span> <span class='ocrx_word' id='word_1_170' title='bbox 2380 2655 2453 2712; x_wconf 89' lang='lat' dir='ltr'>tr</span> <span class='ocrx_word' id='word_1_171' title='bbox 2468 2671 2509 2715; x_wconf 90' lang='lat' dir='ltr'>a</span> <span class='ocrx_word' id='word_1_172' title='bbox 2525 2670 2568 2732; x_wconf 91' lang='lat' dir='ltr'>q</span> <span class='ocrx_word' id='word_1_173' title='bbox 2581 2673 2623 2714; x_wconf 91' lang='grc' dir='ltr'>ιι</span> <span class='ocrx_word' id='word_1_174' title='bbox 2639 2672 2674 2714; x_wconf 94' lang='lat' dir='ltr'>e</span> 
     </span>
     <span class='ocr_line' id='line_1_20' title="bbox 356 2756 2673 2842; baseline -0.001 -18"><span class='ocrx_word' id='word_1_175' title='bbox 356 2767 439 2824; x_wconf 90' lang='lat' dir='ltr'>et</span> <span class='ocrx_word' id='word_1_176' title='bbox 494 2759 641 2825; x_wconf 91' lang='lat' dir='ltr'>ille</span> <span class='ocrx_word' id='word_1_177' title='bbox 689 2761 993 2826; x_wconf 88' lang='lat' dir='ltr'>incitat</span> <span class='ocrx_word' id='word_1_178' title='bbox 1038 2782 1072 2825; x_wconf 90' lang='lat' dir='ltr'>e</span> <span class='ocrx_word' id='word_1_179' title='bbox 1089 2782 1344 2842; x_wconf 91' lang='lat' dir='ltr'>quum.</span> <span class='ocrx_word' id='word_1_180' title='bbox 1437 2759 1605 2841; x_wconf 88' lang='lat' dir='ltr'>(Lib.</span> <span class='ocrx_word' id='word_1_181' title='bbox 1656 2759 1705 2837; x_wconf 86' lang='lat' dir='ltr'>I,</span> <span class='ocrx_word' id='word_1_182' title='bbox 1753 2763 1833 2822; x_wconf 86' lang='lat'>49</span> <span class='ocrx_word' id='word_1_183' title='bbox 1881 2765 2040 2823; x_wconf 83' lang='lat' dir='ltr'>extr.</span> <span class='ocrx_word' id='word_1_184' title='bbox 2091 2756 2231 2822; x_wconf 90' lang='lat' dir='ltr'>cod.</span> <span class='ocrx_word' id='word_1_185' title='bbox 2279 2757 2673 2842; x_wconf 78' lang='lat' dir='ltr'>archetypus</span> 
     </span>
     <span class='ocr_line' id='line_1_21' title="bbox 358 2864 2382 2952; baseline -0.001 -21"><span class='ocrx_word' id='word_1_186' title='bbox 358 2867 597 2933; x_wconf 88' lang='lat' dir='ltr'>habuit</span> <span class='ocrx_word' id='word_1_187' title='bbox 640 2890 683 2951; x_wconf 91' lang='lat' dir='ltr'>p</span> <span class='ocrx_word' id='word_1_188' title='bbox 699 2888 734 2932; x_wconf 90' lang='lat' dir='ltr'>e</span> <span class='ocrx_word' id='word_1_189' title='bbox 749 2891 782 2932; x_wconf 92' lang='lat' dir='ltr'>r</span> <span class='ocrx_word' id='word_1_190' title='bbox 828 2890 928 2951; x_wconf 89' lang='lat' dir='ltr'>qu</span> <span class='ocrx_word' id='word_1_191' title='bbox 947 2889 1058 2932; x_wconf 91' lang='lat' dir='ltr'>em</span> <span class='ocrx_word' id='word_1_192' title='bbox 1101 2889 1224 2952; x_wconf 89' lang='lat' dir='ltr'>pro</span> <span class='ocrx_word' id='word_1_193' title='bbox 1271 2891 1313 2952; x_wconf 93' lang='lat' dir='ltr'>p</span> <span class='ocrx_word' id='word_1_194' title='bbox 1331 2889 1410 2933; x_wconf 90' lang='lat' dir='ltr'>er</span> <span class='ocrx_word' id='word_1_195' title='bbox 1426 2888 1467 2949; x_wconf 92' lang='lat' dir='ltr'><strong>q</strong></span> <span class='ocrx_word' id='word_1_196' title='bbox 1484 2889 1527 2931; x_wconf 93' lang='lat' dir='ltr'>u</span> <span class='ocrx_word' id='word_1_197' title='bbox 1544 2888 1597 2946; x_wconf 91' lang='lat' dir='ltr'>e,</span> <span class='ocrx_word' id='word_1_198' title='bbox 1645 2873 1720 2931; x_wconf 91' lang='lat' dir='ltr'>ut</span> <span class='ocrx_word' id='word_1_199' title='bbox 1746 2872 2044 2949; x_wconf 84' lang='lat' dir='ltr'>apparet</span> <span class='ocrx_word' id='word_1_200' title='bbox 2089 2887 2168 2930; x_wconf 80' lang='lat' dir='ltr'>ex</span> <span class='ocrx_word' id='word_1_201' title='bbox 2214 2864 2382 2945; x_wconf 90' lang='lat' dir='ltr'>MP.)</span> 
     </span>
    </p>

    <p class='ocr_par' dir='ltr' id='par_1_4' title="bbox 334 2972 2673 4568">
     <span class='ocr_line' id='line_1_22' title="bbox 532 2972 2671 3058; baseline -0.001 -18"><span class='ocrx_word' id='word_1_202' title='bbox 532 2972 728 3058; x_wconf 83' lang='lat' dir='ltr'>*Cap.</span> <span class='ocrx_word' id='word_1_203' title='bbox 778 2980 879 3054; x_wconf 83' lang='lat'>21,</span> <span class='ocrx_word' id='word_1_204' title='bbox 926 2983 993 3040; x_wconf 87' lang='lat'>4:</span> <span class='ocrx_word' id='word_1_205' title='bbox 1064 2975 1303 3041; x_wconf 87' lang='lat' dir='ltr'>Tanti</span> <span class='ocrx_word' id='word_1_206' title='bbox 1350 2996 1678 3040; x_wconf 89' lang='lat' dir='ltr'>errores</span> <span class='ocrx_word' id='word_1_207' title='bbox 1725 2974 2151 3058; x_wconf 85' lang='lat' dir='ltr'>implicant</span> <span class='ocrx_word' id='word_1_208' title='bbox 2194 2980 2671 3057; x_wconf 89' lang='lat' dir='ltr'>temporum,</span> 
     </span>
     <span class='ocr_line' id='line_1_23' title="bbox 352 3081 2673 3174; baseline -0.001 -27"><span class='ocrx_word' id='word_1_209' title='bbox 352 3118 471 3162; x_wconf 86' lang='lat'>—,</span> <span class='ocrx_word' id='word_1_210' title='bbox 541 3090 630 3147; x_wconf 90' lang='lat' dir='ltr'>ut</span> <span class='ocrx_word' id='word_1_211' title='bbox 697 3104 838 3147; x_wconf 86' lang='lat' dir='ltr'>nec</span> <span class='ocrx_word' id='word_1_212' title='bbox 905 3086 1037 3174; x_wconf 87' lang='lat' dir='ltr'>qui</span> <span class='ocrx_word' id='word_1_213' title='bbox 1108 3084 1488 3149; x_wconf 90' lang='lat' dir='ltr'>consules</span> <span class='ocrx_word' id='word_1_214' title='bbox 1553 3082 1988 3147; x_wconf 89' lang='lat' dir='ltr'>secundum</span> <span class='ocrx_word' id='word_1_215' title='bbox 2045 3081 2462 3163; x_wconf 88' lang='lat' dir='ltr'>quosdam,</span> <span class='ocrx_word' id='word_1_216' title='bbox 2531 3101 2673 3145; x_wconf 86' lang='lat' dir='ltr'>nec</span> 
     </span>
     <span class='ocr_line' id='line_1_24' title="bbox 352 3189 2670 3275; baseline -0.001 -20"><span class='ocrx_word' id='word_1_217' title='bbox 352 3191 552 3273; x_wconf 88' lang='lat' dir='ltr'>quid</span> <span class='ocrx_word' id='word_1_218' title='bbox 647 3212 973 3275; x_wconf 90' lang='lat' dir='ltr'>quoque</span> <span class='ocrx_word' id='word_1_219' title='bbox 1053 3212 1255 3256; x_wconf 89' lang='lat' dir='ltr'>anno</span> <span class='ocrx_word' id='word_1_220' title='bbox 1336 3198 1608 3255; x_wconf 87' lang='lat' dir='ltr'>actum</span> <span class='ocrx_word' id='word_1_221' title='bbox 1690 3191 1798 3255; x_wconf 91' lang='lat' dir='ltr'>sit</span> <span class='ocrx_word' id='word_1_222' title='bbox 1821 3241 1835 3269; x_wconf 87' lang='lat'>,</span> <span class='ocrx_word' id='word_1_223' title='bbox 1926 3189 2300 3273; x_wconf 85' lang='lat' dir='ltr'>digerere</span> <span class='ocrx_word' id='word_1_224' title='bbox 2378 3190 2670 3271; x_wconf 86' lang='lat' dir='ltr'>possis.</span> 
     </span>
     <span class='ocr_line' id='line_1_25' title="bbox 354 3296 2672 3383; baseline -0 -22"><span class='ocrx_word' id='word_1_225' title='bbox 354 3298 685 3363; x_wconf 79' lang='lat' dir='ltr'>Vitiosum</span> <span class='ocrx_word' id='word_1_226' title='bbox 744 3320 884 3364; x_wconf 89' lang='lat' dir='ltr'>esse</span> <span class='ocrx_word' id='word_1_227' title='bbox 932 3323 975 3383; x_wconf 92' lang='lat' dir='ltr'>q</span> <span class='ocrx_word' id='word_1_228' title='bbox 993 3321 1035 3363; x_wconf 97' lang='grc' dir='ltr'>ιι</span> <span class='ocrx_word' id='word_1_229' title='bbox 1051 3322 1088 3364; x_wconf 96' lang='lat' dir='ltr'>o</span> <span class='ocrx_word' id='word_1_230' title='bbox 1102 3320 1132 3365; x_wconf 92' lang='lat' dir='ltr'>s</span> <span class='ocrx_word' id='word_1_231' title='bbox 1149 3299 1191 3363; x_wconf 89' lang='lat' dir='ltr'>d</span> <span class='ocrx_word' id='word_1_232' title='bbox 1205 3320 1323 3363; x_wconf 89' lang='lat' dir='ltr'>am</span> <span class='ocrx_word' id='word_1_233' title='bbox 1338 3350 1352 3377; x_wconf 91' lang='lat'>,</span> <span class='ocrx_word' id='word_1_234' title='bbox 1421 3303 1719 3363; x_wconf 85' lang='lat' dir='ltr'>senserat</span> <span class='ocrx_word' id='word_1_235' title='bbox 1763 3297 2070 3362; x_wconf 87' lang='lat' dir='ltr'>Dukerus</span> <span class='ocrx_word' id='word_1_236' title='bbox 2085 3348 2099 3376; x_wconf 87' lang='lat'>,</span> <span class='ocrx_word' id='word_1_237' title='bbox 2168 3297 2293 3360; x_wconf 90' lang='lat' dir='ltr'>etsi</span> <span class='ocrx_word' id='word_1_238' title='bbox 2339 3297 2395 3360; x_wconf 90' lang='lat' dir='ltr'>is</span> <span class='ocrx_word' id='word_1_239' title='bbox 2411 3347 2425 3375; x_wconf 92' lang='lat'>,</span> <span class='ocrx_word' id='word_1_240' title='bbox 2494 3296 2672 3378; x_wconf 90' lang='lat' dir='ltr'>quod</span> 
     </span>
     <span class='ocr_line' id='line_1_26' title="bbox 348 3404 2672 3488; baseline 0 -19"><span class='ocrx_word' id='word_1_241' title='bbox 348 3427 585 3470; x_wconf 78' lang='lat' dir='ltr'>vereor</span> <span class='ocrx_word' id='word_1_242' title='bbox 600 3457 614 3484; x_wconf 91' lang='lat'>,</span> <span class='ocrx_word' id='word_1_243' title='bbox 684 3427 766 3471; x_wconf 92' lang='lat' dir='ltr'>ne</span> <span class='ocrx_word' id='word_1_244' title='bbox 813 3407 1035 3472; x_wconf 88' lang='lat' dir='ltr'>multis</span> <span class='ocrx_word' id='word_1_245' title='bbox 1082 3407 1399 3472; x_wconf 88' lang='lat' dir='ltr'>acciderit</span> <span class='ocrx_word' id='word_1_246' title='bbox 1412 3458 1426 3486; x_wconf 92' lang='lat'>,</span> <span class='ocrx_word' id='word_1_247' title='bbox 1496 3428 1527 3470; x_wconf 94' lang='lat' dir='ltr'>s</span> <span class='ocrx_word' id='word_1_248' title='bbox 1544 3428 1578 3470; x_wconf 90' lang='lat' dir='ltr'>e</span> <span class='ocrx_word' id='word_1_249' title='bbox 1595 3426 1630 3469; x_wconf 92' lang='lat' dir='ltr'>c</span> <span class='ocrx_word' id='word_1_250' title='bbox 1643 3428 1686 3470; x_wconf 92' lang='lat' dir='ltr'>u</span> <span class='ocrx_word' id='word_1_251' title='bbox 1698 3426 1741 3468; x_wconf 91' lang='lat' dir='ltr'>n</span> <span class='ocrx_word' id='word_1_252' title='bbox 1757 3405 1800 3469; x_wconf 93' lang='lat' dir='ltr'>d</span> <span class='ocrx_word' id='word_1_253' title='bbox 1814 3427 1856 3469; x_wconf 97' lang='grc' dir='ltr'>ιι</span> <span class='ocrx_word' id='word_1_254' title='bbox 1871 3428 1934 3469; x_wconf 88' lang='grc' dir='ltr'>ιιι</span> <span class='ocrx_word' id='word_1_255' title='bbox 1993 3426 2034 3486; x_wconf 90' lang='lat' dir='ltr'>q</span> <span class='ocrx_word' id='word_1_256' title='bbox 2048 3427 2091 3468; x_wconf 92' lang='grc' dir='ltr'>ιι</span> <span class='ocrx_word' id='word_1_257' title='bbox 2110 3425 2147 3469; x_wconf 98' lang='lat' dir='ltr'>o</span> <span class='ocrx_word' id='word_1_258' title='bbox 2161 3426 2191 3469; x_wconf 90' lang='lat' dir='ltr'>s</span> <span class='ocrx_word' id='word_1_259' title='bbox 2207 3404 2250 3469; x_wconf 94' lang='lat' dir='ltr'>d</span> <span class='ocrx_word' id='word_1_260' title='bbox 2266 3425 2306 3469; x_wconf 89' lang='lat' dir='ltr'>a</span> <span class='ocrx_word' id='word_1_261' title='bbox 2320 3426 2383 3467; x_wconf 95' lang='lat' dir='ltr'>m</span> <span class='ocrx_word' id='word_1_262' title='bbox 2430 3405 2672 3488; x_wconf 88' lang='lat' dir='ltr'>accipit</span> 
     </span>
     <span class='ocr_line' id='line_1_27' title="bbox 350 3511 2672 3596; baseline -0 -19"><span class='ocrx_word' id='word_1_263' title='bbox 350 3513 440 3578; x_wconf 87' lang='lat' dir='ltr'>de</span> <span class='ocrx_word' id='word_1_264' title='bbox 485 3513 875 3579; x_wconf 86' lang='lat' dir='ltr'>auctoribus</span> <span class='ocrx_word' id='word_1_265' title='bbox 891 3539 906 3594; x_wconf 82' lang='lat'><em>3</em></span> <span class='ocrx_word' id='word_1_266' title='bbox 978 3515 1211 3579; x_wconf 89' lang='lat' dir='ltr'>Latine</span> <span class='ocrx_word' id='word_1_267' title='bbox 1279 3512 1700 3596; x_wconf 89' lang='lat' dir='ltr'>loquentibus</span> <span class='ocrx_word' id='word_1_268' title='bbox 1756 3515 1811 3579; x_wconf 91' lang='lat' dir='ltr'>is</span> <span class='ocrx_word' id='word_1_269' title='bbox 1869 3535 1899 3578; x_wconf 91' lang='lat' dir='ltr'>s</span> <span class='ocrx_word' id='word_1_270' title='bbox 1914 3534 1948 3577; x_wconf 94' lang='lat' dir='ltr'>e</span> <span class='ocrx_word' id='word_1_271' title='bbox 1964 3534 1999 3576; x_wconf 92' lang='lat' dir='ltr'>c</span> <span class='ocrx_word' id='word_1_272' title='bbox 2014 3536 2054 3577; x_wconf 96' lang='lat' dir='ltr'>u</span> <span class='ocrx_word' id='word_1_273' title='bbox 2070 3536 2111 3577; x_wconf 94' lang='lat' dir='ltr'>n</span> <span class='ocrx_word' id='word_1_274' title='bbox 2127 3512 2170 3576; x_wconf 94' lang='lat' dir='ltr'>d</span> <span class='ocrx_word' id='word_1_275' title='bbox 2185 3535 2227 3576; x_wconf 91' lang='grc' dir='ltr'>ιι</span> <span class='ocrx_word' id='word_1_276' title='bbox 2242 3534 2305 3576; x_wconf 85' lang='grc' dir='ltr'>ιιι</span> <span class='ocrx_word' id='word_1_277' title='bbox 2362 3511 2412 3575; x_wconf 92' lang='lat' dir='ltr'>L</span> <span class='ocrx_word' id='word_1_278' title='bbox 2428 3513 2451 3576; x_wconf 91' lang='lat' dir='ltr'>i</span> <span class='ocrx_word' id='word_1_279' title='bbox 2465 3536 2499 3576; x_wconf 89' lang='lat' dir='ltr'>v</span> <span class='ocrx_word' id='word_1_280' title='bbox 2515 3513 2536 3576; x_wconf 94' lang='lat' dir='ltr'>i</span> <span class='ocrx_word' id='word_1_281' title='bbox 2550 3534 2592 3576; x_wconf 93' lang='grc' dir='ltr'>ιι</span> <span class='ocrx_word' id='word_1_282' title='bbox 2608 3535 2672 3576; x_wconf 82' lang='grc' dir='ltr'>ιιι</span> 
     </span>
     <span class='ocr_line' id='line_1_28' title="bbox 344 3620 2670 3704; baseline -0.001 -18"><span class='ocrx_word' id='word_1_283' title='bbox 344 3644 387 3685; x_wconf 84' lang='lat' dir='ltr'>c</span> <span class='ocrx_word' id='word_1_284' title='bbox 404 3643 499 3687; x_wconf 93' lang='lat' dir='ltr'>on</span> <span class='ocrx_word' id='word_1_285' title='bbox 521 3643 551 3686; x_wconf 91' lang='lat' dir='ltr'>s</span> <span class='ocrx_word' id='word_1_286' title='bbox 569 3622 650 3686; x_wconf 91' lang='lat' dir='ltr'>ul</span> <span class='ocrx_word' id='word_1_287' title='bbox 718 3622 749 3686; x_wconf 84' lang='lat' dir='ltr'>f</span> <span class='ocrx_word' id='word_1_288' title='bbox 760 3623 880 3687; x_wconf 91' lang='lat' dir='ltr'>uit</span> <span class='ocrx_word' id='word_1_289' title='bbox 896 3674 909 3701; x_wconf 92' lang='lat'>,</span> <span class='ocrx_word' id='word_1_290' title='bbox 980 3624 1092 3704; x_wconf 91' lang='lat' dir='ltr'>qui</span> <span class='ocrx_word' id='word_1_291' title='bbox 1149 3623 1405 3687; x_wconf 89' lang='lat' dir='ltr'>Livium</span> <span class='ocrx_word' id='word_1_292' title='bbox 1472 3623 1539 3685; x_wconf 94' lang='lat' dir='ltr'>in</span> <span class='ocrx_word' id='word_1_293' title='bbox 1607 3620 1955 3686; x_wconf 85' lang='lat' dir='ltr'>consulatu</span> <span class='ocrx_word' id='word_1_294' title='bbox 2028 3627 2287 3685; x_wconf 85' lang='lat' dir='ltr'>secutus</span> <span class='ocrx_word' id='word_1_295' title='bbox 2344 3627 2472 3700; x_wconf 88' lang='lat' dir='ltr'>est,</span> <span class='ocrx_word' id='word_1_296' title='bbox 2541 3643 2670 3686; x_wconf 91' lang='lat' dir='ltr'>non</span> 
     </span>
     <span class='ocr_line' id='line_1_29' title="bbox 347 3727 2668 3812; baseline 0 -19"><span class='ocrx_word' id='word_1_297' title='bbox 347 3751 553 3812; x_wconf 88' lang='lat' dir='ltr'>quem</span> <span class='ocrx_word' id='word_1_298' title='bbox 625 3730 849 3795; x_wconf 77' lang='lat' dir='ltr'>Livius</span> <span class='ocrx_word' id='word_1_299' title='bbox 928 3737 1164 3795; x_wconf 84' lang='lat' dir='ltr'>auctor</span> <span class='ocrx_word' id='word_1_300' title='bbox 1246 3737 1346 3795; x_wconf 90' lang='lat' dir='ltr'>est</span> <span class='ocrx_word' id='word_1_301' title='bbox 1425 3729 1762 3794; x_wconf 90' lang='lat' dir='ltr'>consulem</span> <span class='ocrx_word' id='word_1_302' title='bbox 1828 3729 2027 3793; x_wconf 86' lang='lat' dir='ltr'>fuisse</span> <span class='ocrx_word' id='word_1_303' title='bbox 2045 3754 2058 3808; x_wconf 93' lang='lat'>;</span> <span class='ocrx_word' id='word_1_304' title='bbox 2136 3727 2253 3794; x_wconf 87' lang='lat' dir='ltr'>sed</span> <span class='ocrx_word' id='word_1_305' title='bbox 2316 3750 2436 3793; x_wconf 90' lang='lat' dir='ltr'>nec</span> <span class='ocrx_word' id='word_1_306' title='bbox 2503 3750 2668 3812; x_wconf 91' lang='lat' dir='ltr'>quos</span> 
     </span>
     <span class='ocr_line' id='line_1_30' title="bbox 340 3836 2666 3919; baseline 0 -18"><span class='ocrx_word' id='word_1_307' title='bbox 340 3839 521 3903; x_wconf 83' lang='lat' dir='ltr'>certi</span> <span class='ocrx_word' id='word_1_308' title='bbox 586 3838 859 3919; x_wconf 88' lang='lat' dir='ltr'>quidam</span> <span class='ocrx_word' id='word_1_309' title='bbox 925 3845 1231 3904; x_wconf 85' lang='lat' dir='ltr'>auctores</span> <span class='ocrx_word' id='word_1_310' title='bbox 1298 3836 1601 3903; x_wconf 82' lang='lat' dir='ltr'>consules</span> <span class='ocrx_word' id='word_1_311' title='bbox 1674 3836 1879 3903; x_wconf 80' lang='lat' dir='ltr'>fuisse</span> <span class='ocrx_word' id='word_1_312' title='bbox 1934 3836 2304 3915; x_wconf 89' lang='lat' dir='ltr'>traderent,</span> <span class='ocrx_word' id='word_1_313' title='bbox 2374 3857 2494 3901; x_wconf 90' lang='lat' dir='ltr'>nec</span> <span class='ocrx_word' id='word_1_314' title='bbox 2555 3839 2666 3919; x_wconf 92' lang='lat' dir='ltr'>qui</span> 
     </span>
     <span class='ocr_line' id='line_1_31' title="bbox 342 3944 2666 4029; baseline -0.002 -17"><span class='ocrx_word' id='word_1_315' title='bbox 342 3945 660 4012; x_wconf 83' lang='lat' dir='ltr'>consules</span> <span class='ocrx_word' id='word_1_316' title='bbox 738 3954 891 4029; x_wconf 86' lang='lat' dir='ltr'>post</span> <span class='ocrx_word' id='word_1_317' title='bbox 970 3952 1186 4011; x_wconf 87' lang='lat' dir='ltr'>certos</span> <span class='ocrx_word' id='word_1_318' title='bbox 1252 3944 1570 4028; x_wconf 86' lang='lat' dir='ltr'>quosdam</span> <span class='ocrx_word' id='word_1_319' title='bbox 1641 3944 1780 4027; x_wconf 89' lang='lat' dir='ltr'>(qui</span> <span class='ocrx_word' id='word_1_320' title='bbox 1847 3944 2010 4009; x_wconf 88' lang='lat' dir='ltr'>nulli</span> <span class='ocrx_word' id='word_1_321' title='bbox 2082 3945 2297 4026; x_wconf 90' lang='lat' dir='ltr'>erant)</span> <span class='ocrx_word' id='word_1_322' title='bbox 2365 3945 2666 4023; x_wconf 82' lang='lat' dir='ltr'>fuissent,</span> 
     </span>
     <span class='ocr_line' id='line_1_32' title="bbox 343 4052 2664 4136; baseline 0 -19"><span class='ocrx_word' id='word_1_323' title='bbox 343 4053 779 4136; x_wconf 83' lang='lat' dir='ltr'>quaerebatur</span> <span class='ocrx_word' id='word_1_324' title='bbox 837 4075 914 4118; x_wconf 88' lang='lat' dir='ltr'>ac</span> <span class='ocrx_word' id='word_1_325' title='bbox 970 4053 1434 4132; x_wconf 84' lang='lat' dir='ltr'>dubitabatur,</span> <span class='ocrx_word' id='word_1_326' title='bbox 1502 4052 1619 4118; x_wconf 92' lang='lat' dir='ltr'>sed</span> <span class='ocrx_word' id='word_1_327' title='bbox 1677 4052 1756 4117; x_wconf 92' lang='lat' dir='ltr'>de</span> <span class='ocrx_word' id='word_1_328' title='bbox 1814 4073 1964 4117; x_wconf 88' lang='lat' dir='ltr'>vero</span> <span class='ocrx_word' id='word_1_329' title='bbox 2022 4053 2361 4118; x_wconf 88' lang='lat' dir='ltr'>consulum</span> <span class='ocrx_word' id='word_1_330' title='bbox 2417 4053 2664 4134; x_wconf 88' lang='lat' dir='ltr'>ordine,</span> 
     </span>
     <span class='ocr_line' id='line_1_33' title="bbox 334 4158 2666 4246; baseline -0.001 -20"><span class='ocrx_word' id='word_1_331' title='bbox 334 4183 557 4246; x_wconf 86' lang='lat' dir='ltr'>quum</span> <span class='ocrx_word' id='word_1_332' title='bbox 612 4167 921 4227; x_wconf 87' lang='lat' dir='ltr'>auctores</span> <span class='ocrx_word' id='word_1_333' title='bbox 980 4161 1453 4245; x_wconf 89' lang='lat' dir='ltr'>discreparent.</span> <span class='ocrx_word' id='word_1_334' title='bbox 1569 4158 1761 4237; x_wconf 82' lang='lat' dir='ltr'>Quod</span> <span class='ocrx_word' id='word_1_335' title='bbox 1817 4166 1969 4225; x_wconf 88' lang='lat' dir='ltr'>ante</span> <span class='ocrx_word' id='word_1_336' title='bbox 2025 4160 2268 4226; x_wconf 90' lang='lat' dir='ltr'>multos</span> <span class='ocrx_word' id='word_1_337' title='bbox 2315 4181 2522 4226; x_wconf 89' lang='lat' dir='ltr'>annos</span> <span class='ocrx_word' id='word_1_338' title='bbox 2568 4162 2666 4225; x_wconf 94' lang='lat' dir='ltr'>in-</span> 
     </span>
     <span class='ocr_line' id='line_1_34' title="bbox 338 4267 2664 4353; baseline -0.001 -19"><span class='ocrx_word' id='word_1_339' title='bbox 338 4267 760 4345; x_wconf 80' lang='lat' dir='ltr'>tellexeram,</span> <span class='ocrx_word' id='word_1_340' title='bbox 806 4269 1047 4353; x_wconf 81' lang='lat' dir='ltr'>duplex</span> <span class='ocrx_word' id='word_1_341' title='bbox 1092 4290 1133 4335; x_wconf 86' lang='lat' dir='ltr'>a</span> <span class='ocrx_word' id='word_1_342' title='bbox 1181 4268 1360 4333; x_wconf 89' lang='lat' dir='ltr'>Livio</span> <span class='ocrx_word' id='word_1_343' title='bbox 1406 4267 1952 4351; x_wconf 85' lang='lat' dir='ltr'>interrogativum</span> <span class='ocrx_word' id='word_1_344' title='bbox 1991 4290 2350 4353; x_wconf 90' lang='lat' dir='ltr'>pronomen</span> <span class='ocrx_word' id='word_1_345' title='bbox 2377 4269 2664 4352; x_wconf 86' lang='lat' dir='ltr'>positum</span> 
     </span>
     <span class='ocr_line' id='line_1_35' title="bbox 338 4375 2663 4458; baseline -0 -17"><span class='ocrx_word' id='word_1_346' title='bbox 338 4377 549 4442; x_wconf 84' lang='lat' dir='ltr'>fuisse</span> <span class='ocrx_word' id='word_1_347' title='bbox 597 4376 741 4458; x_wconf 91' lang='lat' dir='ltr'>(qui</span> <span class='ocrx_word' id='word_1_348' title='bbox 787 4377 1087 4442; x_wconf 89' lang='lat' dir='ltr'>consules</span> <span class='ocrx_word' id='word_1_349' title='bbox 1132 4397 1298 4458; x_wconf 90' lang='lat' dir='ltr'>quos</span> <span class='ocrx_word' id='word_1_350' title='bbox 1346 4377 1558 4441; x_wconf 89' lang='lat' dir='ltr'>secuti</span> <span class='ocrx_word' id='word_1_351' title='bbox 1604 4381 1827 4441; x_wconf 88' lang='lat' dir='ltr'>essent</span> <span class='ocrx_word' id='word_1_352' title='bbox 1840 4426 1854 4454; x_wconf 91' lang='lat'>,</span> <span class='ocrx_word' id='word_1_353' title='bbox 1923 4375 2048 4440; x_wconf 90' lang='lat' dir='ltr'>hoc</span> <span class='ocrx_word' id='word_1_354' title='bbox 2095 4383 2211 4455; x_wconf 91' lang='lat' dir='ltr'>est,</span> <span class='ocrx_word' id='word_1_355' title='bbox 2268 4397 2407 4458; x_wconf 33' lang='lat' dir='ltr'>quo.</span> <span class='ocrx_word' id='word_1_356' title='bbox 2445 4398 2513 4442; x_wconf 89' lang='lat' dir='ltr'>se</span> <span class='ocrx_word' id='word_1_357' title='bbox 2559 4398 2663 4441; x_wconf 93' lang='lat' dir='ltr'>or-</span> 
     </span>
     <span class='ocr_line' id='line_1_36' title="bbox 336 4483 2663 4568; baseline 0 -20"><span class='ocrx_word' id='word_1_358' title='bbox 336 4485 496 4550; x_wconf 86' lang='lat' dir='ltr'>dine</span> <span class='ocrx_word' id='word_1_359' title='bbox 560 4483 863 4550; x_wconf 89' lang='lat' dir='ltr'>consules</span> <span class='ocrx_word' id='word_1_360' title='bbox 911 4484 1380 4568; x_wconf 77' lang='lat' dir='ltr'>excepissent),</span> <span class='ocrx_word' id='word_1_361' title='bbox 1451 4484 1637 4550; x_wconf 87' lang='lat' dir='ltr'>video</span> <span class='ocrx_word' id='word_1_362' title='bbox 1698 4485 1898 4548; x_wconf 89' lang='lat' dir='ltr'>etiam</span> <span class='ocrx_word' id='word_1_363' title='bbox 1944 4483 2308 4568; x_wconf 89' lang='lat' dir='ltr'>Hauptium</span> <span class='ocrx_word' id='word_1_364' title='bbox 2366 4485 2663 4550; x_wconf 86' lang='lat' dir='ltr'>animad-</span> 
     </span>
    </p>
   </div>
  </div>
 </body>
</html>
