3230 5282
1469 574 1591 636 729
2342 587 2467 644 Lib.
2503 588 2667 645 XLV.

373 759 904 826 cumeundam
970 758 1367 826 Graeciam
1434 757 1893 843 profectuS,
1961 779 2367 843 quamquam
2425 762 2671 827 incom-

367 867 748 934 modissime
792 869 967 935 inter
1010 867 1151 935 haec
1212 874 1354 934 arte
1423 868 1819 934 cohaerentia
1884 870 2324 953 interponitur
2380 869 2671 954 praefecti

371 979 607 1042 castris
654 977 829 1043 Galli
872 978 1142 1055 mentio,
1189 977 1667 1042 incommodius
1714 978 1914 1043 etiam
1958 977 2212 1044 consilii
2249 981 2430 1063 capti
2475 981 2672 1064 signi-

369 1084 591 1150 ficatio
638 1085 755 1167 (ut
803 1085 1152 1168 statuit),
1214 1086 1484 1152 sive-ea
1541 1085 1628 1150 ad
1672 1086 2147 1170 profectionem
2202 1088 2335 1151 sive
2382 1086 2468 1152 ad
2515 1088 2671 1154 Gal·

369 1193 504 1259 lum
569 1194 1054 1279 praeficiendum
1120 1194 1432 1278 pertinet,
1502 1216 1703 1279 pravo
1771 1203 2064 1280 tempore
2131 1195 2312 1262 verbi
2378 1218 2671 1281 compre-

368 1302 607 1383 hensa3
675 1324 828 1368 nam
885 1302 1123 1369 saltem
1178 1309 1603 1369 statuerat
1673 1304 1799 1368 dici
1847 1302 2164 1383 debebat;
2209 1302 2669 1388 profectus,

369 1419 458 1476 ut
504 1413 840 1491 statuit,
906 1433 1178 1497 prorsus
1237 1411 1586 1477 ridiculum
1643 1419 1761 1478 est.
1851 1412 2032 1477 Nihil
2091 1393 2239 1479 dico
2286 1412 2367 1478 de
2414 1415 2657 1481 inanis·
2696 1428 2842 1499 (607)

365 1521 581 1598 simis,
650 1520 864 1606 qualis
910 1543 1081 1586 nunc
1136 1521 1323 1586 locus
1371 1529 1508 1597 est,
1577 1520 1677 1586 his
1741 1520 2163 1604 ambagibus:
2232 1521 2669 1589 Auctumni

365 1634 688 1712 tem-pus
737 1636 947 1707 erat,
1010 1628 1241 1694 cuius
1295 1631 1700 1714 temporis
1747 1629 1998 1694 initio
2042 1628 2474 1712 profectus
2522 1637 2666 1696 est.

368 1735 825 1820 (SuperioreS,
893 1737 988 1802 ad
1050 1743 1203 1802 ante
1251 1735 1902 1803 circumeundam
1972 1738 2261 1816 sublato,
2330 1738 2455 1804 hoc
2522 1759 2668 1804 cum

367 1845 671 1910 statuit
738 1847 1237 1924 coniunxerant,
1307 1847 1467 1911 mire
1537 1848 1755 1929 posita
1820 1846 2149 1929 particula
2215 1852 2330 1922 ut,
2397 1868 2477 1912 ne
2536 1848 2670 1913 alia

365 1955 916 2036 commemorem.)
1023 1954 1231 2032 Quam
1314 1954 1554 2038 pusilla
1622 1975 1729 2020 res
1810 1961 2093 2038 quantas
2158 1955 2388 2020 turbas
2456 1955 2664 2020 dedit!

361 2061 510 2128 Una
554 2062 780 2128 littera
836 2061 1066 2128 addita
1124 2062 1342 2128 omnia
1409 2070 1567 2147 apta
1629 2070 1694 2129 et
1739 2084 1900 2128 sana
1945 2070 2166 2128 erunt:
2233 2064 2665 2128 Auctumni

361 2170 534 2237 fere
581 2177 893 2256 tempus
941 2177 1138 2248 erat,
1188 2171 1429 2235 cuius
1474 2173 1877 2255 temporis
1911 2172 2156 2237 initio
2192 2170 2289 2236 ad
2335 2172 2665 2237 circum-

360 2278 703 2345 eundam
750 2279 1134 2344 Graeciam
1170 2314 1255 2326 -
1298 2278 1405 2342 nti
1454 2280 1773 2346 statuit.
1841 2279 2300 2364 Praeposito
2350 2282 2666 2347 castris

360 2394 484 2453 cet.
577 2387 716 2453 Iam
761 2393 940 2453 recte
986 2388 1268 2471 primum
1315 2395 1573 2473 tempus
1634 2390 1851 2473 ipsum
1897 2387 2298 2472 significatur
2346 2395 2411 2455 et
2456 2391 2663 2455 consi-

355 2496 518 2561 lium
563 2504 719 2563 ante
767 2502 1032 2589 captum
1077 2496 1157 2562 de
1205 2497 1344 2562 eius
1389 2498 1702 2582 temporis
1747 2503 1936 2582 parte
1976 2497 2253 2576 utenda3
2302 2497 2534 2563 deinde
2582 2497 2664 2564 ad

355 2604 830 2690 profectionem
895 2606 1238 2672 transitur.
1343 2604 1594 2689 (XLIV,
1667 2609 1766 2684 35,
1836 2610 1873 2671 9
1941 2613 2027 2672 ut
2094 2605 2478 2673 audierat
2545 2627 2665 2691 pro

352 2715 477 2780 uti
525 2714 903 2781 audierat
949 2714 1263 2781 scribitur
1307 2715 1375 2779 in
1422 2714 1680 2794 codice3
1750 2736 2147 2799 quamquam
2208 2695 2367 2798 Quid
2423 2716 2489 2780 in
2542 2714 2663 2781 tali

354 2844 572 2888 errore
619 2823 919 2906 exemplo
965 2829 1118 2889 utor
1132 2823 1192 2904 1³)

529 2930 692 3016 Cap.
763 2935 863 3010 28,
935 2937 1000 2997 2:
1070 2931 1232 2996 Arx
1301 2952 1627 3016 quoque
1696 2938 1772 2996 et
1827 2930 2175 2999 Isthmus
2246 2932 2660 3015 praebuere

352 3040 914 3124 spectaculum
977 3039 1079 3122 (L.
1135 3039 1407 3105 AEmilio
1458 3037 1852 3106 Corinthum
1905 3039 2193 3122 visenti),
2263 3060 2401 3104 arx
2446 3040 2662 3106 inter

243 3206 254 3211 -
353 3150 620 3214 omnia
667 3148 746 3213 in
791 3149 1217 3214 immanem
1264 3147 1794 3213 altitudinem
1840 3146 2080 3226 edita,
2129 3153 2458 3212 scatens
2502 3147 2667 3214 son-

348 3257 613 3337 tibus,
659 3255 1024 3322 Isthmus
1072 3257 1227 3321 duo
1271 3257 1570 3333 maria,
1631 3256 1724 3321 ab
1772 3276 2072 3322 occasu
2119 3262 2195 3320 et
2241 3264 2417 3321 ortu
2465 3257 2666 3324 solis

345 3365 756 3451 finitima,
827 3366 1032 3430 artis
1100 3363 1488 3430 faucibus
1560 3363 1968 3430 dirimens.
2059 3364 2333 3429 Frustra
2389 3386 2664 3447 quaeraS,

349 3472 508 3557 quid
555 3472 681 3537 sibi
729 3473 936 3538 velint
980 3473 1096 3538 illa
1163 3475 1384 3539 inter
1441 3474 1711 3537 omnia
1770 3480 1835 3538 et
1896 3493 2039 3555 quae
2096 3475 2182 3538 sit
2226 3471 2365 3538 haec
2410 3474 2666 3539 numeri

351 3581 781 3665 significati03
826 3580 989 3646 nihil
1024 3583 1196 3647 enim
1235 3582 1302 3646 in
1342 3580 1759 3646 altitudinem
1802 3580 2022 3646 editur
2057 3581 2188 3647 nisi
2220 3581 2395 3646 inter
2429 3583 2663 3662 omnia,

349 3711 493 3773 quae
541 3691 720 3754 circa
765 3697 935 3754 sunt.
1026 3689 1448 3756 Manifestum
1497 3711 1637 3755 esse
1685 3690 1949 3772 opinor,
2009 3668 2333 3759 excidisse
2378 3690 2661 3756 vocabu-

340 3798 477 3863 lum
525 3799 989 3882 soriptumque,
1028 3797 1184 3863 olim
1229 3796 1464 3863 fuisse:
1513 3798 1728 3862 inter
1772 3797 2015 3895 plana
2063 3798 2349 3864 omnia.
2416 3797 2492 3863 Id
2538 3798 2649 3864 de-

339 3927 516 3971 mum
562 3904 988 3971 memorabile
1047 3911 1176 3984 est,
1243 3905 1416 3971 inter
1474 3906 1693 3971 omnia
1751 3906 1923 3970 circa
1979 3905 2179 3990 plana
2224 3928 2444 3972 arcem
2487 3927 2652 3989 prae-

335 4019 609 4098 ruptam
654 4015 834 4096 erigi.
922 4013 1270 4098 Loquendi
1316 4034 1520 4097 genus
1567 4015 1983 4079 notissimum
2042 4020 2173 4094 est3
2245 4015 2409 4079 Livii
2466 4014 2650 4080 locos

336 4121 595 4206 aliquot
637 4122 1212 4187 Weissenbornius
1259 4122 1344 4187 ad
1388 4122 1689 4199 XXVIII,
1736 4126 1839 4202 42,
1891 4127 1926 4186 3
1975 4122 2267 4205 collegit:
2317 4120 2431 4200 111,
2479 4125 2535 4200 6,
2586 4124 2644 4201 7,

331 4227 506 4307 XXI,
556 4233 654 4309 32,
701 4233 759 4307 9,
810 4229 1075 4308 XXVII,
1127 4235 1223 4310 17,
1275 4233 1348 4310 9;
1397 4230 1547 4295 add.
1584 4229 1693 4309 IX,
1724 4234 1817 4309 13,
1847 4236 1903 4309 6,
1956 4228 2221 4307 XXVII,
2259 4232 2365 4308 45,
2389 4235 2446 4295 7.
2496 4228 2647 4311 (Su-

337 4338 599 4421 periore
668 4339 886 4423 capite
933 4337 966 4421 ᾗ
1017 4342 1096 4403 10
1140 4340 1208 4404 in
1255 4340 1479 4406 codice
1538 4361 1669 4405 non
1718 4345 1871 4404 sunt
1915 4336 2118 4403 verba
2162 4340 2406 4422 petiit
2460 4337 2646 4403 inde
