3230 5282
1483 636 1607 697 429
2368 650 2492 705 Lib.
2528 651 2701 705 XXX.

394 842 663 904 prorsus
719 842 1022 905 perverse
1080 822 1147 884 in
1203 822 1346 904 ipsa
1401 821 1640 905 proelii
1696 823 2077 888 narratione
2133 822 2308 887 inter
2362 825 2535 907 regis
2595 844 2702 888 ca-

394 950 541 993 sum
608 936 674 994 et
741 950 1061 995 caesorum
1128 935 1597 1013 captorumque
1654 950 1994 995 numerum
2050 932 2382 1015 interponi
2439 930 2702 996 brevem

393 1036 578 1101 illam
625 1036 706 1102 de
741 1035 926 1102 Cirta
968 1037 1497 1121 hominibusque,
1544 1038 1658 1119 qui
1705 1058 1782 1102 eo
1819 1038 2241 1122 perfugerint,
2289 1039 2701 1118 sententiam,

394 1144 685 1208 nondum
752 1153 1264 1210 commemorata
1329 1143 1486 1227 fuga
1553 1167 1633 1210 ex
1703 1147 1843 1210 acie
1910 1147 1977 1210 in
2032 1147 2179 1229 ipsa
2234 1154 2454 1211 castra
2512 1145 2574 1230 (ἓ
2634 1153 2701 1212 5:

396 1274 550 1335 quo
608 1253 990 1336 perculsa
1044 1274 1227 1336 rege
1287 1255 1580 1319 amisso
1638 1260 1811 1332 cet.).
1923 1253 2093 1318 Nam
2151 1254 2331 1337 quod
2377 1255 2703 1320 Weissen-

394 1360 665 1425 bornius
712 1361 1069 1445 praeparari
1116 1362 1238 1441 ait,
1293 1382 1437 1442 quae
1483 1359 1516 1444 ἓ
1564 1366 1600 1425 6
1649 1366 1717 1425 et
1761 1361 2070 1446 deinceps
2114 1370 2484 1443 narrentur,
2539 1365 2706 1428 mira

392 1489 545 1533 vero
594 1489 673 1532 ea
718 1476 821 1534 est
866 1470 1292 1552 praeparatiO,
1363 1476 1438 1533 ut
1490 1469 1752 1533 initium
1807 1470 2201 1534 narrationis
2259 1471 2342 1535 ab
2400 1473 2550 1555 ipsa
2605 1472 2703 1536 di-

394 1576 652 1640 vulsum
722 1583 789 1641 et
857 1577 1198 1661 aliquanto
1256 1597 1458 1661 supra
1513 1582 1873 1641 retractum
1931 1578 2102 1643 alius
2158 1579 2256 1642 rei
2303 1580 2705 1663 exponendae

398 1684 694 1749 ordinem
741 1686 1197 1769 interrumpat.
1310 1684 1519 1748 Recta
1575 1685 1797 1749 omnia
1854 1691 2045 1749 erunt
2100 1693 2165 1750 et
2221 1686 2412 1750 facile
2470 1687 2703 1751 decur-

395 1798 570 1871 rent,
639 1795 696 1857 si
754 1793 1116 1857 clausulam
1175 1793 1355 1856 illam
1412 1791 1716 1856 undecim
1759 1793 2105 1857 verborum
2151 1816 2227 1858 ex
2274 1794 2510 1877 proelii
2553 1816 2703 1858 nar-

396 1901 650 1965 ratione
700 1900 1066 1965 detractam
1112 1922 1232 1964 suo
1281 1898 1425 1965 loco
1472 1900 1977 1983 reposuerimuS,
2037 1899 2163 1965 hoc
2207 1900 2432 1966 modo:
2477 1936 2564 1946 —
2608 1902 2705 1967 ad

397 2007 717 2073 Laelium
765 2006 1298 2092 pertrahitur.
1373 2005 1646 2070 Caedes
1692 2007 1767 2069 in
1818 2029 1904 2072 eo
1949 2008 2270 2090 proelio
2318 2044 2404 2052 —
2449 2016 2704 2075 certa-

398 2122 564 2180 tum
622 2117 911 2190 fuerat.
1023 2116 1188 2179 Non
1233 2114 1418 2197 plus
1467 2113 1519 2175 V
1566 2114 1825 2179 millia
1866 2150 1953 2160 --
1997 2122 2315 2200 captum
2361 2123 2513 2195 est,
2562 2118 2703 2180 im-

398 2230 586 2307 petu
645 2225 723 2287 in
783 2230 1059 2288 castra
1105 2222 1345 2301 facte,
1405 2242 1557 2303 quo
1593 2222 2147 2288 -multitudo
2210 2245 2289 2288 se
2340 2225 2703 2289 contule-

399 2337 544 2395 rat.
594 2330 744 2411 (Hic
789 2330 1023 2415 proelii
1068 2331 1366 2394 narratio
1413 2329 1671 2409 finitur3
1718 2337 2102 2413 sequuntur,
2148 2352 2294 2416 quae
2328 2339 2482 2414 post
2516 2354 2706 2415 proe-

396 2438 557 2502 lium
626 2446 777 2503 acta
844 2445 1027 2516 sunt,
1095 2439 1285 2502 initio
1355 2443 1549 2520 capto
1609 2458 1651 2501 a
1706 2439 2048 2522 notatione
2114 2438 2275 2517 loci,
2358 2460 2486 2520 quo
2557 2449 2708 2504 acta

399 2545 598 2627 sunt.)
700 2545 926 2610 Cirta
995 2552 1234 2630 caput
1294 2546 1522 2627 regni
1579 2544 1973 2628 Syphacis
2033 2553 2235 2624 erat,
2311 2567 2561 2628 eoque
2622 2568 2704 2612 se

398 2655 685 2736 ingens
747 2655 1145 2719 hominum
1200 2653 1553 2729 contulit
1609 2654 1747 2718 vis.
1851 2654 2284 2720 Masinissa
2330 2661 2451 2721 cet.
2540 2655 2700 2719 Tam
2740 2667 2879 2737 (350)

399 2762 749 2828 manifesta
793 2786 898 2827 res
946 2770 1077 2839 est,
1146 2770 1222 2826 ut
1278 2762 1382 2826 vix
1429 2761 1909 2826 dubitationem
1956 2761 2332 2826 habituram
2382 2784 2521 2827 esse
2568 2785 2709 2827 cre-

399 2870 568 2934 dam.
637 2871 910 2936 Accedit
955 2871 1156 2952 igitur
1200 2870 1324 2933 hoc
1371 2868 1741 2953 exemplum
1788 2869 2074 2952 plurium
2122 2869 2315 2933 simul
2364 2869 2708 2935 verborum

400 3000 522 3043 sua
579 2977 734 3043 sede
792 2985 1121 3043 motorum
1181 2979 1357 3042 etin
1407 2977 1692 3041 alienum
1721 2976 2074 3041 illatorum
2120 2976 2205 3040 ad
2255 2998 2363 3055 ea,
2423 2998 2565 3059 quae
2624 2978 2710 3041 ad

401 3085 588 3163 VIII,
655 3091 748 3165 10,
813 3090 889 3148 13
937 3092 1002 3149 et
1050 3085 1264 3163 XXII,
1329 3088 1437 3163 10,
1499 3088 1535 3146 3
1582 3090 1814 3148 notata
1860 3091 2030 3148 sunt.
2146 3082 2334 3166 [Quae
2379 3084 2707 3149 Weissen-

399 3192 674 3257 bornius
734 3198 966 3257 contra
1013 3193 1326 3277 disputat,
1384 3214 1659 3275 prorsus
1706 3192 1930 3255 inania
1976 3198 2146 3256 sunt.
2260 3190 2528 3268 Quidni,
2592 3194 2706 3275 qui

400 3299 647 3365 Cirtam
693 3301 1022 3384 fugerant,
1091 3302 1473 3383 ignorarent
1528 3321 1747 3382 regem
1806 3306 1955 3382 post
2010 3319 2191 3363 suam
2239 3298 2491 3381 fugam,
2558 3320 2705 3363 cum

396 3407 798 3492 fugientibus
844 3410 1080 3473 ceteris
1130 3408 1563 3489 obequitaret,
1613 3408 1924 3491 captum?
1984 3406 2253 3472 Orosius
2299 3406 2480 3484 nihil,
2528 3407 2707 3490 quod

399 3516 483 3580 ad
531 3517 699 3581 hanc
744 3538 880 3581 rem
928 3518 1280 3600 pertineat,
1326 3513 1576 3597 habet]
1648 3514 1854 3579 Paulo
1901 3521 2054 3598 post
2087 3513 2148 3596 (ἓ
2175 3513 2239 3595 8)
2279 3514 2453 3598 quod
2497 3538 2707 3599 nuper

399 3644 432 3686 e
504 3623 838 3687 codicibus
906 3631 1263 3688 retractum
1330 3623 1906 3687 Weissenbornius
1973 3623 2174 3687 tacite
2240 3624 2484 3686 tenuit:
2565 3644 2706 3687 nec

397 3731 634 3795 minis
690 3752 831 3795 nec
888 3731 1301 3796 suadendo
1348 3737 1534 3795 ante
1582 3731 1865 3808 valuit,
1926 3751 2156 3811 quam
2202 3752 2339 3794 rex
2385 3732 2704 3795 vinctus

397 3839 478 3901 in
538 3846 1068 3922 conspectum
1129 3839 1369 3902 datus
1431 3844 1655 3903 esset
1701 3838 1849 3921 (pro
1896 3845 2046 3916 est,
2106 3838 2283 3921 quod
2330 3839 2705 3921 superiores
2812 3895 2824 3907 .

396 3944 792 4026 habebant),
859 3954 1184 4029 repugnat
1243 3948 1572 4011 constanti
1621 3947 1788 4012 Livii
1845 3947 1912 4010 in
1957 3946 2082 4009 hac
2128 3946 2448 4010 orationis
2493 3946 2707 4010 forma

399 4054 576 4133 (non
625 4061 811 4118 ante
855 4089 943 4097 —
989 4052 1244 4136 quam)
1293 4054 1785 4133 consuetudini,
1846 4060 1911 4118 et
1956 4053 2149 4117 facile
2196 4053 2705 4138 frequenterque

398 4168 884 4226 commutantur
941 4168 1063 4226 est
1120 4170 1185 4226 et
1244 4170 1458 4226 esset
1516 4162 1861 4244 (sequente
1919 4162 2283 4244 praesertim
2340 4161 2411 4242 t).
2522 4161 2706 4225 Idem

349 4257 358 4266 ’
396 4269 701 4333 mendum
749 4291 784 4333 e
833 4270 976 4334 cod.
1015 4270 1400 4352 Moguntino
1446 4271 1512 4333 in
1560 4270 1883 4334 editiones
1928 4291 2051 4353 per
2084 4269 2484 4334 Gronovium
2528 4270 2705 4333 venit

397 4376 508 4441 lib.
568 4376 872 4456 XXXIV,
941 4382 1008 4455 8,
1071 4380 1139 4440 2:
1206 4398 1349 4441 nec
1415 4383 1604 4442 ante
1675 4376 2211 4455 abstiterunt,
2284 4398 2511 4471 quam
2581 4398 2703 4439 re-

397 4485 640 4549 missa
686 4485 781 4549 ab
830 4484 1190 4549 tribunis
1240 4486 1737 4550 intercessio
1787 4492 2037 4564 esset3
2085 4484 2591 4566 Bambergensis
2640 4490 2703 4547 et
