3230 5282
576 622 705 676 Lib.
744 623 1019 679 XXXVII.
1672 613 1794 673 532

575 793 700 858 hac
760 796 1089 878 scriptura
1144 796 1353 860 latere
1399 797 1657 874 dicunt,
1717 796 1909 874 nihil,
1966 797 2221 879 opinor,
2278 796 2475 875 latet,
2538 799 2665 861 nisi
2710 798 2887 879 quod

575 923 706 965 una
750 903 976 967 littera
1023 909 1280 967 mutata
1321 911 1576 968 rectum
1617 911 1880 986 tempus
1920 904 2398 968 restituendum
2439 912 2574 969 est:
2623 905 2885 969 edide-

575 1010 769 1087 rint,
816 1009 877 1072 h.
927 1032 1001 1088 e.,
1049 1031 1218 1092 quas
1265 1018 1599 1093 tamquam
1649 1033 1918 1076 suarum
1968 1012 2254 1094 partium
2301 1013 2796 1078 nominaverint.

746 1116 901 1201 Cap.
948 1122 1063 1196 41,
1126 1123 1194 1198 4,
1256 1118 1366 1184 ubi
1416 1126 1547 1183 est:
1619 1121 1840 1200 regii
1912 1128 2078 1185 tam
2134 1120 2317 1183 lata
2375 1121 2557 1185 acie
2624 1140 2720 1184 ne
2788 1142 2886 1182 ex

574 1225 843 1290 medio
917 1226 1262 1308 quidem
1328 1246 1647 1292 cornua
1717 1248 1855 1291 sua
1925 1228 2588 1311 circumspicere
2647 1237 2882 1310 pote-

406 1346 547 1412 (430)
585 1340 805 1410 rant,
888 1333 1187 1397 nedum
1265 1335 1620 1397 extremi
1686 1335 1915 1398 inter
1982 1355 2064 1398 se
2131 1336 2882 1417 conspicerentur,

579 1441 948 1504 necessario
1011 1441 1430 1505 scribendum
1492 1449 1650 1523 puto
1712 1442 2239 1523 conspicere3
2321 1463 2474 1506 nam
2536 1443 2881 1506 circum-

573 1548 935 1629 spicere,
1003 1547 1129 1611 hoc
1197 1556 1327 1626 est,
1389 1547 1596 1613 oculis
1643 1569 1968 1629 quaerere,
2014 1548 2206 1613 facile
2263 1555 2603 1632 poterant,
2670 1569 2880 1631 neque

573 1656 1225 1738 circumspectionem
1294 1655 1504 1737 caligo
1573 1655 1781 1733 tollit,
1849 1655 1965 1720 sed
2036 1664 2488 1739 conspectum3
2572 1662 2639 1721 et
2707 1655 2878 1720 idem

575 1761 842 1826 verbum
911 1769 1192 1843 utroque
1249 1761 1395 1826 loco
1454 1783 1597 1827 esse
1660 1762 1884 1841 debet,
1951 1771 2055 1840 ut,
2124 1763 2299 1843 quod
2366 1785 2447 1827 ne
2519 1785 2597 1827 ex
2666 1763 2879 1827 media

573 1869 836 1952 quidem
883 1871 1022 1934 acie
1068 1868 1210 1933 fieri
1257 1870 1575 1951 potuerit,
1645 1869 1714 1933 id
1770 1869 1977 1935 multo
2035 1872 2251 1935 minus
2299 1893 2332 1934 e
2380 1870 2683 1935 cornibus
2737 1869 2878 1934 fieri

572 1977 862 2058 potuisse
921 1976 1344 2059 significetur.
1457 1977 1552 2041 De
1624 1976 1880 2041 duabus
1949 1979 2141 2043 simul
2178 1979 2501 2060 partibus
2558 1979 2875 2061 conspici-

571 2085 756 2147 endis
812 2106 942 2148 non
1001 2085 1269 2168 ponitur
1304 2086 1979 2167 circumspicere.
2028 2084 2453 2168 [Coniectura
2506 2087 2574 2150 in
2622 2084 2873 2149 duabus

570 2191 1093 2256 Drakenborchii
1138 2192 1474 2256 codicibus
1518 2199 1852 2275 praecepta
1898 2192 2043 2275 est]

743 2296 899 2382 Cap.
948 2303 1066 2376 42,
1136 2304 1172 2361 2
1233 2300 1326 2378 (in
1382 2301 1763 2364 narratione
1821 2300 2054 2382 proelii
2112 2299 2197 2364 ad
2254 2298 2715 2382 Magnesiam&
2763 2299 2873 2363 Ad

569 2426 768 2488 quos
839 2406 1124 2487 (equites
1194 2406 1684 2488 cataphractos)
1754 2428 2017 2489 quum,
2098 2407 2539 2490 dissipatis
2605 2407 2871 2472 subsi-

569 2512 758 2591 diis,
827 2514 1349 2594 pervenisset
1407 2514 1833 2595 equitatus
1881 2515 2321 2593 RomanuS,
2392 2536 2487 2578 ne
2532 2516 2873 2597 primum

569 2619 883 2703 quidem
965 2622 1354 2703 impetum
1431 2643 1617 2705 pars
1695 2644 1971 2686 eorum
2043 2623 2639 2703 sustinuerunt3
2719 2621 2867 2687 alii

564 2726 725 2791 fusi
772 2736 991 2805 sunt,
1064 2729 1216 2792 alii
1276 2736 1614 2812 propter
1669 2731 2169 2810 gravitatem
2215 2737 2869 2811 tegumentorum

566 2855 1126 2918 armorumque
1175 2839 1555 2919 oppressi
1604 2835 1862 2918 [sunt].
1971 2836 2039 2902 Si
2084 2838 2224 2901 haec
2270 2857 2427 2901 vera
2473 2845 2657 2915 sunt,
2714 2858 2867 2920 pars

566 2942 859 3024 equitum
933 2944 1516 3027 cataphractorum
1589 2946 1906 3027 impetum
1965 2945 2417 3009 sustinuerunt
2473 2966 2682 3028 neque
2739 2944 2867 3009 fusi

565 3055 678 3112 aut
718 3052 1015 3132 ‘oppressi
1066 3059 1245 3130 sunt;
1317 3051 1432 3115 sed
1493 3052 1648 3135 quid
1709 3072 1787 3115 ea
1831 3072 1988 3134 pars
2036 3051 2272 3117 deinde
2319 3057 2436 3116 aut
2479 3053 2712 3116 fecerit
2754 3059 2869 3116 aut

563 3176 760 3237 passa
805 3158 920 3236 sit,
986 3180 1118 3223 non
1164 3159 1426 3223 dicitur.
1539 3158 1863 3242 Apparet,
1931 3180 2309 3241 perversum
2368 3180 2511 3223 esse
2569 3158 2733 3223 illud
2790 3157 2867 3221 de

562 3271 750 3345 parte
818 3265 1071 3347 (aliqua
1135 3264 1414 3347 incerta)
1493 3268 1807 3349 impetum
1885 3288 2014 3330 non
2096 3268 2463 3331 sustinente
2542 3286 2868 3349 pravoque

557 3370 708 3435 loco
777 3371 1161 3435 divisionem
1228 3370 1387 3435 fieri.
1502 3371 1875 3455 Scripserat
1928 3373 2175 3438 Livius:
2230 3409 2315 3417 —
2373 3395 2464 3438 ne
2535 3374 2866 3455 primum

562 3476 882 3560 quidem
951 3479 1345 3560 impetum
1416 3481 2031 3559 sustinuerunt3
2100 3502 2288 3564 pars
2363 3502 2637 3545 eorum
2704 3480 2865 3545 fusi

563 3591 772 3663 sunt,
832 3584 975 3649 alii
1024 3591 1363 3667 propter
1407 3588 1905 3667 gravitatem
1952 3595 2073 3652 cet.
2182 3586 2398 3664 Quum
2442 3588 2685 3671 aliquis
2729 3587 2866 3650 vul-

560 3710 783 3773 garem
831 3691 1270 3756 distribuendi
1316 3692 1594 3758 formam
1641 3695 2106 3777 significasset,
2166 3695 2501 3779 adscripto
2548 3695 2634 3760 ad
2680 3714 2865 3778 pars

561 3817 836 3861 eorum
883 3798 1203 3865 vocabulo
1250 3799 1418 3880 alii,
1467 3799 1666 3882 idque
1711 3803 1780 3865 in
1827 3808 2200 3867 contextam
2248 3803 2615 3867 orationem
2660 3801 2866 3865 venis·

558 3909 695 3983 set,
764 3925 958 3987 pars
1005 3927 1280 3972 eorum
1327 3907 1412 3972 ad
1457 3909 1685 3989 priora
1729 3915 2016 3974 tractum
2075 3911 2684 3992 transpositumque
2745 3915 2863 3973 est.

558 4010 891 4093 [Offensus
935 4020 1079 4080 erat
1125 4012 1513 4096 Creverius.]

731 4118 889 4202 Cap.
947 4124 1062 4201 43,
1124 4127 1190 4185 9:
1264 4120 1639 4187 Ceterum
1708 4124 2224 4206 fugientibus
2296 4124 2550 4188 maior
2605 4124 2864 4206 pestis

556 4228 1073 4293 intermixtis
1155 4229 1590 4311 quadrigis
1670 4230 2311 4313 elephantisque
2389 4237 2468 4295 et
2534 4228 2865 4296 camelis

556 4339 735 4399 erat
791 4340 870 4398 et
931 4357 1075 4401 sua
1131 4337 1499 4418 ipsorum
1558 4337 1833 4415 turba,
1904 4359 2143 4420 quum
2200 4337 2498 4403 solutis
2557 4338 2862 4403 ordini·

555 4440 698 4504 bus
775 4442 996 4507 velut
1054 4445 1249 4507 caeci
1307 4463 1549 4526 super
1609 4441 1831 4508 alios
1890 4444 2046 4509 alii
2128 4452 2463 4509 ruentes
2521 4446 2864 4510 incursu

554 4545 975 4612 beluarum
1042 4549 1642 4614 obtererentur.
1726 4550 2118 4617 Necessario
2178 4552 2542 4617 tollendum
2588 4559 2666 4616 et
2708 4558 2864 4617 ante
