3230 5282
1396 615 1520 676 299
2218 605 2223 609 ’
2281 628 2406 684 Lib.
2446 629 2622 686 m

478 800 610 866 *De
668 820 809 884 cap.
869 803 983 879 28,
1053 803 1094 862 4
1152 796 1400 863 dictum
1457 803 1561 863 est
1617 817 1819 880 supra
1873 821 1954 882 p..
1996 802 2140 863 200.
2252 800 2328 865 In
2388 801 2621 867 eodem

319 909 526 993 capite
559 908 761 992 paulo
796 913 952 991 post
992 904 1054 988 (ξ
1079 910 1137 985 9,
1173 905 1256 971 de
1290 905 1602 984 Minucio,
1650 906 1971 989 magistro
2007 907 2329 991 equitum)
2368 908 2618 975 editur:

315 1016 411 1082 ad
466 1036 687 1082 arma
742 1022 985 1080 vocat
1042 1020 1121 1079 et
1173 1013 1405 1078 vanis
1462 1013 1752 1078 animis
1809 1020 1888 1079 et
1946 1015 2186 1081 minis
2241 1016 2621 1101 increpat

313 1124 660 1203 hostem;
704 1124 772 1189 in
817 1121 1155 1188 codicibus
1200 1121 1490 1204 antiquis
1538 1118 1699 1203 (PC)
1746 1128 1877 1186 est:
1927 1129 2009 1187 et
2051 1124 2281 1189 vanis
2326 1125 2621 1191 animis

317 1239 394 1297 et
448 1231 711 1297 nimis.
818 1229 950 1296 Sed
1003 1250 1218 1313 neque
1275 1229 1461 1294 vani
1520 1229 1767 1293 animi
1826 1229 1907 1294 de
1954 1250 2085 1296 uno
2131 1230 2394 1298 homine
2439 1240 2620 1300 recte

315 1338 618 1405 dicuntur
663 1339 776 1420 (—
818 1359 972 1415 nam
1027 1335 1273 1421 plurali
1320 1335 1514 1401 huius
1559 1336 1878 1407 nominis·
1938 1358 2144 1431 quum
2186 1337 2269 1404 de
2311 1340 2622 1423 superbia

310 1448 605 1530 ponitur,
671 1446 993 1511 adiectiva
1048 1442 1367 1510 eiusmodi
1413 1465 1743 1526 nunquam
1797 1446 2242 1528 adiunguntur
2287 1446 2374 1512 ad
2418 1467 2621 1529 genus

311 1554 632 1637 superbiae
676 1553 1040 1620 notandum
1082 1552 1194 1633 —-)
1239 1573 1481 1636 neque.
1544 1553 2092 1633 quemadmodum
2150 1555 2418 1633 minis,
2476 1568 2644 1638 quae'

311 1670 459 1727 sunt
501 1663 572 1727 in
616 1662 871 1741 verbis,
936 1661 1222 1745 aliquem
1266 1662 1717 1744 increpamus,
1784 1665 1942 1726 item
1987 1662 2301 1728 animis.
2415 1663 2619 1730 Recte

310 1771 375 1834 in
421 1770 858 1836 deterioribus
903 1768 1158 1851 aliquot
1201 1767 1538 1834 codicibus
1574 1767 1815 1848 (Voss,
1871 1767 2107 1849 Haun.,
2158 1770 2403 1836 Gaertn.
2440 1771 2621 1854 apud

311 1876 948 1957 Drakenborchium)
1006 1877 1382 1942 coniectura
1436 1876 1819 1941 restitutum
1876 1882 2005 1941 est:
2065 1883 2143 1942 et
2197 1879 2431 1944 vanis
2474 1880 2619 1943 mi-

308 1988 430 2051 nis
487 1988 891 2070 increpat.
995 1985 1209 2063 Quum
1265 1985 1437 2048 enim
1491 1984 1561 2047 in
1619 1978 1845 2048 codice
1901 1983 2257 2068 archetypo
2318 1987 2501 2066 (ante
2547 1987 2616 2065 P,

306 2102 381 2158 ut
447 2093 714 2176 opinor)
771 2114 892 2177 pro
947 2093 1191 2157 minis
1249 2090 1392 2172 (aut
1448 2091 1716 2168 nimiS,
1785 2092 1839 2155 si
1896 2092 2031 2156 iam
2086 2094 2184 2158 ita
2238 2093 2617 2159 aberratum

305 2204 476 2282 erat)
532 2201 756 2266 scriba
798 2201 1133 2285 posuisset
1176 2199 1465 2264 animis
1513 2197 1618 2281 (ut
1659 2200 1957 2283 proximo
2003 2201 2239 2283 capite,
2296 2205 2397 2279 29,
2456 2206 2498 2265 4
2542 2203 2610 2267 in
2646 2202 2792 2270 (245)

307 2308 485 2374 PCM
522 2316 645 2374 cet.
673 2329 790 2392 pro
839 2308 932 2373 ab
978 2307 1218 2374 nimis
1253 2313 1353 2372 est
1390 2306 1486 2372 ab
1524 2307 1861 2389 animis),
1908 2307 2358 2374 animadverso
2399 2330 2620 2375 errore

197 2494 207 2500 .
308 2417 593 2482 alterum
651 2416 946 2497 (nimis)
1007 2415 1305 2480 additum
1360 2420 1491 2493 est,
1558 2421 1700 2479 tum
1757 2415 2062 2496 (fortasse
2119 2419 2187 2481 in
2244 2417 2322 2499 P)
2384 2418 2622 2501 copula

308 2526 721 2608 interposita.
834 2524 1037 2589 Plura
1092 2529 1247 2588 sunt
1301 2523 1369 2587 in
1425 2522 1476 2586 P
1533 2523 1833 2606 exempla
1888 2524 2107 2588 mendi
2165 2526 2261 2590 sic
2319 2527 2619 2603 correcti,

302 2654 450 2715 quae
509 2632 750 2716 duplex
805 2632 1136 2714 scriptura
1191 2629 1522 2695 interdum
1580 2631 1729 2715 ipsa
1771 2631 1837 2695 in
1887 2631 2053 2698 alios
2098 2632 2358 2706 codices
2402 2640 2622 2699 trans-

301 2742 413 2812 iit,
480 2740 813 2805 interdum
895 2739 1107 2804 solum
1173 2738 1514 2818 mendum3
1597 2738 1930 2804 interdum
1996 2762 2201 2806 novus
2273 2763 2457 2806 error
2515 2738 2631 2806 ac-'

303 2850 523 2913 cessit.
634 2846 779 2913 Hoc
843 2846 1013 2913 libro
1084 2867 1136 2911 c.
1196 2850 1314 2927 23,
1384 2852 1422 2910 6
1482 2868 1686 2931 quum
1754 2869 1876 2930 pro
1933 2848 2377 2914 Romanum·
2427 2841 2623 2914 Poe-

306 2976 659 3039 numque
734 2956 1014 3038 primum
1083 2954 1196 3035 (ob
1266 2953 1538 3036 duces)
1596 2956 1915 3037 scriptum
1973 2962 2147 3020 esset
2203 2957 2622 3032 Romanos,

305 3072 452 3129 tum
493 3062 796 3127 additum
839 3084 961 3127 um
1007 3061 1617 3143 (Romanosum),
1676 3063 1744 3126 in
1791 3064 2048 3140 ceteris,
2109 3062 2285 3146 quod
2328 3084 2450 3127 um
2494 3083 2624 3127 non

306 3170 840 3253 intellegebatur,
887 3171 1130 3235 mansit
1175 3168 1386 3234 solum
1430 3170 1869 3249 Romanos3
1929 3169 2103 3249 XXI,
2151 3174 2251 3247 36,
2298 3173 2336 3232 2
2383 3191 2501 3253 pro
2545 3171 2625 3234 in

310 3278 604 3363 pedum
648 3278 968 3362 scriptum
1013 3277 1111 3358 (in
1135 3276 1340 3342 MCm.
1368 3282 1424 3356 2,
1472 3278 1861 3362 quoniamP
1890 3276 2102 3358 deest)
2149 3280 2225 3342 in
2273 3278 2624 3361 ped-itus,

311 3385 470 3450 dein
505 3384 753 3449 factum
788 3384 1455 3469 impeditusdum3
1502 3384 1744 3462 XXIII,
1789 3390 1883 3464 17,
1928 3391 1983 3475 4,
2007 3406 2127 3469 pro
2161 3385 2388 3451 uidet
2424 3385 2627 3468 scrip-

452 3628 631 3681 enim
690 3628 1024 3696 particulam
1070 3644 1174 3696 pro
1221 3627 1572 3681 adversativa
1618 3629 1863 3697 positam
1907 3633 2074 3698 putat
2118 3627 2301 3682 Plauti
2349 3627 2626 3695 exemple,

453 3712 597 3766 nihil
642 3712 736 3766 hic
786 3712 1123 3767 adversativi
1175 3719 1286 3779 est3
1342 3728 1455 3781 quo
1492 3712 1816 3782 significatu
1850 3713 1904 3767 h.
1944 3714 1977 3767 l.
2017 3714 2297 3782 accipitur
2331 3713 2513 3766 enim
2550 3712 2631 3778 (in

455 3796 778 3851 vehementi
813 3797 1224 3867 indignabundi
1264 3797 1719 3865 confirmatione)
1735 3839 1749 3865 ,
1796 3815 2072 3867 nusquam
2109 3799 2359 3867 positum
2394 3800 2551 3865 puto,
2598 3814 2630 3850 a

456 3881 600 3935 Livii
647 3882 958 3951 aequalibus
993 3888 1149 3937 certo
1187 3882 1304 3937 scio
1343 3900 1459 3937 non
1495 3884 1576 3936 ita
1611 3884 1748 3951 poni
1805 3885 2204 3952 propriumque
2252 3900 2373 3937 esse
2423 3882 2625 3936 enim-

457 3983 626 4021 vero
665 3967 761 4034 (id
800 3968 1170 4033 enimverO,
1207 3972 1345 4021 tum
1385 3968 1778 4033 enimvero).
1852 3968 2013 4035 Quod
2052 3968 2264 4038 ellipsis
2301 3983 2631 4021 commemo-

458 4058 641 4118 ratur,
696 4053 1001 4121 adscriptis
1038 4054 1258 4108 duobus
1294 4053 1444 4107 Livii
1478 4053 1647 4120 locis,
1686 4052 1827 4120 VII,
1865 4054 1957 4119 32,
1999 4055 2064 4109 13
2099 4059 2156 4107 et
2189 4052 2313 4118 111,
2352 4053 2443 4119 39,
2485 4053 2536 4118 9,
2572 4052 2632 4105 in

462 4138 645 4204 priore
694 4138 878 4193 enim
923 4139 1157 4207 ponitur
1202 4139 1497 4193 notissimo
1535 4157 1640 4194 usu
1676 4140 1737 4193 in
1771 4138 2192 4208 respondendo,
2230 4138 2436 4192 omissa
2473 4135 2632 4189 adfir-

460 4223 708 4278 matione
745 4224 866 4291 (ja,
921 4224 1103 4279 deun
1151 4223 1309 4290 cet),
1362 4226 1422 4278 in
1469 4224 1647 4279 altero
1692 4241 1809 4278 non
1843 4224 2027 4278 minus
2063 4224 2272 4278 usitate
2306 4223 2538 4291 ponitur
2574 4221 2633 4275 in

462 4308 898 4376 interrogando,
947 4314 1012 4363 ut
1048 4307 1411 4378 significetur,
1461 4309 1531 4364 de
1568 4326 1737 4364 causa
1772 4314 1831 4362 et
1864 4309 2088 4363 ratione
2122 4308 2257 4375 eius,
2306 4307 2457 4375 quod
2492 4321 2632 4375 prae-

463 4392 640 4458 cedat,
678 4394 1024 4461 interrogari
1060 4394 1219 4460 (was
1257 4380 1511 4448 hat‘ten
1547 4394 1600 4447 si
1639 4394 1821 4448 denn
1846 4393 1997 4459 -'?).
2051 4392 2364 4461 Utrumque
2401 4393 2472 4446 ab
2508 4389 2561 4442 h.
2594 4390 2628 4443 1.

461 4477 864 4534 alienissimum
901 4484 1000 4532 est.
1075 4477 1130 4547 [ξ
1171 4481 1233 4533 13
1270 4478 1482 4532 excidit
1516 4484 1583 4532 et
1620 4485 1750 4547 post
1788 4478 2108 4534 referret.
2185 4474 2353 4543 1862]
