3230 5282
1379 604 1500 664 637
2259 616 2375 669 Lib.
2418 616 2590 668 XLII.

301 788 533 853 studio,
624 789 789 854 Nam
859 791 1143 853 eximie
1212 789 1733 871 promittere,
1803 789 1975 872 quod
2043 788 2198 853 hinc
2257 791 2322 852 in
2367 790 2590 854 lexicis

293 898 569 980 ponitur,
618 899 778 962 nihil
828 906 945 963 est.
1040 896 1180 979 [Sic
1226 898 1357 959 iam
1404 894 1866 979 Kreyssigius]

464 1005 620 1090 Cap.
649 1011 745 1086 30,
798 1013 826 1071 1
870 1006 1010 1085 (ubi
1048 1006 1266 1088 agitur
1292 1005 1370 1068 de
1405 1003 1638 1068 habitu
1678 1006 2040 1070 animorum
2079 1008 2144 1069 in
2184 1005 2453 1084 Graecia,
2494 1009 2589 1071 in-

295 1125 504 1180 stante
554 1116 721 1180 bello
767 1118 939 1180 inter
961 1116 1295 1180 Romanos
1332 1121 1395 1177 et
1431 1113 1699 1193 Persea)
1736 1115 1800 1176 in
1849 1114 2069 1178 codice
2118 1115 2209 1178 sic
2246 1115 2587 1179 scribitur:

293 1226 368 1288 in
427 1225 677 1290 liberi
725 1224 874 1304 (sic)
921 1222 1302 1305 gentibus
1350 1222 1839 1305 populisque
1887 1244 2076 1305 gens
2136 1223 2434 1306 ubique
2498 1226 2587 1294 (in

294 1334 511 1399 editis:
559 1333 786 1417 plebs
833 1331 1161 1415 ubique)
1210 1331 1459 1395 omnis
1506 1329 1769 1404 ferme,
1819 1337 1904 1394 ut
1950 1328 2183 1408 solet,
2235 1332 2587 1397 deterio-

293 1441 529 1506 ribus
570 1450 745 1506 erat
784 1443 877 1504 ob
922 1461 1188 1521 regem
1223 1438 1861 1522 Macedonasque
1908 1437 2326 1504 inclinata.
2420 1440 2587 1505 Scri-

291 1549 574 1614 bendum
624 1557 722 1615 est
788 1551 1013 1632 igitur:
1081 1549 1156 1611 in
1234 1546 1527 1611 liberis
1595 1556 1804 1630 gent.
1873 1570 2045 1631 pop.
2127 1567 2340 1628 egens
2420 1549 2588 1613 ubi-

293 1679 434 1742 que
517 1658 927 1720 multitudo
1019 1657 1282 1720 omnis
1365 1655 1638 1733 ferme,
1728 1663 1811 1720 ut
1900 1656 2135 1726 solet.
2226 1657 2587 1722 deterio-

289 1789 453 1830 rum
502 1767 732 1846 (Gron.
785 1765 1262 1844 deterioris)
1323 1772 1532 1840 erat,
1602 1764 1697 1828 ad
1757 1784 2027 1845 regem
2073 1765 2585 1830 Macedonas-

291 1895 430 1956 que
500 1875 928 1939 inclinata.
1023 1872 1270 1954 [Possis
1338 1874 1537 1936 etiam
1605 1874 1958 1955 suspicari:
2029 1874 2586 1938 deterioribus

288 1981 636 2047 favebat.
714 1981 997 2064 1864.]¹)
1071 1981 1321 2045 Deinde
1369 1981 1401 2062 ξ
1447 1988 1504 2058 4,
1550 1979 1663 2045 ubi
1711 1983 1775 2043 111
1821 1981 2004 2046 libris
2051 1982 2240 2046 editis
2290 1984 2382 2046 sic
2431 1983 2588 2047 scri-

287 2092 494 2154 bitur:
576 2091 953 2175 quosdam
1034 2098 1456 2154 ventosum
1540 2091 1945 2170 ingenium
2016 2089 2328 2172 (agebat),
2401 2093 2587 2173 quia

283 2197 634 2263 Perseus
692 2201 941 2280 magis
1001 2220 1204 2262 aurae
1265 2198 1684 2281 popularis
1743 2205 1945 2277 erat,
2017 2198 2302 2263 dubitari
2358 2202 2587 2284 nequit

285 2309 440 2388 quin
490 2308 798 2370 mendum
847 2308 1083 2380 lateat3
1133 2328 1283 2369 nam
1329 2327 1538 2370 aurae
1587 2307 2019 2389 popularis
2068 2329 2248 2372 esse
2308 2310 2583 2392 (magis

285 2415 511 2495 esse),
563 2415 793 2479 Latine
840 2415 1001 2478 nihil
1050 2415 1229 2479 aliud
1290 2414 1651 2497 significare
1699 2423 1917 2496 potest
1971 2416 2095 2479 nisi
2142 2421 2355 2480 totum
2401 2437 2579 2481 aurae
2616 2426 2755 2496 (526)

285 2525 587 2606 populari
639 2524 930 2587 deditum
978 2545 1121 2588 esse
1171 2524 1358 2606 eique
1419 2525 1693 2587 servire:
1744 2524 1889 2586 dem
1937 2523 2371 2605 Volksgunste
2418 2547 2581 2608 ganz

285 2632 601 2714 gehoren3
671 2654 1069 2715 quamquam
1129 2654 1323 2697 aura
1378 2654 1506 2696 non
1552 2630 1745 2697 facile
1790 2633 1885 2696 ita
1930 2632 2145 2697 animo
2194 2633 2579 2716 concipitur,

284 2748 354 2804 ut
399 2742 640 2823 aliquis
689 2742 828 2804 eius
878 2762 1018 2805 esse
1068 2741 1351 2819 dicatur3
1399 2742 1730 2805 multum
1782 2740 2021 2824 (plus)
2083 2762 2297 2806 aurae
2344 2764 2580 2825 popu-

284 2848 489 2913 laris
540 2848 837 2912 habere
885 2849 1073 2931 longe
1121 2849 1300 2912 aliud
1346 2858 1463 2912 est..
1556 2851 1755 2931 Atqui
1804 2872 1881 2912 ex
1929 2870 2037 2923 e0‚
2088 2850 2261 2932 quod
2308 2849 2580 2914 Perseus

282 2957 416 3040 ipse
467 2978 696 3021 auram
731 2957 1111 3040 popularem
1158 2956 1488 3038 captabat.
1537 2977 1663 3019 non
1722 2956 2148 3033 efficiebatur,
2196 2967 2270 3020 ut
2305 2956 2579 3021 aliorum

282 3076 556 3130 ventosa
622 3068 884 3147 ingenia
951 3065 1034 3127 ad
1091 3066 1227 3127 eius
1290 3072 1509 3147 partes
1555 3065 1995 3128 traherentur.
2086 3065 2250 3128 Tum
2299 3065 2578 3142 demum,

283 3175 335 3236 si
382 3195 549 3237 aura
592 3174 929 3256 popularis
975 3172 1215 3235 Perseo
1271 3172 1561 3247 favebat,
1634 3193 1775 3235 eam
1833 3181 2107 3237 ventosa
2163 3175 2425 3254 ingenia
2481 3194 2579 3238 se·

283 3283 658 3365 quebantur
706 3282 1062 3363 eodemque
1111 3304 1176 3344 se
1225 3280 1649 3344 inclinabant.
1754 3280 1826 3344 In
1897 3264 2121 3346 codice
2188 3304 2320 3346 non
2387 3281 2579 3346 Per-

283 3412 463 3455 seus
537 3398 664 3463 est,
737 3390 850 3453 sed
898 3390 1207 3453 Persea.
1298 3388 1528 3470 Itaque
1597 3389 2013 3454 scribendum
2059 3396 2186 3454 est:
2258 3391 2446 3473 quia
2492 3391 2579 3453 ael

281 3497 582 3563 Persea
649 3499 900 3579 magis
969 3516 1146 3559 aura
1212 3498 1648 3582 popularis
1717 3498 1913 3560 ierat
1970 3498 2069 3578 (se
2118 3498 2577 3581 converterat).

280 3606 391 3671 Ad
440 3607 686 3671 excidit
730 3612 880 3690 post
925 3625 977 3668 a.

453 3714 612 3798 Cap.
664 3717 762 3793 32,
810 3718 845 3777 2
894 3722 960 3779 et
1008 3718 1042 3777 3
1092 3713 1230 3794 (ubi
1279 3711 1346 3777 C.
1395 3712 1660 3779 Cassius
1719 3715 1950 3779 consul
1996 3716 2312 3797 collegam
2358 3714 2426 3779 P.
2472 3715 2579 3780 Li-

282 3824 523 3889 cinium
591 3803 788 3904 negat
853 3824 919 3886 in
965 3823 1364 3905 provinciam
1433 3824 1526 3887 ire
1594 3822 1844 3907 posse):
1910 3823 2342 3888 Praetorem
2410 3845 2579 3889 eum

279 3931 375 4011 (P.
422 3931 607 4012 Lic.)‚
651 3952 743 3995 ne
788 3932 865 3994 in
909 3931 1360 4014 proviniam
1407 3932 1598 4009 iret,
1657 3932 1736 3995 in
1795 3933 2169 3997 contione
2226 3934 2575 4009 iurasse,

329 4221 379 4287 ¹)
420 4219 831 4288 [Licentissime
867 4237 1037 4289 gens
1076 4219 1450 4289 (praecedente
1497 4220 1648 4289 que)
1686 4221 1744 4275 in
1780 4222 2014 4290 plebis
2051 4227 2315 4289 mutatur,
2353 4223 2578 4277 sublata

417 4304 824 4374 significatione
877 4307 1136 4374 pauperis
1204 4313 1261 4360 et
1326 4304 1527 4360 infimoe
1602 4307 1808 4374 turbae,
1883 4325 2007 4375 quae
2063 4312 2148 4360 est
2223 4307 2280 4362 in
2352 4325 2574 4378 egens.

417 4390 603 4445 Etiam
655 4392 715 4445 in
767 4391 1147 4460 proximorum
1210 4393 1511 4446 verborum
1575 4392 1849 4461 scriptura
1903 4392 2205 4445 Hertziana
2260 4399 2415 4448 erat
2462 4411 2576 4448 non

417 4483 573 4531 recto
612 4477 739 4530 loco
776 4477 1021 4546 ponitur.
1063 4474 1233 4544 1864]

379 4852 1190 5170 Γ
