3230 5282
564 594 690 650 Lib.
726 593 978 648 XXVIII.
1657 582 1783 642 412

569 766 917 849 palmam
971 764 1172 830 belli
1228 764 1516 829 Punici
1573 765 1892 847 patrati
1947 765 2205 848 petis?
2270 764 2411 828 Iam
2459 765 2678 829 omnia
2721 772 2880 848 apta

571 873 716 938 duae
781 872 1019 937 litterae
1085 877 1354 936 mutatae
1421 871 1745 950 fecerunt,
1826 873 1893 936 in
1972 872 2212 957 quibus
2282 877 2398 936 aut
2463 870 2878 953 neglegentia

570 980 949 1045 aberratum
1007 985 1110 1043 est
1172 986 1320 1057 aut,
1389 981 1730 1044 sententiae
1797 979 2008 1045 forma
2075 986 2142 1045 et
2198 979 2689 1044 continuatione
2744 1001 2877 1043 non

570 1088 926 1167 intellecta,
988 1087 1164 1151 mala
1209 1087 1637 1152 correctione.
1738 1087 1919 1152 Inter
1965 1109 2034 1152 se
2079 1088 2484 1170 respondent
2527 1107 2673 1170 per
2718 1086 2876 1151 cir-

571 1197 848 1261 cuitus
915 1201 982 1259 et
1046 1199 1274 1259 recto
1342 1195 1683 1274 itinere;
1751 1194 1915 1259 illud
1986 1195 2364 1259 declaratur
2419 1193 2691 1258 adiectis
2747 1192 2875 1258 his:

569 1308 673 1382 ut,
720 1324 963 1385 quum
1010 1302 1085 1366 in
1130 1301 1495 1366 Africam
1539 1338 1642 1381 ——,
1690 1324 1992 1385 speres,
2048 1302 2173 1367 hoc
2218 1303 2630 1385 appositione
2675 1303 2877 1384 parti-

571 1411 726 1494 cipii
770 1409 1307 1491 intendens.¹)

741 1516 897 1601 Cap.
945 1521 1059 1596 42,
1122 1521 1188 1580 3:
1260 1514 1685 1600 expositos
1741 1517 2053 1582 milites
2110 1539 2252 1600 per
2310 1517 2727 1581 tutissima
2780 1516 2877 1580 ad

572 1626 842 1691 socios
892 1632 969 1690 et
1015 1625 1318 1688 amicos
1368 1624 1654 1708 populi
1700 1625 2036 1689 Romani
2073 1624 2616 1689 Tarraconem
2660 1624 2877 1688 duxi-

571 1735 695 1798 sti.
745 1733 850 1798 Sic
884 1732 1095 1812 codd.‚
1121 1752 1287 1813 quos
1324 1733 1434 1813 qui
1468 1753 1678 1815 nuper
1713 1738 1979 1796 secutus
2018 1738 2118 1795 est
2142 1730 2321 1810 (nam
2344 1739 2540 1795 antea
2563 1731 2880 1796 edebatur

570 1863 710 1925 per
754 1840 1175 1905 tutissima
1219 1839 1526 1920 omnia),
1572 1840 1713 1923 ipse
1760 1840 2026 1904 omnia
2069 1861 2191 1903 usu
2234 1838 2548 1922 loquendi
2591 1837 2877 1921 flagitari

570 1970 775 2033 prope
832 1947 1162 2026 concedit3
1218 1968 1370 2011 nam
1416 1947 1594 2030 quod
1640 1946 1885 2024 XXIX,
1946 1951 2012 2025 2,
2080 1952 2158 2011 10
2203 1947 2486 2012 advocat
2530 1946 2738 2026 (tuta
2781 1945 2874 2010 ab

569 2057 764 2120 laevo
813 2054 1052 2135 esse),
1110 2054 1320 2119 simile
1364 2077 1499 2119 non
1543 2061 1673 2133 est;
1731 2076 1881 2119 nam
1928 2054 2089 2138 quid
2137 2056 2225 2118 sit
2268 2056 2416 2132 tuti,
2473 2054 2880 2136 significatur

572 2164 787 2228 verbis
823 2163 916 2227 ab
952 2162 1148 2226 laevo
1175 2162 1307 2243 (res
1342 2163 1409 2225 in
1442 2161 1601 2226 laevo
1641 2183 1846 2227 cornu
1870 2166 2053 2226 tutas
2080 2161 2279 2242 esse),
2304 2163 2662 2244 eodemque
2687 2161 2878 2225 modo

574 2272 821 2336 dicitur
870 2271 1074 2334 satis
1110 2276 1293 2334 tuta
1327 2271 1551 2334 circa
1586 2269 1637 2348 Ι,
1668 2275 1767 2349 58,
1795 2275 1853 2333 2.
1928 2268 2056 2334 Sed
2089 2291 2220 2334 non
2256 2271 2471 2334 minus
2506 2269 2591 2334 ab
2628 2291 2751 2334 usu
2785 2268 2879 2333 lo-

573 2377 816 2461 quendi
864 2376 1178 2441 abhorret
1225 2376 1685 2459 superlativus.
1779 2377 2013 2459 ltaque
2063 2377 2269 2443 diviso
2309 2377 2653 2456 vocabulo,
2704 2376 2880 2458 quod

403 2499 549 2568 (888)
588 2508 667 2550 ex
714 2485 970 2550 duobus
1017 2484 1290 2563 coaluit,
1348 2484 1794 2549 scribendum:
1852 2506 1992 2567 per
2036 2492 2215 2550 tuta
2259 2486 2540 2552 omnia.
2639 2485 2879 2548 Errore

572 2600 803 2659 natum
848 2599 951 2658 est
993 2593 1276 2676 primum
1323 2593 1743 2671 tutomnia,
1801 2599 1941 2658 tum
1987 2595 2425 2660 tutissima.
2525 2591 2587 2676 [ἓ
2634 2597 2671 2656 6
2717 2593 2786 2656 in
2828 2591 2879 2656 P

575 2709 705 2767 est:
777 2708 1161 2766 ceterane
1220 2700 1651 2783 quaeelevo.
1763 2700 2043 2766 Videtur
2096 2711 2371 2785 propter
2423 2701 2882 2785 repetitionem

575 2810 868 2875 eiusdem
923 2810 1101 2873 vocis
1152 2808 1438 2873 alterum
1481 2807 1847 2873 membrum
1894 2809 2249 2887 excidisse,
2318 2830 2520 2892 quum
2563 2809 2881 2890 scriptum

575 2924 780 2983 esset:
862 2915 1154 2981 Cetera
1239 2935 1483 2992 neque
1562 2916 1908 2979 detracto
1990 2940 2244 3001 neque
2312 2917 2573 2993 eler03
2653 2914 2877 2978 nullo

573 3034 846 3091 tamen
903 3025 1132 3089 modo
1186 3059 1275 3068 —
1332 3025 1895 3105 comparanda.
2005 3026 2174 3089 Nam
2229 3027 2296 3089 in
2351 3024 2617 3105 vulgata
2671 3022 2877 3104 scrip-

575 3141 730 3199 tura
793 3155 1058 3217 neque
1127 3139 1194 3197 et
1259 3138 1522 3196 tamen
1590 3152 1718 3196 non
1788 3133 2094 3197 videntur
2140 3140 2338 3197 'recte
2404 3133 2577 3196 inter
2643 3152 2712 3195 se
2778 3150 2880 3193 re·

576 3242 751 3307 ferri.
847 3238 1061 3322 1863]

749 3348 906 3431 Cap.
965 3352 1076 3424 43,
1142 3351 1206 3408 1:
1290 3343 1541 3421 Quum
1609 3349 1992 3412 oratione
2067 3348 2165 3413 ad
2215 3355 2534 3430 tempus
2590 3352 2881 3429 parata

575 3456 880 3521 Fabius
950 3462 1111 3517 tum
1179 3453 1697 3517 auctoritate
1755 3460 1833 3518 et
1890 3456 2362 3519 inveterata
2418 3453 2879 3537 prudentiae

575 3564 784 3628 fama
841 3582 1194 3643 magnam
1241 3567 1552 3642 partem
1598 3568 1934 3626 senatus
1976 3597 2066 3606 -—
2108 3564 2527 3639 movisset,
2583 3596 2671 3606 —-
2715 3559 2880 3624 Sci-

576 3673 707 3754 pio
755 3670 872 3733 ita
916 3668 1241 3732 locutus
1285 3666 1555 3731 fertur
1599 3674 1723 3732 cet.
1815 3667 2274 3751 Comparative
2320 3671 2492 3733 inter
2536 3689 2605 3733 se
2648 3667 2880 3733 referri

578 3799 818 3860 quum
885 3782 951 3839 et
1018 3781 1197 3851 tum,
1266 3780 1332 3837 et
1388 3776 1598 3839 omnis
1655 3778 1972 3842 orationis
2029 3778 2243 3842 forma
2296 3786 2361 3842 et
2414 3775 2882 3842 vocabulorum

578 3885 742 3950 ordo
789 3902 1157 3964 nomenque
1202 3880 1393 3946 Fabii
1439 3882 1654 3946 medio
1700 3882 1815 3949 illo
1860 3884 2007 3949 loco
2053 3887 2341 3968 positum
2385 3886 2481 3949 ita
2525 3884 2882 3960 declarant,

579 4000 651 4055 ut
717 3989 1009 4053 dubitari
1074 4011 1207 4052 non
1273 3991 1499 4071 possit.
1610 3990 1845 4073 Itaque
1914 3993 2099 4057 deest
2165 3994 2252 4058 ad
2319 3994 2679 4057 sententias
2744 3991 2883 4054 vin-

635 4259 687 4324 ¹)
727 4256 1004 4326 [Eandem
1041 4260 1377 4313 sententiam
1413 4260 1729 4315 mutatione
1764 4261 1978 4317 leniore
2005 4262 2180 4317 efficit
2204 4264 2458 4316 Halmius
2476 4260 2879 4329 (Sitzungsber.

718 4344 771 4397 d.
808 4342 998 4410 Bayer.
1035 4342 1207 4395 Acad.
1251 4345 1382 4396 1869
1415 4342 1475 4396 11
1509 4362 1564 4412 p.
1603 4348 1707 4398 584
1742 4352 1857 4399 not.
1897 4347 1975 4413 5):
2032 4349 2371 4414 intendis,
2420 4347 2479 4400 si
2524 4347 2881 4416 egregiam

717 4430 927 4482 istam
959 4428 1250 4495 palmam
1286 4456 1350 4464 —
1386 4427 1635 4497 peti⁸?]
