3230 5282
1513 599 1635 668 575
2438 619 2563 674 Lib.
2600 619 2719 675 xn.

413 797 581 869 rat,
650 811 807 873 quo
871 790 1003 856 die
1062 811 1232 854 cum
1298 811 1487 872 rege
1545 790 1945 855 Antiocho
2003 791 2101 854 ad
2145 791 2726 875 Thermopylas

417 898 1010 981 depugnasset,
1078 899 1146 962 in
1211 897 1338 962 hoc
1404 904 1740 981 postremo
1817 898 2014 962 verbo
2083 899 2481 962 coniunctivi
2547 898 2726 962 modi

413 1006 586 1070 ratio
645 1006 939 1089 expediri
1005 1028 1135 1070 non
1202 1012 1453 1089 potest3
1521 1026 1602 1069 ne
1670 1006 2388 1089 plusquamperfectum
2455 1003 2720 1086 quidem
2755 1009 2900 1084 (469)

415 1113 576 1178 satis
622 1121 875 1176 rectum
922 1118 1051 1192 est,
1109 1112 1659 1193 scribendumque
1705 1114 2078 1178 necessario
2137 1134 2278 1178 esse
2326 1122 2517 1196 puto:
2587 1113 2724 1176 de-

423 1228 966 1302 pugnatumst,
1012 1221 1207 1302 quod,
1252 1242 1453 1304 quum
1500 1227 1570 1284 st
1617 1242 1736 1303 pro
1785 1227 1911 1285 est
1956 1222 2241 1304 positum
2288 1222 2722 1303 ignoraretur,

415 1349 545 1391 non
612 1329 707 1392 ita
764 1328 1118 1393 difficulter
1182 1329 1250 1391 in
1318 1328 1873 1410 depugnasset
1939 1330 2224 1393 transire
2292 1329 2528 1411 potuit.
2620 1327 2722 1407 (In

415 1433 690 1498 Vindob.
738 1434 851 1499 lib.
898 1434 1087 1514 XLV,
1137 1440 1194 1515 7,
1242 1441 1280 1499 4
1329 1456 1406 1499 ex
1462 1437 1683 1499 missi
1753 1443 1936 1500 sunt
2004 1442 2221 1500 ortum
2282 1443 2382 1500 est
2449 1436 2722 1499 misis-

414 1548 611 1606 sent.
705 1542 802 1605 ΕΚ
849 1551 1143 1626 coepta
1190 1548 1376 1607 sunt
1419 1543 1672 1607 factum
1718 1545 2192 1627 coepissent
2239 1542 2414 1626 apud
2463 1541 2721 1607 Cicero-

413 1671 561 1714 nem
605 1649 795 1714 Tusc.
847 1650 895 1729 1,
947 1655 1043 1726 13,
1094 1654 1174 1713 29
1224 1650 1377 1715 olim
1426 1650 1802 1732 correxi.)¹)

585 1757 742 1842 Cap.
794 1763 894 1836 35,
950 1762 1024 1820 13
1088 1757 1183 1837 (in
1228 1756 1323 1820 Ti.
1375 1757 1742 1839 Sempronii
1806 1760 2133 1838 oratione,
2182 1778 2314 1840 qua
2359 1758 2720 1836 dissuadet,

411 1886 492 1929 ne
539 1867 864 1931 exercitus
913 1887 991 1929 ex
1027 1866 1346 1948 Hispania
1384 1867 1689 1929 citeriore
1725 1866 2172 1948 deportetur):
2212 1866 2455 1930 Dictu
2491 1886 2721 1946 quam

409 1995 491 2037 re
536 1973 869 2038 facilius
919 1974 1032 2036 sit
1075 1973 1590 2055 provinciam
1637 1974 1971 2055 ingenio
2018 1972 2402 2051 ferocem,
2450 1972 2720 2037 rebel-

411 2079 784 2145 latricem
832 2079 1336 2145 confecisse‘?
1429 2079 1536 2143 Sic
1583 2080 1758 2162 apud
1804 2079 2435 2158 Drakenborchium‚
2478 2081 2719 2162 Kreys-

410 2189 680 2269 sigium‚
745 2188 913 2252 alios
959 2187 1300 2265 scribitur,
1369 2208 1513 2270 quae
1569 2189 1999 2268 interrogatio
2048 2190 2149 2268 (ut
2206 2189 2506 2251 omittam
2565 2208 2718 2251 con-

409 2296 768 2359 iunctivum
812 2294 1104 2375 modum)
1153 2301 1380 2377 aperte
1428 2296 1819 2359 sententiam
1865 2294 2070 2360 habet
2116 2296 2397 2360 dicentis
2445 2296 2717 2361 consilio

413 2403 841 2481 contrariam3
887 2409 1166 2485 negatur
1211 2403 1380 2466 enim
1425 2402 1922 2484 interrogando,
1969 2402 2152 2467 dictu
2197 2424 2396 2487 quam
2440 2425 2512 2468 re
2560 2402 2717 2468 faci-

408 2509 538 2575 lius
585 2531 746 2589 esse,
793 2510 923 2574 hoc
968 2514 1086 2588 est,
1132 2509 1546 2588 adfirmatur,
1593 2529 1831 2593 reapse
1876 2509 2070 2576 facile
2118 2532 2263 2576 esse
2310 2512 2715 2594 provinciam

413 2617 730 2684 eiusmodi
776 2618 1113 2683 conficere.
1204 2617 1437 2702 Itaque
1494 2617 1606 2682 alii
1673 2617 1917 2683 rectius
1971 2619 2426 2701 interrogandi
2490 2626 2716 2686 notam

411 2726 672 2792 tollunt.
763 2726 891 2792 Sed
935 2748 1017 2791 ne
1062 2727 1133 2789 in
1191 2725 1316 2789 hac
1374 2726 1638 2808 quidem
1694 2732 1926 2809 aperta
1973 2728 2457 2792 asseveratione
2503 2728 2720 2793 locum

409 2832 614 2899 habet
661 2834 1109 2898 coniunctivus
1156 2833 1631 2914 dubitandique
1693 2833 2110 2915 significatio,
2170 2822 2720 2916 scribendumque

415 2947 548 3006 est:
596 2941 834 3005 Dictu
881 2962 1118 3025 quam
1163 2962 1246 3005 re
1291 2940 1630 3004 facilius
1678 2947 1789 3002 est
1835 2947 1958 3005 cet.
2049 2939 2526 3006 Confecisse
2574 2963 2720 3024 per-

464 3255 515 3320 ι)
552 3253 813 3306 Proxime
849 3258 980 3306 ante
1017 3250 1071 3319 (ἓ
1108 3252 1160 3319 5)
1196 3251 1512 3304 necessario
1551 3268 1676 3303 cum
1711 3250 1992 3303 Gronovio
2031 3248 2386 3303 scribendum
2424 3258 2530 3302 est:
2572 3268 2721 3319 quae

552 3340 773 3407 prima
827 3337 1130 3390 omnium
1184 3337 1250 3390 in
1303 3335 1514 3388 Italia
1569 3340 1841 3388 statuta
1895 3340 2140 3387 aurata
2196 3341 2324 3397 est;
2375 3336 2524 3402 quod
2572 3339 2721 3391 enim

557 3424 762 3477 editur:
823 3427 1052 3476 statua
1105 3427 1348 3475 aurata
1402 3426 1533 3486 est,
1579 3420 1718 3473 nihil
1769 3420 1919 3472 aliud
1981 3419 2263 3487 significat
2318 3422 2449 3473 nisi:
2505 3423 2721 3478 welche

555 3509 751 3564 Statue
798 3507 888 3561 die
943 3512 1094 3559 erste
1129 3525 1270 3572 war,
1309 3506 1399 3559 die
1452 3505 1745 3574 vergoldet
1794 3504 1962 3557 ward.
2037 3504 2193 3571 Quod
2232 3504 2720 3563 Weissenbornius

552 3593 677 3646 haec
739 3593 913 3645 verba
978 3594 1047 3646 ab
1112 3593 1514 3661 interpolatore
1577 3593 1790 3645 inserta
1841 3595 2024 3658 putat,
2079 3590 2194 3643 dixi
2249 3591 2359 3642 iam
2431 3598 2559 3645 ante
2630 3592 2723 3659 (ad

552 3675 805 3741 XXXIV,
843 3679 892 3743 7,
928 3680 960 3730 2
997 3695 1048 3746 p.
1078 3679 1178 3730 398
1216 3677 1373 3743 not),
1412 3676 1861 3746 improbabiliter
1894 3675 1954 3728 in
1984 3674 2129 3728 Livii
2167 3675 2325 3727 libris
2361 3676 2500 3745 fingi
2536 3679 2723 3733 huius·

554 3762 709 3814 modi
762 3779 947 3814 rerum
1003 3761 1073 3814 ad
1136 3763 1428 3815 historiam
1489 3761 1935 3815 memorabilium
1992 3760 2215 3813 aliunde
2270 3761 2720 3830 adnotationem3

553 3847 663 3899 hoc
700 3847 925 3914 quidem
963 3847 1033 3899 de
1069 3852 1258 3901 statua
1292 3848 1476 3916 prima
1510 3852 1706 3899 aurata
1740 3845 2024 3900 Valerium
2062 3846 2397 3911 Maximum,
2446 3853 2509 3899 ut
2544 3848 2725 3902 multa

555 3932 680 3996 alia,
721 3948 753 3984 a
789 3932 951 3985 Livio
989 3933 1294 4001 sumpsisse
1331 3931 1686 3985 manifestum
1723 3936 1820 3983 est.
1878 3930 2145 3985 Extremo
2183 3931 2367 3999 capite
2404 3930 2461 3999 (ἓ
2498 3932 2578 3997 14)
2607 3951 2723 3987 non

553 4017 851 4084 intelleg0‚
891 4017 1026 4085 quid
1072 4018 1217 4085 apud
1263 4017 1545 4070 Handium
1593 4016 1753 4069 Turs.
1802 4015 1870 4079 11,
1911 4018 2009 4071 148
2043 4017 2376 4085 reperiatur,
2423 4033 2531 4085 quo
2570 4018 2721 4071 ullus

555 4102 713 4155 color
749 4102 1040 4155 conciliari
1075 4102 1256 4171 possit
1297 4102 1429 4155 huic
1466 4101 1690 4155 dicendi
1727 4101 1943 4170 generi:
1991 4102 2231 4169 ‘pacem
2284 4118 2424 4154 cum
2459 4101 2720 4171 ‚aliquo

553 4192 810 4255 praesto
849 4188 930 4240 ab
968 4188 1232 4255 aliquO,
1279 4193 1345 4241 ut
1381 4188 1478 4241 sit:
1519 4186 1719 4252 efficiO,
1773 4192 1838 4239 ut
1891 4185 2095 4253 aliquis
2133 4202 2332 4254 pacem
2369 4204 2494 4238 cum
2531 4187 2721 4255 aliquo

556 4275 764 4336 servet3
802 4290 1039 4340 pacem
1075 4290 1220 4325 cum
1259 4274 1486 4340 aliquo
1535 4289 1813 4324 servare
1848 4271 2052 4324 Latine
2089 4270 2218 4336 dici,
2257 4269 2570 4324 Gronovius
2608 4289 2723 4325 non

556 4355 876 4424 ignorabat.
