3230 5282
539 613 664 668 Lib.
701 613 899 668 XXIV.
1641 603 1763 664 348

369 791 517 858 (284)
555 785 1145 864 WeissenborniuS,
1193 792 1270 850 ut
1304 808 1384 851 ex
1409 786 1522 853 illo
1558 810 1601 852 ιι
1613 787 1636 852 i
1648 810 1682 852 r
1695 808 1735 852 a
1749 788 1772 851 l
1784 788 1805 851 i
1818 789 1839 851 i
1852 809 1897 851 u
1913 787 2129 853 dicio
2144 808 2220 851 es
2236 792 2265 850 t
2282 807 2316 851 e
2331 793 2360 852 t
2394 788 2711 852 retineret
2747 789 2859 852 iu-

543 893 759 958 dicio
775 943 790 972 ,
858 894 1034 975 quod
1093 900 1312 958 ortum
1370 902 1476 960 est
1532 897 1882 979 perspicue
1938 918 2016 960 ex
2063 895 2336 960 divulsis
2380 895 2620 960 litteris
2665 916 2856 961 voca-

542 1001 679 1066 buli
727 1001 953 1065 aliun
976 1001 1067 1066 de
1115 1002 1254 1083 (ali
1300 1003 1380 1067 iu
1399 1004 1438 1068 d
1453 1026 1506 1083 e,
1555 1002 1809 1082 deinde,
1858 1024 2058 1087 quum
2101 1002 2179 1066 iu
2195 1002 2255 1066 d.
2304 1024 2424 1085 pro
2471 1003 2855 1085 compendio

546 1109 706 1173 satis
772 1109 1101 1192 frequenti
1166 1108 1470 1176 habitum
1538 1118 1710 1177 esset
1726 1162 1741 1190 ,
1810 1111 1922 1176 ali
1987 1112 2067 1175 iu
2085 1110 2301 1175 dicio
2372 1109 2436 1191 e)
2454 1133 2469 1191 3
2549 1130 2855 1176 revocare

545 1223 908 1282 tentantem
971 1218 1294 1284 debuerat
1350 1220 1451 1285 vel
1506 1241 1748 1303 pravus
1807 1219 1969 1284 ordo
2029 1219 2378 1283 verborum
2433 1240 2464 1283 s
2478 1226 2508 1282 t
2523 1240 2558 1283 e
2571 1226 2600 1282 t
2656 1241 2687 1283 s
2700 1240 2735 1284 e
2748 1241 2812 1283 m
2825 1252 2854 1265 -

542 1345 683 1407 per
727 1325 1012 1390 aliund
1030 1348 1085 1406 e,
1142 1327 1432 1411 pondere
1477 1329 1545 1391 in
1593 1350 1623 1392 s
1640 1334 1760 1393 tet
1802 1318 2142 1405 inclinate,
2179 1326 2366 1409 ,quod
2411 1326 2479 1389 in
2526 1325 2856 1391 aliunde

543 1453 686 1497 esse
747 1432 947 1498 debet
960 1484 974 1513 ,
1045 1441 1113 1499 et
1169 1456 1199 1499 s
1213 1455 1247 1499 e
1261 1457 1325 1499 m
1341 1457 1384 1518 p
1399 1457 1433 1501 e
1446 1458 1479 1499 r
1493 1486 1507 1514 ,
1574 1435 1756 1519 quod
1803 1454 2145 1501 commune
2191 1435 2537 1516 utriusque
2581 1433 2856 1498 membri

544 1546 643 1605 est
656 1591 671 1620 ,
740 1542 914 1605 inter
974 1560 1166 1608 voces
1211 1544 1451 1626 prioris
1496 1543 1775 1608 membri
1819 1542 2032 1608 medio
2078 1542 2493 1624 interposito.
2615 1538 2744 1606 Sed
2789 1542 2856 1605 in

542 1650 995 1732 superioribus
1044 1650 1447 1716 Gronovium
1502 1673 1729 1716 verum
1785 1673 1915 1716 non
1971 1650 2299 1715 invenisse
2314 1699 2329 1728 ,
2384 1648 2593 1714 multa
2638 1657 2858 1714 osten·

543 1755 736 1837 dunt,
794 1762 824 1820 t
836 1778 877 1820 ιι
894 1779 927 1820 r
940 1780 982 1840 p
997 1758 1018 1820 i
1032 1780 1075 1822 ιι
1091 1779 1121 1823 s
1168 1759 1494 1825 inutiliter
1539 1759 1857 1838 additum,
1914 1759 1984 1823 vi
1999 1757 2041 1822 d
2056 1779 2091 1822 e
2106 1779 2147 1822 a
2159 1764 2188 1822 t
2201 1778 2244 1820 ιι
2261 1779 2297 1820 1·
2341 1778 2612 1840 prorsus
2658 1778 2854 1839 prave

543 1864 624 1929 de
682 1885 752 1929 re
811 1866 1182 1931 certissima
1247 1868 1537 1950 positum
1551 1918 1565 1946 ,
1637 1887 2009 1950 perversum
2076 1864 2341 1930 dicendi
2405 1885 2612 1946 genus
2671 1888 2713 1949 p
2728 1887 2762 1929 r
2775 1886 2812 1930 o
2825 1898 2854 1911 -

544 1972 935 2037 ditionem
1026 1974 1345 2040 referre
1425 1975 1786 2059 proditis
1865 1975 2045 2056 (nam
2123 1971 2439 2051 refertur,
2529 1971 2655 2037 hoc
2735 1980 2852 2051 est,

541 2079 824 2144 iteratur
867 2082 1161 2164 proditio
1175 2133 1189 2161 ,
1248 2105 1380 2147 non
1428 2083 1625 2147 alicui
1672 2081 2004 2164 refertur),
2065 2081 2175 2147 oli
2192 2101 2258 2145 m
2305 2081 2513 2146 otiose
2559 2086 2851 2144 extremo

543 2187 688 2251 loeo
748 2186 1121 2267 adhaerens,
1191 2191 1468 2255 confusa
1525 2194 1593 2254 in
1651 2212 1730 2255 re
1749 2195 2154 2273 surgeret,
2221 2187 2628 2263 videatur,
2688 2193 2856 2253 stet

543 2296 859 2378 temporis
904 2297 1160 2361 notatio
1211 2297 1390 2378 (nam
1437 2299 1518 2363 de
1564 2320 1664 2375 eo,
1723 2298 1898 2380 quod
1942 2317 2116 2362 nune
2159 2298 2373 2380 ipsum
2419 2295 2510 2373 fit,
2569 2316 2853 2378 praesens

542 2422 662 2484 pro
721 2402 1104 2485 imperfecto
1163 2427 1241 2469 ex
1302 2407 1601 2471 oratione
1660 2413 1844 2470 reeta
1897 2411 2224 2470 retentum
2257 2410 2664 2468 'constanter
2719 2424 2852 2467 ser-

544 2510 682 2573 vari
741 2509 966 2591 debet)
987 2562 1000 2587 ‚
1069 2519 1403 2593 postremo
1462 2513 1761 2578 codicum
1816 2514 2107 2595 vestigia.
2220 2511 2491 2575 Initium
2546 2510 2850 2575 emenda-

539 2617 738 2683 tionis
785 2617 1034 2684 sactum
1081 2620 1227 2699 erit,
1273 2621 1329 2686 si
1373 2621 1908 2701 intellexerimuS,
1955 2621 2030 2685 vi
2046 2619 2088 2685 d
2103 2643 2137 2686 e
2154 2626 2292 2685 atu
2307 2641 2340 2684 r
2384 2619 2717 2703 pertinere
2763 2617 2849 2684 ad

538 2726 931 2790 sententiam
989 2727 1071 2792 de
1128 2749 1199 2793 re
1246 2730 1545 2797 Romana
1600 2731 2002 2812 resurgenti,
2071 2727 2252 2812 quod
2306 2728 2376 2791 in
2434 2748 2549 2810 spe
2597 2733 2665 2791 et
2708 2727 2848 2810 opi-

537 2832 729 2897 nione
777 2835 1063 2916 positum
1109 2842 1273 2900 erat.
1390 2837 1496 2902 Sic
1554 2839 1726 2902 enim
1772 2838 1994 2901 Livius
2052 2836 2344 2919 scripsit:
2415 2840 2499 2899 tu
2517 2856 2582 2899 m
2596 2885 2610 2914 ,
2668 2857 2765 2917 qu
2779 2856 2847 2898 0-

535 2941 742 3005 niam
808 2941 931 3022 (sic
997 2942 1094 3007 W.
1163 2949 1341 3009 reete
1410 2967 1531 3028 pro
1599 2944 1863 3029 quam)
1896 2971 1900 2976 ·
1933 2967 2058 3010 res
2125 2945 2478 3009 Romana
2554 2948 2847 3006 eontra

535 3070 751 3131 spem
845 3057 1192 3135 votaque
1287 3054 1460 3119 eius
1552 3071 1956 3133 resurget-,e
2045 3051 2338 3114 viribus
2430 3049 2842 3126 videatur,

532 3177 815 3222 novam
895 3158 1210 3225 referre
1290 3160 1837 3244 proditionem
1915 3159 2272 3244 proditis
2339 3157 2842 3239 pollicentur,

533 3264 866 3329 aliunde
924 3272 1089 3330 stet
1147 3289 1490 3351 semper,
1551 3268 1891 3332 aliunde
1953 3268 2289 3344 sentiat,
2349 3265 2659 3330 infidus
2717 3286 2841 3330 so-

534 3372 602 3434 ci
616 3394 658 3435 u
673 3394 704 3436 s
719 3422 733 3449 ,
790 3395 827 3434 v
842 3394 882 3437 a
894 3395 937 3437 n
955 3395 997 3437 u
1012 3395 1041 3437 s
1100 3372 1145 3437 h
1160 3395 1198 3438 o
1215 3396 1245 3439 s
1261 3376 1321 3439 ti
1338 3397 1386 3438 S.
1502 3375 1844 3440 Postrema
1888 3373 2028 3440 haeo
2073 3376 2404 3440 sententia
2447 3379 2626 3438 recte
2671 3373 2840 3438 rela-

531 3478 663 3542 tivo
721 3501 853 3544 non
910 3482 1193 3563 repetito
1253 3489 1552 3553 ἀσυνδέτως
1612 3481 1879 3548 additur
1892 3533 1906 3562 ,
1975 3483 2389 3565 superiorum
2445 3481 2840 3545 sententiam

530 3584 820 3652 breviter
886 3586 1218 3670 colligens.
1343 3590 1543 3655 Verbi
1619 3613 1661 3673 p
1676 3590 1820 3655 olli
1838 3612 1873 3654 e
1887 3613 1922 3655 e
1938 3597 2075 3655 atu
2088 3612 2123 3653 r
2141 3640 2156 3669 ,
2238 3588 2417 3673 quod
2487 3589 2701 3653 oratio
2770 3594 2838 3652 et

532 3695 861 3758 sententia
937 3696 1230 3777 postulat
1245 3747 1259 3774 ‚
1349 3696 1494 3761 duae
1586 3698 1812 3781 primae
1904 3697 2172 3781 syllabae
2252 3702 2634 3761 manserunt
2647 3747 2662 3774 ,
2760 3718 2839 3761 ex

532 3801 786 3865 turali
845 3810 1062 3866 ortum
1119 3804 1395 3884 uirali,
1468 3805 1704 3870 deinde
1761 3826 1840 3869 ex
1897 3826 2037 3871 cea
2080 3804 2327 3870 factum
2348 3855 2363 3883 ,
2431 3804 2656 3869 neseio
2704 3825 2834 3885 quo

530 3929 768 3988 errore,
817 3909 955 3973 VII.
1080 3910 1128 3973 P
1145 3910 1343 3975 ollio
1356 3933 1392 3976 e
1406 3933 1444 3976 o
1458 3934 1493 3975 r
1558 3912 1639 3977 fa
1656 3933 1692 3977 e
1705 3933 1740 3976 e
1755 3935 1788 3977 r
1802 3934 1836 3977 e
1902 3934 2034 3977 non
2102 3919 2361 3977 tantum
2427 3911 2702 3976 Plautus
2770 3917 2838 3976 et

528 4016 876 4082 Terentius
922 4016 1247 4097 dixerunt,
1296 4018 1412 4084 sed
1446 4019 1669 4085 Caesar
1702 4021 1776 4084 B.
1814 4021 1890 4087 G.
1927 4020 2034 4100 IV,
2085 4025 2158 4084 21
2212 4026 2280 4084 et
2313 4019 2578 4083 Asinius
2624 4018 2837 4084 Pollio

528 4124 705 4206 apud
774 4124 921 4189 Sen.
978 4124 1169 4191 Rhet.
1228 4149 1289 4210 p.
1350 4132 1425 4191 41
1500 4127 1731 4193 Kiessl.
1791 4128 1947 4210 [Pro
2015 4149 2096 4193 re
2115 4148 2452 4210 surgere
2520 4126 2837 4191 viribus

526 4231 810 4297 feliciter
864 4233 1438 4299 Weissenbornius
1498 4257 1532 4300 r
1549 4257 1583 4300 e
1597 4258 1684 4300 su
1699 4258 1734 4299 r
1747 4258 1788 4319 g
1802 4257 1835 4300 e
1849 4258 1931 4301 re
1991 4258 2032 4300 a
2048 4235 2089 4300 b
2152 4257 2182 4300 s
2196 4242 2225 4300 t
2240 4237 2262 4298 i
2276 4234 2454 4318 rpib
2468 4256 2511 4298 ιι
2525 4232 2604 4315 a]
2706 4234 2834 4298 Ex-

525 4345 735 4404 trema
800 4340 1001 4405 verba
1066 4343 1161 4406 sie
1226 4342 1534 4407 videntur
1589 4344 1966 4409 scribenda:
2037 4343 2134 4405 id.
2176 4364 2216 4406 a
2228 4342 2271 4407 d
2330 4341 2381 4406 F
2396 4342 2472 4406 al
2485 4363 2520 4406 e
2535 4343 2653 4407 rio
2666 4363 2700 4405 r
2713 4363 2755 4405 ιι
2767 4363 2833 4404 m

525 4446 984 4530 Pyrrhique
1062 4450 1570 4533 proditorem
1652 4453 1986 4517 tertium
2054 4450 2518 4532 transfugis
2589 4449 2832 4513 docu-
