3230 5282
622 618 748 673 Lib.
784 616 959 671 xm
1716 603 1842 666 284

623 810 832 873 aquas
899 788 984 854 ad
1051 788 1269 854 locum
1336 794 1553 853 totum
1618 786 2014 872 explendum
2081 788 2600 868 conficerentur3
2667 808 2820 870 quse
2878 788 2949 853 in

623 918 947 980 aquarum
989 896 1280 979 undique
1324 896 2007 980 circumstrepentium
2042 897 2277 980 exiguo
2309 896 2454 963 loco
2489 901 2950 973 exstruuntur,

623 1026 704 1070 ea
748 1005 828 1069 in
873 1024 1083 1088 aqua
1128 1005 1567 1071 cumulantur.
1664 1003 2002 1071 Postremo
2048 1003 2338 1070 Creverii
2383 1020 2649 1088 quoque
2693 1004 2768 1067 in
2813 1003 2950 1069 hoc

624 1114 843 1196 capite
934 1113 1170 1179 scitam
1249 1112 1774 1178 emendationem
1852 1112 2415 1192 commendemus;
2503 1132 2658 1176 nam
2734 1130 2952 1194 supra

624 1218 687 1302 (ξ
736 1219 823 1302 6),
869 1220 986 1285 ubi
1030 1220 1173 1286 haec
1216 1221 1558 1302 leguntur:
1607 1219 1829 1286 Galli
1871 1239 2131 1302 neque
2177 1221 2591 1286 sustinere
2636 1240 2717 1284 se
2765 1239 2948 1302 pro·-

623 1328 843 1412 lapsi
910 1349 1174 1412 neque
1242 1348 1685 1410 assurgere
1753 1348 1846 1392 ex
1909 1328 2448 1411 voraginibus
2513 1332 2946 1412 poterant,

624 1436 679 1500 is
755 1436 1111 1517 intellexit,
1202 1435 1497 1501 homines
1591 1435 1886 1500 nondum
1961 1434 2309 1518 prolapsos
2388 1455 2534 1500 sese
2613 1435 2945 1499 sustinere

625 1544 923 1624 studere,
991 1565 1193 1628 quum
1247 1543 1545 1628 prolapsi
1601 1543 1762 1622 sint,
1827 1548 1970 1607 tum
2027 1561 2407 1623 assurgere3
2473 1542 2698 1625 itaque
2754 1540 2947 1607 facta

621 1653 1140 1736 transpositione
1196 1650 1611 1717 scribendum
1671 1670 1847 1715 esse:
1915 1669 2173 1731 neque
2219 1650 2630 1716 sustinere
2674 1671 2759 1715 se
2801 1671 2944 1715 ne-

624 1781 770 1843 que
836 1759 1215 1843 prolapsi
1271 1778 1702 1841 assurgere
1762 1760 1959 1839 cet.¹)
2071 1755 2410 1823 Immntati
2467 1757 2696 1822 eodem
2741 1757 2943 1823 modo

623 1868 1039 1951 apertissime
1083 1887 1321 1932 vocum
1367 1865 1617 1930 ordinis
1662 1865 1896 1947 (quum
1939 1863 2250 1930 librarius
2298 1864 2610 1931 omissam
2653 1864 2941 1949 primum

621 1975 880 2040 incuria
956 1995 1181 2039 vocem
1260 1979 1414 2058 post
1479 1973 1849 2057 proximam
1913 1971 2262 2054 insereret)
2329 1973 2397 2037 in
2461 1971 2802 2039 Puteaneo
2874 1978 2944 2037 et

624 2083 776 2147 inde
843 2083 912 2147 in
979 2083 1215 2147 ceteris
1275 2080 1428 2163 (nisi
1482 2080 1599 2146 ubi
1657 2081 1980 2145 correctio
2037 2078 2340 2161 accessit)
2397 2079 2725 2164 permulta
2782 2085 2943 2145 sunt

625 2190 951 2273 exempla,
1020 2189 1198 2254 velut
1263 2189 1332 2253 in
1399 2188 1528 2254 hoc
1594 2189 1742 2272 ipso
1798 2187 1968 2277 libro
2029 2208 2083 2253 c.
2142 2192 2214 2267 ¹7,
2264 2192 2367 2251 -14
2435 2187 2602 2270 (aut
2669 2188 2938 2271 copiis

625 2297 927 2380 quibus
971 2318 1091 2380 pro
1129 2302 1271 2361 aut
1308 2296 1599 2379 quibus
1637 2295 1851 2380 cop.),
1895 2300 1935 2360 8
1971 2301 2134 2361 extr.
2162 2294 2281 2377 (ac
2312 2295 2755 2379 penatibus
2790 2316 2939 2380 pro

625 2403 854 2484 urbe,
914 2426 1115 2487 quum
1157 2403 1576 2469 scribendum
1621 2408 1794 2470 esset
1859 2424 1998 2487 pro
2056 2402 2251 2468 urbe
2307 2422 2398 2468 ac
2453 2400 2674 2487 pen.),
2732 2405 2835 2480 24,
2898 2405 2936 2465 6

625 2510 866 2592 (haud
922 2512 1115 2594 quia
1172 2510 1414 2577 dubie
1470 2532 1592 2596 pro
1654 2512 1848 2595 quia
1898 2510 1962 2575 h.
2011 2509 2133 2592 d.),
2192 2514 2306 2590 27,
2362 2515 2399 2575 '7
2447 2508 2737 2593 (solum
2778 2530 2936 2575 non

622 2640 744 2703 pro
804 2643 867 2684 n.
908 2618 1078 2702 sol.)
1126 2624 1192 2684 et
1243 2623 1320 2683 10
1367 2617 1480 2701 (se
1541 2619 1763 2685 inter
1817 2640 1939 2704 pro
1997 2619 2213 2684 inter
2257 2617 2384 2701 se),
2445 2621 2544 2699 35,
2593 2621 2631 2682 '7
2678 2616 2933 2700 (quem

620 2728 774 2792 iam
849 2749 1002 2792 non
1070 2732 1346 2806 antea,
1419 2726 1597 2809 quod
1664 2728 1732 2791 in
1799 2726 2201 2792 editionibus
2268 2727 2624 2806 retinetur,
2701 2745 2969 2808 quam--

593 2855 820 2918 quam
841 2834 1410 2901 Weissenbornius
1433 2853 1708 2918 pravum
1732 2855 1874 2900 esse
1900 2835 2125 2916 sensit,
2160 2855 2282 2919 pro
2317 2855 2553 2918 quem
2584 2854 2744 2899 non
2778 2833 2932 2897 iam

452 2951 600 3019 (232)
637 2941 937 3025 antea),
1010 2946 1122 3024 39,
1185 2947 1261 3006 17
1319 2941 1563 3024 (cives
1636 2942 1790 3007 tibi
1857 2963 2087 3024 quam
2157 2943 2416 3025 magis
2472 2940 2754 3006 hostes
2809 2961 2930 3024 pro

519 3097 522 3100 -
623 3052 838 3116 cives
895 3050 1056 3115 tibi
1112 3050 1368 3133 magis
1426 3070 1658 3133 quam
1701 3049 2043 3130 hostes),
2103 3054 2219 3129 52,
2283 3053 2312 3112 1
2364 3048 2737 3130 (brachio
2783 3046 2929 3111 flu-

622 3159 827 3224 mine
918 3159 1243 3224 obiecto
1325 3180 1448 3242 pro
1528 3157 1861 3223 obiecto
1939 3155 2329 3238 flumine).
2406 3156 2553 3220 'Ex
2616 3154 2930 3239 proximis

625 3267 842 3332 tribus
908 3265 1095 3332 libris
1159 3266 1302 3330 haec
1370 3287 1406 3330 e
1461 3265 1766 3350 pluribus
1833 3265 2086 3330 notavi:
2154 3263 2406 3342 XXIII,
2481 3268 2589 3342 16,
2654 3268 2695 3325 4
2750 3261 2929 3342 (Ro-

622 3393 1045 3439 manorum
1121 3379 1460 3457 coeptae,
1537 3371 1719 3456 quod
1781 3370 2239 3437 Alschefskius
2302 3368 2577 3451 tenuit),
2659 3373 2771 3449 32,
2855 3374 2932 3433 14

624 3479 750 3560 (ad
818 3480 1026 3544 diem
1094 3478 1784 3561 conveniendum),
1854 3479 2096 3558 XXIV,
2163 3483 2276 3557 28,
2333 3483 2371 3543 9
2429 3485 2498 3543 et
2553 3481 2665 3555 39,
2725 3475 2931 3557 9-(de

628 3585 865 3668 quibus
910 3586 1079 3652 locis
1125 3585 1388 3668 dicam),
1445 3586 1647 3666 XXV,
1698 3590 1794 3664 13,
1841 3591 1880 3650 8
1928 3585 2183 3667 (circa
2226 3586 2323 3651 ad
2368 3585 2750 3651 consules
2794 3584 2930 3649 Bo-

624 3694 944 3758 vianum
1009 3714 1130 3776 pro
1198 3692 1297 3757 ad
1363 3713 1559 3758 coss.
1608 3693 1828 3758 circa
1879 3693 1985 3776 B.)
2043 3700 2111 3759 et
2154 3698 2266 3772 40,
2334 3697 2363 3756 1
2418 3691 2932 3774 (ornamenta

579 3881 587 3888 ,
628 3802 860 3882 signa
903 3799 1132 3866 urbis
1178 3821 1297 3884 pro
1343 3808 1819 3866 ornamenta
1862 3800 2087 3866 urbis
2132 3799 2579 3885 signaque).

799 3906 958 3992 Cap.
1009 3912 1064 3988 3,
1116 3913 1223 3972 13:
1295 3908 1449 3988 abi,
1492 3910 1802 3988 nuntia,
1849 3907 2257 3974 effodiant
2301 3908 2632 3990 signum,
2678 3907 2746 3971 si
2788 3899 2928 3970 ma·

623 4038 776 4080 nus
812 4050 900 4060 -—-
933 4037 1091 4100 prae
1135 4024 1350 4082 metu
1398 4015 1949 4100 obtorpuerit.
2018 4015 2247 4097 Neque
2291 4013 2587 4080 futurum
2632 4018 2925 4079 exactum

623 4143 838 4206 neque
885 4125 1336 4189 coniunctivus
1381 4123 1539 4189 ferri
1573 4129 1799 4208 potest
1833 4121 2126 4204 (effodi
2170 4123 2503 4205 signum,
2548 4122 2616 4186 si
2659 4139 2924 4185 manus

682 4376 730 4444 ι)
768 4373 964 4443 [Recte
1009 4380 1197 4429 tamen
1233 4375 1585 4431 Woelfflinus
1634 4376 1893 4431 ordinem
1929 4377 1992 4430 in
2026 4376 2317 4431 codicibus
2350 4374 2626 4429 traditum
2662 4370 2923 4436 defendit,

764 4461 984 4516 collatis
1019 4461 1107 4515 his
1144 4461 1307 4516 locis:
1344 4460 1393 4529 1,
1429 4463 1513 4529 56,
1556 4464 1620 4514 12
1655 4466 1712 4515 et
1749 4463 1834 4528 58,
1875 4465 1956 4529 11,
1990 4460 2058 4529 V,
2092 4463 2177 4528 21,
2218 4463 2281 4515 16
2318 4465 2374 4515 et
2409 4463 2497 4526 47,
2533 4456 2606 4527 5.]
