3230 5282
1618 587 1741 648 598

359 786 510 858 (491)
547 792 600 836 c.
648 775 746 850 22,
796 775 832 834 7
879 768 1240 852 CreveriuS,
1286 792 1340 836 c.
1390 773 1489 851 24,
1541 775 1620 834 12
1667 770 2019 855 Sigonius).
2076 771 2214 855 Ego
2260 793 2339 836 ex
2383 772 2638 838 duabus
2682 772 2826 838 bre·

529 879 717 945 vibus
739 879 1041 963 partibus
1063 879 1214 944 libri
1239 879 1722 963 quadragesimi
1745 879 2031 957 secundi,
2056 901 2109 945 c.
2137 884 2217 945 26
2237 879 2320 945 ad
2346 884 2427 945 29
2452 886 2520 945 et
2553 901 2608 946 c.
2633 885 2712 945 53
2736 880 2823 947 ad

533 991 614 1052 57
640 989 968 1070 specimen
1005 989 1386 1053 continuum
1409 1010 1669 1072 ponam.
1736 987 1906 1054 Nam
1944 1010 2084 1072 cap.
2127 992 2228 1069 25,
2266 993 2303 1053 3
2340 989 2664 1054 omittitur
2698 1010 2826 1073 pa-

530 1097 699 1161 rari
764 1095 1088 1175 bellum,
1164 1100 1241 1177 13
1311 1103 1447 1161 aut
1511 1096 2013 1162 abeuntibus
2080 1096 2192 1178 (ob
2240 1099 2595 1181 repetitum
2639 1097 2823 1180 aut),

532 1226 586 1270 c.
614 1209 714 1284 26,
740 1209 776 1268 9
812 1207 1040 1289 prius
1080 1205 1259 1270 dari
1296 1226 1529 1288 quam
1562 1205 1898 1288 no(vi),¹)
1923 1227 1975 1270 c.
2005 1211 2162 1285 28,1
2205 1213 2553 1282 senatus,
2589 1206 2723 1271 ibd.
2751 1211 2821 1270 11

532 1314 875 1379 alterum
906 1313 1363 1379 decessisse
1389 1313 1502 1395 (ob
1527 1317 1881 1399 repetitum
1905 1314 2294 1396 alterum),
2321 1319 2489 1394 c.53,
2522 1320 2550 1378 1
2579 1313 2827 1398 aliquid

530 1429 685 1507 post
718 1429 878 1487 tum
912 1444 1099 1487 vero
1136 1421 1307 1504 (quae
1341 1423 1579 1487 lacuna
1617 1422 1933 1488 hactenus
1967 1430 2199 1489 notata
2234 1445 2363 1488 non
2403 1422 2594 1504 erat),
2632 1422 2763 1488 ibd.
2787 1426 2826 1487 2

532 1531 936 1609 contione,
985 1535 1023 1594 8
1067 1531 1437 1597 facturos
1475 1536 1541 1594 et
1572 1530 1758 1595 urbis
1794 1553 2048 1609 nomen,
2094 1553 2148 1596 c.
2197 1536 2297 1610 54,
2344 1537 2384 1595 4
2430 1532 2679 1613 aliquid
2721 1552 2826 1595 ac-

533 1638 804 1726 cedente
850 1639 977 1704 alio
1023 1639 1255 1704 mendo
1302 1640 1369 1702 in
1416 1638 1914 1723 depulmoris
1962 1639 2167 1721 (quod
2202 1640 2490 1705 nondum
2524 1645 2825 1704 notatum

534 1745 727 1827 erat),
772 1747 903 1812 ibd.
953 1753 988 1812 5
1037 1748 1460 1827 dederunt,
1520 1768 1572 1811 c.
1623 1751 1721 1827 56,
1768 1753 1805 1812 9
1866 1769 2166 1831 agrum,
2221 1748 2355 1812 ibd.
2410 1752 2485 1812 lO
2531 1746 2827 1830 quaedam

533 1862 711 1921 ante·
755 1856 1096 1939 praedam
1173 1856 1378 1940 (quod
1445 1856 1766 1922 hactenus
1847 1858 2373 1922 animadversum
2441 1877 2571 1920 non
2638 1853 2827 1936 erat),

535 1987 588 2029 c.
638 1969 737 2044 57,
785 1969 820 2029 6
867 1964 1155 2046 hora.²)
1247 1963 1437 2041 Quod
1491 1967 1626 2030 iam
1678 1967 1745 2029 in
1802 1966 2016 2029 tribus
2076 1988 2152 2029 ex
2198 1965 2299 2029 his
2345 1965 2509 2030 locis
2554 1962 2710 2042 feci,
2755 1970 2829 2027 ut

536 2074 779 2157 primus
826 2072 1149 2137 defectum
1193 2081 1509 2152 notarem,
1557 2075 1670 2156 qui
1717 2074 1881 2138 alios
1925 2073 2295 2154 fefellisset,
2341 2073 2515 2137 idem
2559 2070 2718 2136 mihi
2760 2072 2827 2135 in

531 2203 662 2245 non
707 2183 938 2264 paucis
982 2181 1148 2246 locis
1192 2181 1567 2245 faciendum
1614 2182 1759 2260 erit,
1806 2188 1878 2246 ut
1922 2183 2146 2246 statim
2190 2183 2257 2245 in
2292 2180 2461 2246 libro
2497 2179 2643 2244 XLI
2678 2201 2731 2244 c.
2769 2183 2826 2258 9,

541 2294 612 2353 ll
661 2289 783 2367 bis,
830 2310 881 2352 c.
934 2294 1030 2366 17,
1081 2294 1135 2368 6,
1185 2311 1237 2353 0.
1290 2294 1385 2368 18,
1445 2294 1501 2369 8,
1550 2311 1603 2355 0.
1654 2293 1755 2369 24,
1823 2294 1897 2353 12
1947 2297 2013 2354 et
2060 2294 2157 2353 13.
2247 2289 2827 2372 Transpositorum

531 2397 601 2460 in
648 2396 871 2460 codice
916 2397 1264 2462 verborum
1308 2397 1510 2481 (quod
1555 2418 1759 2480 genus
1806 2400 2049 2463 erroris
2097 2400 2297 2463 etiam
2341 2400 2407 2461 in
2442 2396 2668 2462 codice
2701 2395 2827 2460 Pu-

536 2510 773 2569 teaneo
818 2505 1028 2569 tertiae
1077 2504 1340 2570 decadis
1398 2506 1749 2587 aliquoties
1809 2506 2126 2570 accidisse
2187 2505 2444 2569 ostendi
2491 2504 2575 2568 ad
2620 2502 2825 2583 XXII,

533 2616 594 2692 2,
642 2617 678 2676 6
725 2635 787 2697 p.
826 2612 978 2694 231)
1023 2615 1090 2678 111
1138 2636 1266 2679 11110
1299 2614 1468 2679 libro
1501 2613 1715 2679 XLIII
1762 2614 1905 2699 (qui
1951 2614 2258 2679 dimidius
2304 2621 2560 2679 tantum
2606 2633 2832 2697 super-

533 2720 663 2804 est)
708 2722 845 2787 haec
892 2723 1186 2806 exempla
1241 2725 1493 2789 notavi:
1563 2744 1615 2787 c.
1668 2728 1724 2802 3,
1788 2729 1823 2787 5
1886 2722 2267 2806 (Gulussa
2332 2723 2832 2787 Massinissae

531 2831 864 2914 regulus
910 2831 1184 2913 filius),
1233 2853 1285 2896 c.
1333 2838 1391 2910 4,
1445 2837 1522 2896 10
1570 2831 1899 2912 (corona
1935 2829 2129 2913 sub),
2177 2853 2231 2895 c.
2282 2837 2338 2909 5,
2385 2837 2425 2894 4
2472 2829 2830 2911 (hostili-

417 2984 444 3005 .-
534 2946 656 3004 ter
699 2938 1045 3020 itinere),
1094 2962 1146 3005 C.
1199 2945 1295 3019 10,
1345 2945 1380 3003 3
1431 2939 1599 3022 (nec
1645 2938 1776 3022 ut),
1825 2962 1877 3004 c.
1933 2946 2025 3020 11,
2074 2945 2109 3003 3
2151 2940 2491 3023 (quoque
2526 2936 2829 3022 primo),

535 3070 589 3113 c.
638 3053 738 3127 23,
789 3053 824 3111 3
873 3049 1126 3133 (quem
1170 3050 1247 3112 in
1295 3070 1571 3132 campo
1610 3047 2038 3126 Meleona);
2085 3047 2218 3111 alia
2254 3047 2550 3128 quaedam
2583 3046 2829 3112 notabo

535 3157 620 3223 ad
665 3157 858 3235 XLV,
909 3162 963 3236 3,
1000 3162 1036 3221 6
1073 3158 1169 3238 (et
1203 3157 1288 3222 ad
1332 3156 1496 3236 XLI,
1549 3160 1645 3234 12,
1693 3160 1749 3236 9,
1799 3156 1878 3220 de
1926 3177 2076 3239 que
2122 3155 2493 3239 particula).
2586 3153 2743 3239 Cap.
2789 3158 2827 3218 2

536 3265 828 3330 eiusdem
870 3266 1021 3329 libri
1069 3264 1355 3345 (XLIII),
1406 3269 1483 3327 12
1532 3286 1734 3348 quum
1778 3263 2090 3328 librarius
2123 3285 2322 3327 unam
2357 3284 2584 3326 vocem
2631 3261 2828 3343 (con-

536 3372 867 3454 sultum)
933 3395 1050 3457 pro
1121 3372 1377 3438 duabus
1449 3373 1841 3456 accepisset,
1916 3372 2145 3436 mediae
2213 3371 2608 3455 interposuit
2666 3391 2824 3448 eam,

362 3489 508 3555 492»
546 3502 690 3566 quae
758 3481 1128 3564 praecedere
1196 3481 1479 3546 debebat
1545 3464 2317 3562 (consultamentum
2380 3501 2499 3564 pro
2566 3485 2828 3543 tamen

670 3777 904 3846 syllabae
958 3781 1259 3846 partesque
1311 3779 1611 3831 verborum
1667 3776 1781 3844 legi
1833 3792 1950 3829 non
2002 3782 2322 3844 potuerunt.
2402 3775 2637 3843 Aliquot
2686 3772 2824 3828 locis

670 3865 916 3932 spatium
952 3879 1189 3917 vacuum
1234 3863 1600 3931 relinquitur,
1655 3861 1752 3914 ubi
1787 3861 1928 3914 nihil
1963 3862 2137 3916 deest.
2210 3860 2301 3931 [In
2347 3862 2434 3915 his
2468 3860 2663 3915 vacuis
2700 3874 2822 3929 sps·

672 3950 783 4017 tiis,
826 3966 950 4018 quae
987 3953 1084 4003 aut
1122 3949 1180 4003 in
1214 3950 1414 4003 mediis
1450 3947 1702 4002 versibus
1739 3953 1836 4001 aut
1870 3948 1930 4001 in
1964 3945 2074 4001 fine
2110 3954 2266 4012 sunt,
2303 3946 2586 4002 interdum
2619 3946 2821 4000 maius·

674 4034 800 4088 cula
834 4035 1025 4088 littera
1058 4034 1222 4088 initio
1259 4034 1498 4104 proximi
1545 4051 1738 4087 versus
1776 4034 1984 4102 posita,
2028 4034 2244 4087 nullam
2280 4050 2399 4087 esse
2433 4032 2719 4086 minimam
2754 4030 2829 4084 la»-

675 4136 834 4174 cunae
871 4120 1264 4189 suspicionem,
1299 4119 1611 4187 intelleget,
1659 4119 1756 4188 qui
1791 4118 1913 4173 haec
1941 4119 2001 4171 in
2036 4118 2185 4173 libro
2223 4118 2352 4172 XLI
2387 4124 2444 4173 et
2476 4115 2638 4170 XLII
2672 4132 2823 4171 com-

674 4207 982 4274 paraverit:
1019 4204 1167 4271 XLI,
1205 4208 1255 4274 9,
1295 4208 1385 4271 12;
1425 4208 1506 4271 10,
1543 4207 1603 4269 4;
1647 4207 1727 4272 18,
1767 4206 1825 4269 6;
1861 4204 2035 4272 XLII,
2066 4208 2116 4271 2,
2146 4207 2206 4270 5;
2249 4207 2326 4271 13,
2367 4207 2425 4271 1;
2466 4206 2544 4269 19,
2580 4204 2639 4269 63
2676 4204 2759 4268 24,
2793 4202 2830 4254 4
2959 4213 2969 4224 ·

675 4296 732 4343 et
772 4292 862 4356 10;
896 4294 981 4358 40,
1028 4296 1114 4358 11;
1153 4297 1369 4345 ceteros
1405 4291 1577 4345 libros
1617 4290 1834 4343 omitt0.
1909 4286 2081 4356 1864]

590 4376 636 4444 ¹)
675 4375 708 4446 ξ
743 4378 777 4430 6
815 4383 871 4430 et
906 4380 939 4432 8
975 4395 1087 4432 non
1124 4379 1300 4432 codex
1340 4375 1654 4430 omittendo
1692 4380 1908 4444 peccat,
1949 4375 2047 4428 sed
2083 4373 2343 4428 Gelenius
2381 4371 2656 4427 addendo,

588 4464 637 4531 ²)
675 4463 762 4516 Ex
795 4463 881 4517 his
918 4464 1058 4517 locis
1095 4463 1378 4517 Bekkerus
1416 4478 1512 4514 sex
1543 4460 1909 4528 indicaverat,
1945 4459 2305 4529 Kreyssigius
2343 4460 2485 4513 duos
2524 4458 2760 4513 addidit.
