3230 5282
1477 619 1600 678 485
2279 629 2403 684 Lib.
2445 629 2700 683 xxxm.

560 800 716 885 Cap.
772 806 877 879 15,
944 805 970 862 1
1026 806 1092 864 et
1150 805 1217 862 2:
1287 800 1904 865 Androsthenes
1962 799 2336 882 (praefectus
2381 799 2690 884 Philippi,
2729 810 2867 873 (386)

388 910 493 976 cui
538 908 813 973 insidias
858 914 1177 991 posuerat
1222 908 1678 985 NicostratuS,
1737 906 2122 971 Achaeorum
2169 913 2472 989 praetor),
2543 929 2702 972 om-

389 1017 603 1080 nium
663 1017 1022 1096 ignarus,
1096 1014 1487 1079 Corintho
1559 1015 1980 1097 profectus
2043 1015 2139 1079 ad
2197 1015 2571 1080 Nemeam
2618 1050 2684 1060 —-

389 1131 677 1188 castra
721 1122 964 1187 locat.
1054 1122 1177 1187 Ibi
1237 1130 1470 1204 parte
1517 1122 1863 1186 dimidia
1910 1123 2323 1187 exercitus
2371 1123 2704 1187 dimissa

390 1231 811 1296 dimidiam
869 1230 1282 1294 trifariam
1344 1229 1627 1293 dimsit
1684 1230 1881 1310 (corr.
1931 1228 2253 1309 diuisit)
2314 1237 2390 1293 et
2437 1251 2703 1294 omnes

389 1333 713 1422 equites
772 1338 1252 1402 discurrere
1310 1336 1407 1401 ad
1465 1336 2092 1419 depopulandos
2149 1337 2388 1401 simul
2433 1336 2704 1402 Pelle-

389 1446 762 1510 nensium
823 1443 1458 1528 Sicyoniumque
1517 1465 1758 1527 agros
1816 1451 1892 1508 et
1949 1443 2396 1508 Phliasium
2453 1445 2700 1510 iubet.

389 1552 494 1621 Ita
562 1553 796 1632 codeX‚
879 1572 1070 1633 quem
1149 1552 1356 1615 secuti
1435 1551 1725 1615 editores
1806 1553 1898 1615 sic
1976 1552 2380 1635 scripserunt
2458 1554 2702 1617 oratio-

394 1680 675 1742 nemque
732 1660 1311 1743 interpunxerunt:
1381 1658 1799 1723 dimidiam
1871 1658 2318 1739 (trifariam
2389 1659 2700 1740 divisit)

392 1775 476 1831 et
517 1789 789 1831 omnes
837 1767 1156 1848 equites
1192 1771 1341 1845 cet.,
1389 1766 1455 1830 in
1503 1787 1632 1846 quo
1673 1768 1953 1849 primum
1990 1787 2260 1849 prorsus
2298 1767 2702 1832 incredibilis

392 1882 458 1939 et
501 1896 631 1939 non
676 1873 1026 1939 toleranda
1071 1880 1173 1938 est
1216 1871 1668 1956 parenthesiS,
1737 1894 1867 1938 non
1926 1872 2207 1956 aliquid,
2278 1875 2455 1957 quod
2516 1883 2703 1940 extra
2742 1917 2746 1922 -

391 1983 773 2065 primariam
820 1982 1213 2046 sententiam
1260 1981 1580 2059 addatur,
1653 1981 1768 2044 sed
1824 1981 2032 2064 ipsius
2089 1982 2369 2046 actionis
2416 1990 2701 2047 narratae

390 2096 650 2172 partem
706 2090 803 2153 ita
860 2091 1229 2166 continenS,
1299 2095 1374 2152 ut
1440 2089 1708 2153 verbum
1778 2087 2120 2169 (divisit)
2192 2098 2256 2154 et
2316 2090 2576 2155 obiecto
2635 2092 2700 2153 in

391 2197 706 2280 primaria
763 2197 1092 2261 sententia
1149 2196 1444 2279 proxime
1503 2195 1898 2279 praecedenti
1946 2195 2421 2277 (dimidiam)
2470 2197 2701 2262 adiun-

392 2311 585 2386 gatur
652 2311 720 2368 et
783 2311 1077 2386 tempore
1143 2303 1270 2398 ipsi
1337 2303 1699 2366 narrationi
1772 2310 1929 2385 apto
2001 2310 2313 2386 ponatur,
2382 2326 2501 2369 nec
2568 2305 2700 2369 ullo

392 2412 657 2475 minimo
713 2411 955 2476 indicio
1014 2432 1055 2474 a
1111 2411 1604 2475 continuatione
1666 2410 1936 2492 reliquae
1994 2412 2310 2476 orationis
2366 2421 2690 2495 separata.
2733 2429 2871 2496 (387)

392 2519 645 2582 Deinde
714 2525 858 2582 tota
924 2519 1253 2583 sententia
1321 2525 1386 2581 et
1444 2539 1550 2581 res
1608 2519 2105 2600 perversissima
2163 2526 2293 2598 est3
2362 2519 2703 2584 dimidiam

392 2627 563 2690 enim
630 2632 887 2710 partem
954 2625 1279 2690 exercitus
1348 2625 1567 2690 educti
1626 2625 2120 2717 Androsthenes
2190 2627 2556 2693 discurrere
2617 2628 2703 2693 ad

390 2755 618 2817 agrum
668 2733 1197 2817 depopulandum
1244 2733 1446 2811 iubet,
1507 2733 1842 2798 dimidiam
1889 2770 1973 2778 —
2019 2734 2175 2817 quid
2222 2737 2572 2817 putamus?
2619 2771 2703 2780 —

390 2842 770 2920 dimittit,
829 2847 896 2904 et
941 2846 1095 2903 ante
1144 2840 1448 2918 dimittit,
1507 2861 1704 2921 quam
1749 2840 2035 2922 reliquos
2083 2841 2451 2906 discurrere
2499 2842 2699 2906 iubet.

390 2950 561 3025 Quo,
619 2948 881 3029 quaeso'?
939 2947 1024 3011 ad
1072 2968 1272 3029 quam
1318 2947 1499 3011 rem?
1560 2967 1688 3027 quo
1736 2946 2056 3011 consilio?
2113 2948 2438 3030 Apparet,
2499 2969 2699 3032 unum

387 3056 528 3118 fieri
587 3057 907 3137 potuisse,
980 3062 1054 3118 ut
1100 3053 1588 3118 Androsthenes
1651 3053 1991 3117 dimidiam
2049 3060 2301 3137 partem
2363 3056 2701 3137 copiarum

386 3164 453 3225 in
536 3164 771 3226 castris
850 3163 1195 3239 retineret,
1289 3161 1627 3224 dimidiam
1719 3160 2083 3225 discurrere
2165 3161 2701 3244 populabundam

391 3269 667 3332 iuberet.
759 3269 974 3351 Atque
1022 3271 1118 3333 ita
1162 3289 1298 3332 rem
1347 3274 1564 3332 actam
1611 3288 1777 3343 esse,
1827 3269 1950 3350 etsi
1995 3289 2113 3350 per
2161 3289 2229 3333 se
2277 3270 2701 3351 perspicuum

388 3383 519 3453 est,
577 3375 795 3440 Livius
853 3377 992 3458 ipse
1042 3377 1206 3440 satis
1254 3376 1581 3452 declarat,
1641 3376 1753 3458 qui
1802 3372 1835 3455 ᾗ
1882 3379 1919 3437 8
1964 3374 2497 3441 Androsthenem
2544 3379 2700 3441 scri-

385 3483 508 3560 bit,
566 3483 942 3547 Nicostrato
1004 3492 1070 3547 et
1115 3481 1369 3546 Achaeis
1432 3481 1516 3545 ad
1564 3488 1786 3546 castra
1833 3483 2324 3561 accedentibus,
2389 3484 2553 3548 tuba
2598 3506 2698 3547 re·

385 3592 602 3654 vocari
693 3610 888 3672 vagos
968 3589 1079 3669 (ad
1171 3587 1619 3672 populandum
1698 3589 1960 3671 missos)
2041 3591 2345 3669 iussisse,
2435 3593 2697 3656 interim

524 3866 690 3926 quot
753 3861 820 3912 in
886 3858 1444 3927 supplementum
1500 3864 1599 3912 aut
1654 3859 1833 3927 quod
1889 3861 2138 3929 suppl.,
2209 3861 2447 3915 alterum
2503 3869 2700 3930 postea

521 3945 847 4009 removeb03
903 3944 959 3997 in
1005 3944 1150 3996 libro
1188 3941 1393 4010 XXXI,
1444 3945 1495 4010 8,
1547 3946 1580 3997 8
1628 3942 1866 4010 (donec
1913 3951 1979 3998 et
2022 3947 2165 4014 ipse
2214 3947 2262 3999 V
2307 3946 2542 4000 millia
2588 3965 2695 4000 so·

522 4031 704 4082 cium
763 4046 838 4082 ac
883 4029 1182 4082 nominis
1230 4028 1471 4081 Latini
1520 4028 1902 4094 effecisset3
1960 4030 2023 4082 id
2061 4032 2391 4099 praesidio
2433 4032 2695 4085 Siciliae

523 4114 902 4181 provinciae
959 4115 1165 4180 esset)
1230 4131 1345 4167 non
1398 4119 1514 4166 tam
1565 4113 1969 4182 praesidium
2023 4132 2152 4169 cum
2208 4115 2500 4170 Gronovio
2557 4118 2691 4170 scri·

518 4198 759 4251 bendum
800 4200 1025 4252 videtur
1060 4216 1253 4267 quam:
1310 4197 1374 4250 id
1420 4199 1720 4266 proesidi.
1812 4198 1947 4251 Eius
1996 4201 2241 4268 genetivi
2294 4202 2485 4255 formae
2536 4218 2691 4254 erro·

519 4300 753 4351 rumque
808 4283 937 4337 inde
995 4291 1253 4337 natorum
1307 4300 1422 4336 non
1476 4300 1657 4350 pauca
1711 4284 1949 4351 vestigia
2003 4285 2062 4338 in
2116 4285 2221 4339 hac
2279 4287 2490 4340 decade
2540 4292 2692 4350 sunt,

518 4368 667 4417 velut
724 4369 782 4417 in
830 4365 1091 4417 XXXIV.
1146 4370 1238 4419 25.
1300 4369 1330 4415 5
1385 4367 1566 4433 ipsum
1622 4368 1965 4436 praesidio
2017 4370 2075 4422 in
2122 4372 2324 4423 ceteris
2375 4369 2538 4423 codd.
2592 4387 2694 4438 pro

517 4453 798 4519 prawitli
844 4453 946 4511 (Β).
