3230 5282
692 607 813 664 Lib.
851 609 998 665 VIII.
1783 601 1900 662 194

692 783 758 847 in
840 784 1066 849 eadem
1135 784 1456 849 communi
1525 806 1668 849 sese
1736 784 2109 851 devoventis
2177 808 2458 871 persona
2523 789 2669 854 novi
2737 787 2986 872 aliquid

694 891 1002 975 addit.]¹)
1346 941 1350 944 .

863 1000 1019 1086 Cap.
1055 1006 1149 1081 12,
1203 1007 1276 1065 14
1305 1024 1453 1085 sqq:
1502 1001 1603 1084 (Q.
1632 1003 1945 1069 Publilius
1970 1004 2155 1069 Philo
2204 1004 2513 1088 dictator)
2561 1013 2728 1071 tres
2760 1006 2986 1088 leges

690 1111 1325 1176 secundissimas
1372 1113 1666 1195 plebei,
1729 1113 2119 1178 adversas
2164 1115 2589 1180 nobilitati
2636 1115 2855 1193 tulit,
2902 1151 2988 1157 —

688 1255 774 1264 -—
805 1246 920 1300 —3
956 1222 1299 1301 tertiam,
1347 1228 1431 1286 ut
1461 1222 1687 1288 alter
1731 1223 2012 1306 utique
2065 1245 2153 1287 ex
2198 1224 2449 1307 plebe,
2497 1245 2663 1288 cum
2698 1222 2986 1307 (quum)

689 1350 776 1394 eo
823 1337 1138 1395 ventum
1184 1332 1319 1410 sit,
1387 1337 1471 1396 ut
1516 1337 1945 1416 utrumque
1990 1332 2389 1416 plebeium
2432 1331 2623 1396 fieri
2667 1331 2985 1411 liceret,

689 1460 973 1504 censor
1050 1446 1496 1504 crearetur.
1624 1439 1730 1504 Sic
1809 1442 2122 1523 scriptum
2187 1440 2432 1506 habent
2499 1440 2756 1505 codices
2823 1442 2981 1505 boni

687 1547 998 1629 malique,
1067 1548 1190 1612 nisi
1258 1548 1433 1630 quod
1502 1548 1802 1631 Sigonius
1870 1550 1935 1612 in
2004 1572 2119 1614 suo
2189 1549 2411 1613 codice
2481 1571 2617 1614 esse
2688 1549 2983 1625 tradidit,

686 1656 859 1740 quod
919 1662 1151 1739 postea
1196 1678 1397 1739 prope
1445 1679 1696 1737 omnes,
1761 1659 1815 1721 si
1859 1657 2334 1722 Alschefskium
2382 1665 2447 1723 et
2492 1659 2827 1722 Hertzium
2876 1683 2985 1722 ex-

687 1767 919 1849 cipiaS,
986 1772 1368 1831 tenuerunt:
1448 1774 1530 1831 ut
1594 1774 2027 1850 utrumque
2098 1767 2506 1850 plebeium
2575 1767 2982 1832 consulem

684 1874 875 1939 fieri
932 1874 1254 1954 liceret,
1311 1876 1443 1939 sive
1489 1876 1542 1939 is
1589 1897 1776 1939 suam
1823 1876 2265 1940 coniecturam
2310 1875 2521 1940 codici
2568 1876 2802 1940 tribuit
2850 1877 2983 1940 sive

685 1983 1330 2066 interpolatissimum
1412 1984 1697 2047 omnium
1774 1984 2021 2049 habuit.
2150 1985 2532 2050 Addeudum
2612 1992 2835 2049 autern
2920 1986 2977 2049 id

686 2092 1070 2157 vocabulum
1129 2092 1593 2173 (consulem)
1655 2093 1937 2172 censuit,
2000 2094 2371 2176 quicunque
2420 2093 2659 2176 primus
2705 2093 2973 2170 addidit,

685 2201 859 2284 quod
917 2200 996 2265 de
1042 2208 1319 2282 utroque
1368 2221 1659 2265 censurae
1703 2202 1848 2266 loco
1894 2202 2168 2284 plebeiis
2214 2201 2545 2284 patefacto
2592 2201 2756 2265 nihil
2805 2201 2979 2286 apud

682 2309 933 2373 Livium
979 2309 1300 2373 hactenus
1344 2310 1661 2374 traditum
1709 2317 1837 2389 est,
1902 2311 1980 2374 de
2040 2311 2382 2375 consulatu
2429 2310 2552 2374 hoc
2600 2331 2982 2374 concessum

681 2419 826 2500 lege
887 2418 1176 2483 Genucia
1233 2419 1497 2501 scripsit
1555 2418 1860 2484 dubitans
1906 2419 2051 2499 VII,
2110 2423 2221 2497 423
2275 2441 2425 2483 nam
2482 2417 2981 2495 Alschefskium,

685 2527 987 2592 liceret
1034 2526 1113 2590 de
1161 2548 1267 2606 eo,
1324 2527 1496 2609 quod
1546 2528 1687 2592 sine
1732 2527 1873 2611 lege
1918 2528 2057 2592 fieri
2106 2535 2343 2611 posset,
2399 2528 2453 2591 si
2502 2526 2684 2610 plebs
2731 2527 2982 2591 viribus

681 2637 815 2702 suis
881 2643 1203 2716 uteretur,
1281 2635 1795 2720 intellegentem,
1874 2636 2143 2702 refutari
2212 2636 2368 2702 nihil
2439 2660 2598 2720 opus
2666 2643 2765 2700 est
2833 2634 2976 2718 (cfr.

683 2744 965 2824 Becker,
1033 2745 1214 2809 Rom.
1263 2744 1542 2810 Alterth.
1602 2744 1694 2824 II,
1753 2750 1789 2809 2
1852 2768 1911 2828 p.
1975 2749 2085 2809 191
2150 2752 2283 2810 not.
2331 2745 2541 2828 extu).
2656 2744 2785 2808 Sed
2844 2746 2977 2808 sive

683 2854 948 2918 additur
1004 2854 1407 2919 consulem
1467 2856 1600 2918 sive
1650 2876 1776 2918 non
1824 2854 2114 2934 additur,
2172 2861 2353 2919 totus
2399 2854 2582 2918 locus
2628 2875 2978 2937 perversus

683 2972 748 3028 et
802 2963 1183 3046 nugatorius
1239 2969 1338 3026 est
1395 2969 1461 3026 et
1513 2985 1586 3026 re
1634 2969 1699 3026 et
1744 2964 2059 3028 orationis
2105 2943 2332 3027 forma.
2447 2962 2576 3027 Cur
2621 2964 2789 3026 enim
2841 2984 2978 3026 om-

682 3075 864 3152 nino,
926 3094 1122 3156 quum
1180 3079 1314 3136 tres
1367 3072 1545 3155 leges
1603 3081 2066 3136 enumerentur
2123 3094 2474 3156 earumque
2521 3079 2977 3153 argumentum

512 3200 652 3269 (165)
689 3184 976 3248 breviter
1031 3181 1382 3259 indicetur,
1452 3182 1519 3244 in
1584 3179 1710 3244 hac
1778 3182 1977 3245 tertia
2042 3182 2183 3261 lege
2251 3203 2445 3246 causa
2502 3181 2655 3244 latae
2713 3181 2853 3244 eius
2912 3189 2981 3244 et

681 3296 970 3374 acceptae
1054 3289 1317 3354 additur
1396 3289 1490 3370 (et
1567 3289 1834 3354 additur
1914 3291 1980 3353 in
2063 3289 2275 3353 medio
2339 3289 2503 3372 legis
2571 3295 2977 3371 argumente,
3100 3291 3109 3300 '

682 3401 871 3484 quasi
925 3398 1089 3481 legis
1145 3397 1353 3480 ipsius
1410 3396 1549 3460 haec
1606 3419 1762 3480 pars
1821 3397 1963 3480 sit),
2024 3398 2383 3462 cuiusmodi
2440 3396 2602 3463 nihil
2650 3399 2716 3462 in
2763 3398 2977 3480 prima

682 3515 747 3572 et
791 3508 992 3573 tertia
1035 3507 1179 3588 lege
1226 3505 1680 3587 significatur?
1748 3506 1998 3571 Deinde
2057 3506 2240 3571 nulla
2286 3508 2545 3571 omnino
2592 3506 2729 3571 haec
2775 3526 2978 3570 causa

682 3623 816 3696 est3
861 3637 1033 3695 nam,
1081 3615 1134 3679 si
1183 3615 1519 3696 Sigonium
1565 3617 1914 3698 sequimur,
1964 3616 2137 3700 quod
2183 3614 2559 3680 consulatus
2604 3616 2975 3699 promiscue

683 3725 828 3808 capi
886 3724 968 3789 ab
1028 3724 1367 3808 utriusque
1425 3723 1674 3789 ordinis
1719 3723 2089 3789 hominibus
2135 3731 2428 3808 poterat,
2495 3724 2579 3789 ad
2620 3719 2974 3788 vcensuram

682 3833 844 3900 nihil
891 3833 1151 3897 omnino
1199 3833 1589 3915 pertinebat,
1637 3835 1736 3897 sin
1783 3834 2055 3912 codiceS,
2101 3855 2181 3897 ne
2228 3835 2321 3897 sic
2368 3832 2625 3917 quidem
2674 3839 2971 3916 apparet,

683 3964 827 4020 cur,
906 3940 1080 4023 quod
1160 3941 1486 4006 sublatum
1566 3964 1752 4006 omne
1832 3942 2078 4007 ordinis
2147 3942 2491 4007 discrimen
2558 3942 2619 4004 in
2692 3961 2976 4005 censura

683 4050 902 4115 danda
958 4056 1156 4129 esset,
1225 4049 1306 4114 ob
1375 4072 1518 4115 eam
1587 4072 1851 4114 causam
1901 4051 2321 4115 sanciendum
2379 4050 2604 4128 fuerit,
2675 4056 2748 4113 ut
2805 4050 2973 4114 alter

683 4160 907 4242 utique
956 4181 989 4223 e
1037 4157 1228 4240 plebe
1275 4158 1478 4225 fieret.
1582 4160 1764 4239 Tum,
1824 4165 1895 4224 ut
1938 4160 2068 4224 iam
2115 4159 2267 4240 dixi,
2316 4180 2526 4242 causae
2573 4158 2685 4222 illa
2730 4159 2970 4241 signifi-

682 4269 853 4333 catio
916 4267 1500 4332 incommodissime
1559 4270 1654 4333 sic
1711 4269 2174 4352 interponitur,
2242 4276 2315 4332 ut
2370 4268 2543 4332 haec:
2614 4274 2696 4331 ut
2764 4268 2973 4332 alter

739 4499 785 4571 ¹)
822 4498 905 4552 De
941 4499 1142 4553 lacuna
1178 4499 1235 4553 in
1270 4501 1524 4571 proximo
1562 4500 1746 4570 capite
1779 4501 1881 4569 (11,
1908 4502 1961 4570 6)
1990 4501 2241 4555 notanda
2276 4501 2393 4555 dixi
2428 4500 2487 4555 in
2521 4501 2814 4570 prooemio
2843 4521 2896 4573 p.
2925 4504 2968 4556 6.
