3230 5282
649 579 773 632 Lib.
813 577 1122 632 XXXVIII.
1748 567 1869 628 552

653 751 878 813 averti.
972 750 1208 833 Itaque
1267 752 1361 814 sic
1417 750 1640 815 Livius
1709 750 2003 832 scripsit:
2073 748 2228 813 Vos
2298 748 2388 812 de
2445 747 2514 812 P.
2580 747 2965 831 Scipione

653 857 996 939 palmam
1040 859 1214 941 peti
1260 857 1601 923 feretis?
1671 858 1842 921 Huic
1889 858 2149 920 demum
2184 857 2687 936 interrogationi
2730 857 2961 920 rectis-

653 966 813 1029 sime
858 964 976 1028 illa
1019 966 1396 1029 subiicitur:
1445 965 1821 1029 Nullisne
1865 964 2184 1028 meritis
2230 964 2400 1026 suis
2443 998 2530 1007 —
2574 964 2651 1025 in
2700 984 2963 1026 arcem

649 1078 916 1136 tutam
978 1107 1066 1117 —
1132 1073 1344 1136 clari
1423 1073 1581 1136 viri
1660 1071 2185 1155 pervenient?
2289 1069 2356 1134 Si
2437 1071 2545 1136 cui
2590 1052 2966 1153 ‘displiceat

652 1182 864 1244 oratio
911 1180 997 1244 ad
1041 1180 1356 1263 populum
1403 1201 1666 1259 aversa,
1739 1180 1797 1243 ei
1857 1176 2274 1243 scribendum
2332 1177 2445 1255 sit,
2502 1183 2577 1241 ut
2622 1178 2831 1241 omnis
2876 1176 2965 1240 ad

649 1288 955 1353 tribunos
1002 1288 1373 1370 appellatos
1420 1293 1871 1352 convertatur:
1937 1285 2191 1349 nullis
2251 1286 2567 1348 nostris
2628 1284 2962 1349 honori-

651 1395 823 1459 bus,
892 1394 1020 1459 Pro
1058 1395 1385 1477 recepit
1408 1394 1826 1458 scribendum
1863 1393 2100 1475 opinor
2134 1392 2440 1474 recipit
2475 1391 2627 1472 (vid.
2655 1392 2741 1456 ad
2763 1390 2961 1470 XXX,

652 1507 753 1580 30,
805 1506 876 1566 11
928 1526 989 1585 p.
1041 1501 1192 1581 354)
1240 1500 1365 1564 hac
1409 1501 1766 1565 sententia:
1816 1500 2075 1563 Patitur
2120 1498 2401 1562 libenter
2442 1499 2515 1562 L.
2565 1498 2782 1582 Scipio
2830 1499 2960 1562 fra-

650 1616 820 1674 trem
877 1609 1004 1673 sibi
1062 1608 1292 1689 gloriae
1362 1613 1734 1673 consortem
1803 1606 2091 1688 adiungi.
2183 1605 2432 1669 Eodem
2501 1608 2719 1688 capite
2787 1605 2968 1670 infra

653 1716 714 1799 (ἐ
764 1717 829 1797 9)
878 1716 1193 1781 restituta
1253 1722 1320 1779 et
1366 1715 1677 1799 suppleta
1733 1736 1813 1778 ex
1856 1713 1923 1777 M
1971 1714 2184 1777 oratio
2233 1713 2492 1777 defectu
2536 1720 2792 1792 tamen,
2842 1713 2960 1778 sed

652 1825 915 1906 exigu0,
983 1823 1262 1888 laborat.
1361 1822 1467 1887 Sic
1535 1823 1709 1886 enim
1779 1822 2089 1886 scribitur
2158 1820 2239 1883 de
2296 1820 2364 1883 P.
2425 1820 2761 1904 Scipione:
2832 1821 2967 1883 Vir

650 1930 1244 2008 memorabilis;
1316 1929 1654 1994 bellicis
1721 1936 1991 1993 tamen
2059 1949 2288 2008 quam
2346 1928 2574 2010 pacis
2642 1927 2962 1992 artibus

648 2036 1258 2102 memorabilior
1306 2039 1562 2120 prima
1600 2058 1788 2119 pars
1834 2036 2016 2098 vitae
2054 2057 2287 2118 quam
2323 2042 2739 2119 postrema
2782 2034 2962 2108 fuit,

652 2146 849 2229 quia
894 2146 973 2207 in
1015 2146 1360 2209 iuventa
1415 2145 1635 2209 bella
1689 2143 2019 2208 assidue
2076 2151 2338 2225 gesta,
2407 2163 2577 2206 cum
2635 2150 2965 2206 senecta

649 2274 777 2316 res
826 2271 1147 2333 quoque
1195 2252 1674 2317 defloruere
1719 2272 1868 2315 nec
1914 2250 2258 2333 praebita
2304 2256 2432 2314 est
2468 2251 2807 2315 materia
2851 2252 2963 2313 in·

651 2359 976 2441 genio.¹)
1071 2359 1230 2437 Qui,
1296 2380 1426 2423 non
1474 2359 1653 2436 dico,
1704 2358 2082 2439 diligentius
2152 2357 2547 2422 sententiam
2593 2357 2967 2422 considera—

649 2467 835 2544 verit,
883 2465 999 2529 sed
1045 2466 1310 2529 omnino
1358 2465 1444 2530 ad
1489 2486 1636 2530 eam
1695 2466 2086 2544 attenderit,
2153 2465 2638 2529 animadvertat
2704 2486 2967 2528 necesse

651 2580 768 2652 est,
818 2573 1375 2657 comparationem
1421 2572 1618 2656 plane
1664 2593 2042 2656 perversam
2088 2579 2155 2636 et
2202 2593 2234 2635 e
2283 2571 2539 2636 duabus
2587 2594 2731 2636 cum
2768 2573 2967 2636 inter-

648 2683 745 2745 itu
807 2683 1145 2745 sententiae
1205 2680 1547 2745 confusam
1617 2702 1791 2761 esse3
1859 2681 2075 2764 prima
2120 2681 2293 2745 enim
2350 2682 2498 2745 vitae
2545 2701 2700 2763 pars
2767 2701 2967 2763 quam

650 2794 981 2872 postrema
1041 2788 1536 2853 memorabilior
1582 2788 1857 2868 dicitur3
1928 2810 2062 2870 qua
2104 2788 2220 2853 re?
2284 2788 2745 2872 Respondetur
2798 2808 2967 2851 nova

649 2898 1173 2978 comparatione:
1223 2895 1382 2959 belli
1428 2916 1625 2977 quam
1670 2895 1855 2977 pacis
1912 2895 2189 2959 artibus.
2280 2896 2482 2977 Atqui
2537 2901 2654 2958 aut
2707 2915 2838 2958 una
2889 2914 2966 2957 re

647 3003 776 3068 duo
826 3003 931 3084 (ut
972 3003 1304 3086 loquimur
1348 3004 1413 3066 in
1461 3001 1633 3082 arte)
1685 3003 1987 3078 subiecta
2034 3009 2149 3067 aut
2194 3004 2257 3066 in
2293 3024 2424 3066 uno
2473 3002 2772 3066 subiecto
2819 3001 2961 3065 duae

645 3132 752 3176 res
800 3110 1169 3194 comparari
1218 3110 1476 3174 debent.
1566 3110 1802 3192 Itaque
1869 3109 2069 3173 etiam
2126 3111 2383 3191 reliqua
2439 3130 2634 3173 sensu
2694 3113 2942 3172 carent.

646 3219 836 3296 Quod
883 3220 1055 3282 enim
1101 3218 1315 3299 prima
1360 3237 1515 3299 pars
1570 3217 1719 3281 vitae
1778 3216 1935 3280 belli
1982 3216 2208 3298 (quam
2257 3215 2467 3298 pacis)
2517 3216 2773 3279 artibus
2827 3236 2961 3279 me-

643 3325 1029 3389 morabilior
1071 3323 1212 3401 fuit,
1261 3323 1420 3404 quid
1465 3323 1707 3402 obstat,
1754 3345 1885 3407 quo
1932 3325 2146 3388 minus
2193 3325 2375 3405 pacis
2414 3324 2669 3388 artibus
2707 3330 2959 3407 postre-

646 3453 753 3495 ma
798 3453 950 3514 pars
985 3430 1409 3496 excelluerit?
1455 3429 1706 3513 Nempe
1741 3431 1810 3495 id
1844 3431 2121 3510 obstitit,
2159 3430 2332 3511 quod
2368 3452 2499 3494 non
2536 3433 2762 3512 aliqua
2806 3431 2957 3494 vitae

643 3559 816 3620 pars,
863 3538 980 3602 sed
1026 3558 1213 3602 omne
1264 3536 1584 3620 Scipionis
1620 3539 1952 3620 ingenium
1999 3537 2156 3602 belli
2193 3538 2444 3602 artibus
2491 3540 2700 3620 magis
2750 3559 2948 3620 quam

645 3646 825 3728 pacis
871 3645 1199 3728 praestitit‚
1248 3643 1380 3708 illis
1428 3652 1649 3710 autem
1695 3646 2023 3728 posterior
2067 3645 2217 3709 vitae
2254 3666 2405 3728 pars
2441 3647 2786 3710 materiam
2819 3666 2950 3709 non

471 3751 614 3822 (449)
653 3751 952 3834 praebuit.
1041 3749 1141 3815 Ne
1187 3751 1355 3815 illud
1400 3752 1664 3833 quidem
1712 3752 2089 3832 obscurum,
2135 3773 2335 3833 quum
2383 3760 2533 3834 post
2577 3751 2712 3816 tale
2759 3751 2958 3832 elogii

642 3859 932 3923 initium:
981 3859 1101 3921 vir
1144 3859 1710 3924 memorabilis
1758 3859 2178 3924 subiiciatur:
2244 3867 2511 3924 tamen
2558 3880 2748 3922 mem
2770 3878 2955 3923 ora-

642 3965 909 4046 bilior,
943 3966 1118 4030 hunc
1143 3967 1664 4049 comparativum
1689 3966 1772 4030 ad
1807 3966 1982 4030 idem
2019 3967 2387 4031 subiectum
2412 3966 2589 4047 (vir)
2627 3967 2957 4049 pertinere

707 4233 757 4299 ¹)
795 4233 984 4287 Ceteri
1044 4236 1204 4290 codd.
1244 4242 1301 4290 et
1354 4242 1490 4291 vett.
1531 4236 1655 4291 edd.
1694 4253 1798 4305 pro
1844 4237 1931 4291 his
1978 4238 2260 4291 omnibus:
2316 4238 2537 4306 prima
2583 4254 2746 4306 pars
2798 4236 2953 4289 vitae

780 4346 848 4357 —
883 4321 1173 4374 materia
1227 4321 1520 4388 ingenio
1580 4322 1705 4374 haec
1763 4321 2001 4376 habent:
2060 4323 2171 4377 cui
2219 4339 2340 4391 par
2385 4322 2628 4377 habita
2676 4326 2781 4374 est
2820 4337 2957 4374 ma·

781 4404 964 4458 teria
1000 4405 1302 4473 ingenia
