3230 5282
1351 618 1477 679 269
2256 631 2381 686 Lib.
2418 632 2566 686 XXI.

285 799 377 877 (et
418 802 741 884 apri'cos
788 824 936 867 cum
980 801 1293 869 Cantabr.
1331 810 1398 867 et
1439 802 1595 869 Lov.
1637 802 1734 885 3);
1780 802 1941 868 mihi
1988 803 2377 887 quosdam
2418 826 2572 893 pro-

281 929 498 974 nomen
552 910 620 975 in
676 910 976 976 locorum
1031 910 1245 977 forma
1299 911 1600 976 universe
1658 910 2093 976 describenda
2146 916 2286 977 tam
2328 912 2572 976 incom-

283 1017 526 1083 modum
558 1018 832 1099 videtur,
864 1023 944 1084 ut
977 1018 1526 1084 considerandum
1548 1018 1866 1099 videatur,
1903 1020 2329 1103 scripseritne
2350 1019 2573 1084 Livius

286 1125 744 1210 apricosque
812 1128 1060 1191 etiam
1126 1126 1409 1193 colles.
1519 1126 1595 1191 In
1653 1126 1776 1191 hac
1834 1126 2144 1191 inferiore
2198 1133 2389 1211 parte
2445 1128 2571 1212 ipsi

285 1230 464 1297 colles
508 1233 853 1315 (contrarii
901 1234 1350 1300 cacuminibus
1391 1234 1525 1300 illis
1571 1235 1868 1318 summis)
1916 1236 2123 1318 aprici
2171 1241 2344 1300 sunt.
2444 1235 2574 1301 Sed

284 1342 504 1406 certius
551 1348 686 1421 est,
755 1363 796 1406 a
842 1342 1027 1408 Livio
1076 1336 1216 1407 'non
1262 1349 1810 1408 commemoratos
1859 1364 2003 1408 esse
2048 1344 2269 1408 rivos
2313 1365 2571 1428 prope

281 1447 544 1530 silvas,
611 1471 757 1534 quae
828 1451 1292 1535 propinquitas
1361 1449 1447 1515 ad
1511 1472 1653 1515 rem
1707 1450 1875 1515 nihil
1934 1451 2196 1516 omnino
2252 1453 2573 1535 pertinet3

283 1576 385 1619 nec
425 1558 543 1621 rivi
586 1557 810 1642 Alpini
854 1580 1061 1643 prope
1105 1559 1334 1638 silvas,
1395 1558 1512 1623 sed
1556 1580 1675 1642 per
1717 1559 1899 1643 ipsas
1947 1558 2144 1624 silvas
2192 1557 2570 1623 decurrunt.

284 1661 471 1729 Recta
534 1666 677 1730 haec
746 1674 960 1745 erunt,
1030 1667 1085 1731 si
1153 1668 1637 1750 scripserimus:
1717 1668 2100 1750 rivosque
2181 1672 2260 1732 et
2323 1687 2571 1751 prope

285 1770 531 1837 silvas,
643 1774 794 1839 Non
864 1774 1067 1839 audet
1118 1775 1343 1840 Livius
1400 1775 1675 1840 arbores
1731 1775 2011 1858 primum
2054 1795 2240 1839 raras
2285 1781 2351 1840 et
2394 1773 2564 1838 diffi-
2603 1782 2743 1851 (219)

285 1879 474 1945 culter
526 1883 983 1965 provenientes
1042 1881 1238 1948 silvas
1296 1882 1670 1967 appellare,
1736 1881 1850 1946 sed
1905 1903 2111 1966 prope
2159 1880 2372 1946 silvas,
2473 1882 2573 1946 Et

286 1992 417 2067 post
458 2010 604 2071 que
652 1989 897 2054 excidit
938 1989 1171 2071 XXVI,
1224 1995 1318 2071 19,
1365 1996 1403 2053 2
1450 1997 1518 2056 et
1561 1994 1664 2068 46,
1709 1994 1769 2053 4.

435 2095 628 2181 *Cap.
678 2100 777 2179 38,
826 2103 883 2162 5.
974 2097 1164 2177 Quod
1218 2097 1413 2164 huius
1470 2099 1601 2163 loci
1658 2097 2101 2162 constituendi
2145 2096 2407 2162 initium
2450 2105 2568 2177 est,

284 2207 350 2264 ut
408 2210 577 2269 recte
636 2226 746 2285 ea,
817 2228 964 2290 quae
1031 2207 1112 2272 de
1180 2229 1452 2272 numero
1525 2206 1863 2290 copiarum
1920 2205 2314 2271 Hannibalis
2371 2204 2570 2289 Alpes

283 2309 720 2377 traductamm
766 2313 1106 2394 dicuntur,
1176 2321 1571 2398 separentur
1626 2314 1711 2380 ab
1769 2314 1902 2378 alia
1958 2334 2225 2398 prorsus
2270 2334 2568 2396 novaque

285 2414 708 2500 disputatione
777 2422 857 2486 de
924 2423 1240 2487 transitus
1306 2423 1482 2504 loeo,
1551 2444 1752 2507 quam
1805 2421 2029 2486 Livius
2086 2426 2127 2485 a'
2183 2443 2570 2488 commemo-

284 2526 521 2591 ratione
575 2529 771 2612 primi
831 2528 1054 2614 populi
1098 2530 1458 2595 Hannibali
1515 2530 1598 2595 ab
1646 2530 1925 2614 Alpibus
1984 2529 2409 2594 descendenti
2454 2531 2569 2595 ob-

285 2632 425 2698 iecti
466 2635 848 2718 orditur‚·id
893 2645 1041 2722 post
1084 2639 1250 2704 alios
1294 2660 1530 2722 meque
1576 2637 1781 2722 (apud
1824 2636 2316 2722 Ingerslevium)
2362 2639 2570 2703 Weis-

286 2741 654 2810 senbornius
720 2753 985 2811 secutus
1053 2753 1181 2825 est,
1250 2753 1327 2812 ut
1393 2747 1475 2811 de
1531 2768 1606 2812 eo
1665 2747 1857 2830 plura
1912 2747 2128 2811 dicere
2184 2746 2349 2810 nihil
2405 2768 2571 2830 opus

286 2849 381 2913 sit.
481 2853 689 2917 Huius
747 2861 968 2918 autem
1027 2875 1207 2919 novae
1267 2855 1608 2919 sententiae
1663 2855 1923 2918 initium
1966 2856 2034 2919 in
2080 2854 2343 2937 optimis
2389 2855 2569 2919 codi-

289 2956 458 3024 cibus
533 2962 629 3025 sic
708 2961 1055 3027 scribitur:
1138 2962 1845 3045 Taurinisnegalli
1926 2961 2052 3043 (M3
2132 2963 2200 3026 in
2270 2959 2319 3025 C
2396 2963 2571 3026 inter

287 3062 652 3133 Taurinis
721 3075 790 3135 et
847 3068 1067 3136 Galli
1135 3070 1387 3153 aliquid
1456 3092 1718 3136 erasum
1774 3069 1898 3152 est)
1955 3069 2324 3153 proxima
2379 3090 2570 3151 gens

291 3181 453 3238 erat
525 3178 602 3241 in
669 3175 999 3242 Italiam
1079 3177 1472 3262 digresso.
1599 3178 1691 3243 Id
1767 3199 1936 3241 cum
2013 3178 2234 3240 inter
2302 3197 2569 3241 omnes

289 3291 590 3349 constet
657 3293 784 3350 cet.
896 3285 999 3367 (In
1056 3285 1105 3351 C
1164 3285 1391 3351 eadem
1458 3307 1726 3365 manu8‚
1795 3306 1937 3366 quae
2005 3285 2219 3368 prima
2284 3286 2569 3368 scripsit,

291 3387 507 3456 dicitur
564 3393 802 3458 deinde
868 3393 1108 3477 gallie
1164 3393 1444 3476 fecisse.)
1554 3393 1681 3458 Pro
1738 3392 2444 3476 Taurinisnegalli
2501 3395 2570 3458 in

291 3498 488 3565 codice
568 3498 1127 3585 cantabrigiensi,
1218 3524 1253 3566 e
1333 3501 1745 3581 melioribuS‚
1837 3501 1952 3566 sed
2043 3522 2216 3584 saepe
2298 3499 2571 3567 licenter

291 3603 624 3689 aberranti,
684 3615 784 3674 est
828 3608 1209 3674 Taurinis
1256 3630 1425 3692 quae
1474 3610 1778 3688 Galliae,
1823 3610 1891 3674 in
1938 3611 2173 3673 ceteris
2220 3610 2570 3694 multiplici

291 3731 486 3780 errore
532 3724 908 3800 conatuque
952 3716 1230 3782 factum:
1288 3717 1780 3783 Taurinisne
1829 3717 2111 3795 Gallis,
2156 3717 2569 3782 Taurinis-

291 3839 419 3900 que
462 3824 751 3905 Gallis,
810 3826 959 3890 alia.
1060 3826 1199 3890 Iam
1245 3825 1460 3891 forma
1504 3826 1654 3910 ipsa
1700 3826 2061 3903 sententiae,
2109 3823 2380 3890 dubium
2426 3847 2569 3891 esse

290 3933 518 4011 nequit,
577 3935 738 4016 quin
783 3932 923 3998 haec
964 3932 1181 4014 fuerit,
1241 3954 1437 4015 quam
1483 3939 1552 3998 et
1596 3954 1717 4016 ego
1766 3917 2206 3997 demonstravi
2252 3939 2320 3998 et
2362 3934 2569 3998 Weis-

291 4036 648 4106 senbornius
707 4041 953 4106 tenuit:
1021 4041 1358 4106 Taurini
1414 4078 1498 4086 -—
1552 4041 1920 4125 proxima
1987 4062 2177 4123 gens
2244 4047 2424 4105 erat
2489 4042 2570 4105 in

291 4137 587 4211 ltaliam
657 4148 1078 4232 degi-essm
1146 4149 1492 4233 quaeritur,
1560 4149 1720 4232 quid
1786 4148 1995 4213 lateat
2058 4149 2126 4212 in
2192 4148 2323 4213 illis
2393 4170 2570 4213 sne-

292 4250 465 4327 galli
529 4254 709 4336 (nam
780 4255 1070 4320 Galliae
1140 4255 1667 4340 ob.proxima
1723 4257 2042 4340 scriptum
2099 4263 2233 4336 est3
2302 4277 2432 4320 non
2489 4255 2569 4319 de

295 4353 498 4426 Galliae
540 4364 1033 4448 propinquitate
1079 4366 1321 4448 agitur,
1380 4364 1494 4429 sed
1540 4364 1702 4446 quid
1745 4365 2113 4447 proximum
2157 4366 2567 4448 primumque

293 4459 621 4536 Hannibali
701 4473 1113 4555 occurrerit).
1235 4472 1323 4538 Et
1400 4473 1578 4556 ipsas
1655 4472 1911 4538 litteras
1991 4471 2436 4538 consideranti
2504 4476 2572 4533 et
