3230 5282
603 628 726 681 Lib.
763 627 884 681 VII.
1295 629 1299 634 '
1699 615 1819 675 180

606 807 678 864 ut
724 821 802 864 ex
847 800 947 878 iis,
995 821 1191 881 quum
1236 799 1551 878 venerint,
1600 799 2012 863 sciscitemur
2060 798 2340 883 aliquid3
2399 806 2914 883 prospectamuS,

606 907 843 990 ecquid
889 914 1239 990 appareat3
1308 915 1856 990 prospectare
1903 908 2135 986 viam,
2194 908 2387 991 quid
2435 909 2565 973 cui
2609 929 2752 991 per
2794 908 2915 974 le-

606 1023 844 1098 gatos
899 1015 1367 1079 renuntiari
1410 1015 1816 1080 Romanus
1862 1022 2195 1080 senatus
2242 1015 2530 1080 iubeat
2576 1015 2697 1097 (sic
2743 1017 2918 1081 enim

607 1123 964 1205 enarrant),
1009 1123 1442 1204 nugaci-ssime
1489 1122 1750 1186 dicitur.
1800 1144 1803 1145 ⁷
1854 1122 2127 1202 Deinde,
2175 1124 2232 1187 si
2274 1123 2497 1188 Livius
2544 1123 2725 1188 illam
2769 1146 2916 1189 sen-

605 1233 911 1310 tentiam,
979 1252 1123 1313 quae
1171 1251 1211 1293 a
1254 1231 1640 1313 pronomine
1701 1229 1892 1313 quid
1947 1231 2211 1313 incipit,
2283 1232 2610 1314 superiori
2653 1231 2918 1298 adnecti

607 1346 673 1404 et
731 1362 811 1404 ex
858 1339 1342 1421 Campanorum
1399 1338 1573 1402 domi
1632 1340 2150 1421 exspectantium
2210 1340 2425 1404 animo
2482 1339 2763 1423 proferri
2805 1362 2917 1404 vo-

610 1448 870 1527 luisset,
939 1469 1068 1510 non
1115 1445 1325 1525 illis,
1394 1446 1509 1510 sed
1557 1446 1715 1510 sibi
1761 1447 2167 1529 scripsisset,
2233 1468 2355 1511 nec
2402 1455 2678 1530 patres
2726 1468 2915 1513 con-

608 1556 901 1638 scripti
949 1554 1326 1632 addidisset,
1374 1553 1551 1635 quod
1595 1554 1944 1619 manifesto
1994 1562 2094 1619 est
2135 1554 2338 1634 legati
2373 1555 2579 1637 ipsius
2616 1562 2918 1619 senatum

608 1664 1022 1745 alloquentis.
1139 1662 1510 1745 Scripserat
1574 1662 1796 1727 Livius
1864 1684 1997 1726 una
2063 1663 2291 1726 littera
2358 1664 2601 1726 minus:
2683 1662 2919 1728 Stare

610 1794 911 1835 omnem
966 1770 1587 1834 multitudinem
1647 1770 1743 1834 ad
1802 1776 2085 1852 portas
2143 1772 2349 1834 viam
2402 1769 2590 1833 hinc
2644 1768 2916 1835 feren-

609 1888 760 1943 tem
808 1884 1466 1962 prospectantes,
1527 1884 1835 1940 certum
1889 1876 2171 1942 habeo.
2281 1878 2485 1955 Quid
2530 1877 2709 1942 illis
2755 1899 2917 1958 nOS,

610 1993 892 2069 patres
940 1987 1431 2068 conscripti,
1493 1984 1895 2049 sollicitis
1944 2006 2034 2048 ac
2080 1985 2628 2069 pendentibus
2673 1987 2918 2049 animi

613 2095 1091 2159 renuntiare
1171 2093 1503 2156 iubetis?
1581 2093 1722 2156 Iam
1802 2093 1957 2156 huic
2024 2102 2219 2157 rectae
2287 2094 2788 2175 interrogationi
2855 2103 2921 2158 et

440 2218 580 2285 (152)
616 2202 915 2286 responsi
972 2201 1402 2283 postulationi
1461 2201 1654 2281 longe
1690 2201 1931 2283 ‘aptius
1989 2202 2436 2283 adiunguntur
2480 2201 2628 2264 illa:
2695 2201 2919 2266 Alte·

614 2332 785 2375 rum
830 2330 1306 2390 responsum
1353 2307 1702 2371 salutem
1744 2333 1866 2388 —3
1926 2309 2293 2387 alterum,
2341 2310 2689 2373 ominari
2732 2308 2921 2374 hor-

610 2440 774 2496 re0‚
843 2439 1007 2499 quae
1060 2416 1299 2479 ferat.
1414 2415 1538 2491 Qui
1596 2415 1788 2498 quid
1847 2416 2187 2480 sententiae
2245 2437 2285 2479 a
2338 2416 2673 2499 superiore
2740 2438 2922 2482 nexae

610 2525 896 2588 indicem
940 2525 1226 2605 putavit,
1295 2545 1374 2586 ex
1433 2522 1741 2585 iubetis
1800 2522 1956 2587 fecit
2012 2522 2401 2587 iubeatiS.
2513 2524 2655 2588 Hoc
2701 2530 2922 2589 autem

610 2632 988 2710 constitute,
1037 2636 1317 2715 apparet
1362 2630 1578 2709 etiam,
1625 2630 1691 2694 ni
1736 2628 1951 2710 fallor,
1998 2629 2252 2696 Livium
2297 2653 2427 2696 non
2476 2653 2621 2696 cum
2668 2654 2924 2697 summa

610 2741 1040 2821 ambiguitate
1085 2744 1765 2822 prospectanteS,
1824 2740 2170 2809 interiecto
2218 2748 2522 2823 portaS,
2581 2741 2921 2805 rettulisse

610 2848 696 2912 ad
754 2833 1410 2926 multitudinem,
1468 2846 1584 2911 sed
1651 2853 1935 2929 portas
2002 2849 2206 2911 viam
2273 2847 2460 2911 hinc
2517 2847 2924 2913 ferentem

610 2961 1233 3039 prospectantes
1281 2955 1538 3033 dixisse,
1586 2975 1730 3036 quae
1776 2962 2201 3037 prospectum
2245 2956 2363 3019 viae
2407 2954 2745 3035 haberent,
2793 2979 2922 3039 quo

595 3057 848 3147 'genere
916 3062 1225 3144 loquendi
1282 3062 1554 3127 Tacitus
1625 3068 1692 3125 et
1759 3061 2006 3126 Plinius
2073 3071 2350 3146 uterque
2416 3069 2724 3142 utuntur,
2795 3064 2921 3127 etsi

610 3171 940 3254 (XXXIII,
998 3176 1093 3250 17,
1143 3170 1206 3252 5)
1245 3171 1789 3235 Acarnaniam
1846 3171 2095 3234 solem
2143 3170 2652 3234 occidentem
2702 3191 2925 3254 spec-

609 3287 788 3344 tare
857 3279 1018 3342 dicit
1086 3279 1166 3342 de
1235 3280 1378 3359 ipso
1449 3279 1598 3342 situ.
1712 3278 1980 3342 Retinui
2046 3278 2605 3362 pendentibus
2673 3279 2925 3342 animi

611 3394 842 3452 contra
909 3386 1202 3464 codiceS,
1282 3407 1360 3448 ex
1429 3385 1667 3468 quibus
1734 3407 1943 3468 nuper
2010 3386 2373 3467 repositum
2442 3393 2543 3449 est
2610 3386 2922 3449 animis.

608 3494 700 3558 Ut
745 3493 916 3557 enim
938 3493 1170 3556 Latine
1218 3491 1474 3555 dicatur
1519 3492 1598 3556 de
1645 3493 1944 3575 pluribus
1990 3493 2341 3577 pendere
2390 3493 2698 3571 animiS,
2748 3492 2927 3574 quod

607 3623 738 3665 uno
820 3599 1153 3664 Ciceronis
1246 3599 1394 3665 loco
1489 3607 1723 3664 contra
1806 3601 2165 3684 permultos
2244 3600 2612 3666 contrarios
2689 3622 2925 3682 parum

612 3708 1062 3787 confirmatur,
1153 3707 1462 3788 quoniam
1530 3708 1597 3770 in
1665 3707 1791 3771 hac
1858 3709 2194 3774 locutione
2260 3717 2512 3775 certum
2577 3707 2783 3773 habet
2825 3707 2927 3770 lo·

612 3837 758 3879 cum
823 3814 986 3878 illud
1055 3816 1301 3878 animi
1372 3814 1450 3878 de
1520 3815 1677 3879 sede
1746 3815 2022 3896 dictum,
2091 3816 2216 3880 hoc
2285 3816 2549 3899 quidem
2614 3816 2761 3879 loco
2818 3815 2926 3878 Li·

610 3924 752 3986 vius
832 3943 977 3986 eam
1054 3922 1330 3987 sormam
1418 3923 1746 3987 vitaturus
1827 3930 1973 3987 erat
2067 3924 2148 3988 ob
2243 3925 2457 4006 ipsam
2536 3923 2930 4005 ambiguita-

608 4039 761 4108 tem,
807 4053 888 4095 ne
931 4031 1263 4097 videretur
1307 4030 1598 4094 animis
1648 4029 1838 4112 (dat.)
1876 4030 2418 4114 pendentibus
2464 4031 2933 4094 renuntiari

612 4137 926 4219 aliquid
984 4137 1197 4202 dicere
1254 4136 1354 4218 (ut
1409 4138 1586 4202 visus
1648 4145 1745 4203 est
1787 4138 2234 4218 Alschefskio,
2294 4138 2704 4221 comparanti
2761 4159 2796 4201 e
2870 4157 2928 4200 c.

619 4249 724 4324 10,
807 4251 844 4308 9
911 4245 1102 4309 huius
1169 4245 1351 4309 libri:
1445 4246 1736 4311 animis
1825 4268 1963 4330 spe
2041 4253 2414 4331 metuque
2493 4244 2931 4329 pendenti-

615 4352 822 4434 bus);
870 4354 1103 4417 animis
1151 4354 1323 4417 enim
1367 4353 1530 4418 nihil
1574 4355 2013 4418 renuntiatur.
2099 4354 2435 4419 Librarius
2483 4353 2793 4419 facillime
2841 4353 2935 4418 ad
