3230 5282
1459 609 1580 671 169
2390 620 2517 678 Lib.
2554 621 2674 677 m

364 792 845 876 significatione
903 797 973 858 et
1027 792 1558 876 reprehensione.
1670 791 1903 876 Neque
1958 796 2180 857 tamen
2235 792 2431 860 aliter
2473 794 2677 860 inter-

361 902 608 987 pretari
648 901 857 968 verba
897 900 1072 966 licet.
1170 900 1342 966 Nam
1386 899 1564 982 quod
1606 898 2195 982 Weissenbornius‚
2240 901 2354 983 qui
2397 900 2675 967 difficul-

359 1016 563 1076 tatem
630 1010 913 1076 sensisse
978 1009 1270 1089 videtur,
1337 1014 1552 1090 totum
1593 1007 1754 1073 hoc:
1822 1028 1921 1072 an
1984 1008 2237 1074 ullum
2298 1044 2389 1054 —
2453 1017 2679 1076 esset

360 1118 615 1202 seiungi
679 1117 825 1184 vult
879 1137 923 1182 a
976 1116 1333 1201 participio
1404 1114 1894 1182 dubitantes
1962 1122 2030 1182 et
2096 1138 2214 1200 pro
2269 1116 2418 1202 ipsa
2464 1116 2680 1184 Curtii

360 1226 775 1310 obiurgantis
819 1225 1339 1309 interrogatione
1383 1224 1618 1308 accipi,
1661 1223 1732 1287 id
1777 1224 2041 1308 quidem
2085 1223 2231 1289 fieri
2264 1225 2445 1291 nullo
2481 1233 2677 1309 pacto

360 1339 580 1419 potest
623 1333 694 1399 in
737 1333 868 1399 hac
899 1337 1234 1399 structura
1267 1330 1770 1415 (an—esset)
1808 1332 2157 1417 participio
2194 1332 2678 1400 dubitantes

358 1441 691 1522 subiecta3
759 1440 1108 1506 dicendum
1164 1446 1311 1507 erat
1364 1440 1598 1506 saltem
1640 1439 1939 1525 legitima
1983 1440 2268 1525 obliquae
2312 1442 2679 1526 interroga·

360 1551 557 1617 tionis
625 1549 868 1615 forma:
935 1568 1034 1614 an
1100 1548 1354 1614 ullum
1407 1583 1497 1594 —
1554 1569 1788 1632 quam
1854 1568 2074 1615 arma
2126 1549 2680 1634 virtutemque

359 1658 584 1724 esse?
652 1657 842 1739 (oder
899 1657 998 1723 sei
1052 1656 1282 1739 wohl);
1349 1655 1467 1722 sed
1529 1677 1613 1722 ne
1679 1656 1854 1721 hanc
1912 1655 2176 1739 quidem
2230 1656 2683 1739 interrogandi

359 1765 641 1832 formam
707 1772 847 1831 tam
912 1754 1196 1849 abrupte
1262 1763 1364 1830 illi
1430 1763 1912 1829 dubitantes
1978 1764 2395 1831 subiecturus
2458 1765 2681 1832 Livius

364 1881 536 1954 erat3
585 1873 857 1940 saltem:
905 1893 1003 1938 an
1049 1873 1254 1938 enim
1297 1871 1551 1937 ullum
1597 1878 1723 1937 cet.
1772 1871 2238 1956 scripsisset.¹)

528 1982 785 2048 Eodem
819 1981 1037 2065 capite
1073 1978 1135 2064 (ἓ
1161 1980 1247 2063 9),
1290 1978 1407 2045 ubi
1450 1979 1702 2044 editur:
1748 1979 1968 2046 forte
2012 1980 2134 2045 ita
2176 1980 2374 2046 tulit
2420 2000 2672 2062 casus,
2710 1998 2852 2068 (143)

362 2097 451 2156 ut
496 2089 917 2156 Genucius
976 2089 1077 2154 ad
1120 2088 1401 2159 hostes
1445 2108 1732 2171 magno
1781 2094 2087 2153 conatu
2132 2086 2555 2171 profectus
2600 2089 2683 2154 in

357 2197 714 2263 insidias
760 2197 1452 2281 praecipitaretur,
1496 2195 1967 2279 legionibus
2010 2196 2507 2279 necopinato
2554 2217 2683 2280 pa-

358 2328 552 2372 vore
626 2304 840 2371 fusis
898 2303 1185 2371 consul
1242 2304 1849 2369 circumventus
1906 2302 2003 2369 ab
2064 2304 2384 2384 insciis,
2455 2324 2684 2386 quem

358 2412 1017 2494 interfecissent,
1096 2410 1546 2491 occideret,
1626 2411 1910 2496 primum
1974 2417 2305 2477 retentum
2370 2413 2683 2496 oportuit,

358 2522 557 2608 quod,
600 2520 868 2588 Dukero
913 2520 1252 2600 suadente,
1296 2517 1878 2584 Drakenborchius
1922 2541 1958 2584 e
2002 2519 2070 2584 M
2115 2525 2448 2605 posuerat,
2495 2540 2683 2604 prae-

419 2776 472 2844 ¹)
505 2774 808 2914 {kp-onere
850 2775 1016 2873 libet,
1061 2791 1211 2914 {xo
1228 2773 1669 2913 pegveniend'um
1693 2774 1793 2913 εἴ.
1838 2774 1918 2842 ei,
1973 2775 2080 2870 qui.
2111 2773 2273 2914 illane·
2306 2775 2685 2914 ειιὲρίοἱοιιοιιι

545 2879 578 2915 e
623 2877 748 2930 ipsa
784 2859 964 2915 Gurtn
998 2878 1060 2914 ιιι
1214 2876 1289 2929 ga
1339 2876 1449 2914 one
1482 2876 1542 2912 ιιι
1574 2875 1690 2914 ene
1818 2875 2085 2928 persequi
2120 2876 2188 2912 ve
2214 2877 2234 2912 1
2413 2877 2504 2914 am
2540 2876 2680 2928 quo-

502 2947 657 3001 niam
721 2945 1000 3000 infinitam
1063 2943 1301 3000 formam
1353 2944 1675 2999 necessario
1729 2948 1922 3000 tenere
1975 2943 2204 2999 debebit
2255 2961 2439 3014 neque
2493 2950 2683 2999 tamen

500 3032 730 3085 virtus
777 3033 839 3086 in
881 3032 1211 3086 virtutem
1258 3030 1380 3084 sine
1416 3047 1637 3084 summa
1671 3030 1990 3084 temeritate
2024 3034 2245 3083 mutare
2279 3030 2518 3100 poterit,
2565 3029 2685 3083 red-

502 3116 617 3169 ibit
671 3115 744 3170 ad
798 3133 923 3170 eam
976 3115 1219 3170 formam
1272 3115 1684 3183 interpretandi
1726 3115 1929 3170 moniti
1977 3114 2093 3168 sive
2137 3115 2413 3168 librorum
2449 3113 2682 3183 Sibylli·

504 3219 708 3256 norum
755 3202 901 3268 sive,
953 3206 1019 3256 ut
1052 3201 1233 3255 Varro
1269 3199 1474 3267 tradit,
1526 3200 1918 3269 haruspicum,
1973 3215 2099 3268 quae
2137 3200 2259 3254 sine
2295 3198 2467 3252 dubio
2502 3199 2685 3268 prima

501 3286 717 3341 tradita
758 3287 820 3341 in
862 3286 969 3341 hac
1012 3286 1340 3341 narratione
1384 3289 1486 3341 est.
1570 3284 1766 3354 Neque
1809 3285 1961 3339 enim
2007 3302 2125 3339 rem
2174 3283 2446 3352 optimam
2489 3282 2687 3353 populi

498 3371 762 3440 Romani,
800 3388 925 3441 quoe
963 3370 1208 3426 dicanda
1241 3375 1407 3440 esset,
1440 3370 1666 3425 Curtius
1700 3372 2107 3439 interpretatus
2133 3368 2474 3423 narrabatur
2503 3385 2686 3422 arma

505 3461 577 3512 et
620 3458 982 3524 virtutem3
1037 3475 1168 3511 nani
1211 3457 1391 3511 virtus
1435 3473 1562 3510 cum
1608 3456 1779 3510 armis
1821 3457 1883 3511 in
1924 3456 2029 3510 tali
2071 3473 2131 3509 re
2177 3454 2448 3525 coniungi
2493 3458 2554 3508 et
2597 3452 2686 3508 dis

506 3541 684 3597 dicari
741 3541 1123 3612 (antiquorum
1178 3542 1364 3609 sensu)
1418 3542 1643 3610 nequit;
1704 3541 1930 3596 virum
1984 3540 2177 3608 (viros)
2233 3544 2333 3595 aut
2384 3556 2569 3593 arma
2620 3541 2688 3593 et

502 3629 727 3682 virum
771 3628 979 3695 (virum
1026 3626 1327 3695 armatum)
1371 3627 1782 3695 interpretatus
1829 3629 1979 3694 erat3
2025 3625 2196 3694 idque
2230 3625 2530 3696 perspicue
2564 3641 2687 3679 nar-

502 3718 729 3768 raverat
772 3712 883 3768 Dio
929 3713 1177 3781 Cassius,
1232 3712 1331 3782 qui
1372 3729 1492 3766 rem
1527 3710 1788 3767 Graecula
1832 3716 1950 3765 arte
1992 3728 2267 3765 exornans
2304 3709 2559 3763 Curtium
2604 3709 2687 3764 in·

502 3798 739 3853 duxerat
790 3799 1072 3854 rhetorice
1129 3798 1529 3868 explicantem,
1605 3802 1818 3866 quanta
1881 3802 2027 3851 esset
2081 3795 2191 3850 viri
2244 3795 2490 3865 dignitas
2555 3793 2685 3862 (vid.

503 3880 704 3953 fragm.
743 3884 841 3937 lib.
878 3882 1098 3953 x1vp.
1137 3883 1441 3948 zossekk„
1487 3881 1693 3937 Zonar.
1730 3881 1854 3949 VII,
1899 3884 1981 3936 25.
2061 3881 2242 3935 Varro
2279 3881 2344 3935 L.
2363 3879 2581 3943 nvp.
2618 3881 2684 3933 41

509 3967 656 4038 Rip„
687 3968 831 4022 civis
866 3968 1206 4022 fortissimus
1234 3972 1300 4021 ut
1325 3968 1385 4022 in
1410 3967 1629 4021 hiatum
1660 3967 2066 4034 demitteretur,
2100 3966 2453 4036 postulatum
2478 3967 2691 4032 narrat,

499 4051 812 4108 Procilium
843 4060 1133 4108 auctorem
1152 4053 1482 4123 appellans).
1532 4052 1697 4120 Quid,
1728 4052 1881 4122 quod
1901 4069 1931 4106 e
1950 4051 2192 4106 Suidav.
2214 4060 2328 4123 Λφ
2329 4075 2436 4124 pro,-
2455 4053 2691 4120 apparet

499 4137 702 4206 fuisse,
748 4139 846 4208 qui
880 4139 1121 4209 Vergilii
1153 4137 1412 4194 AEneidis
1450 4138 1676 4194 initium
1722 4136 1925 4206 (arma
1971 4134 2357 4206 virumque)
2404 4134 2539 4190 hinc
2586 4151 2685 4190 na-

507 4228 631 4278 tum
672 4223 992 4294 fingerent?
1047 4224 1340 4279 Scribetur
1390 4224 1589 4294 igitur:
1650 4241 1731 4278 an
1785 4222 1996 4277 ullum
2050 4223 2270 4293 magis
2315 4220 2690 4275 Romanum

499 4309 760 4365 bonum
806 4327 1001 4379 quam
1045 4327 1234 4364 arma
1278 4308 1643 4378 virumque
1692 4309 1881 4364 esse?
1938 4308 2060 4363 Hac
2105 4312 2301 4362 utatur
2346 4307 2688 4373 coniectura,

502 4395 603 4462 qui
634 4395 818 4462 volet3
855 4411 963 4464 ego
996 4412 1118 4450 non
1151 4398 1300 4448 utor.
1377 4392 1481 4464 [Et
1524 4395 1755 4449 virtus
1801 4394 1951 4464 apud
1993 4394 2220 4450 Livium
2255 4393 2487 4462 legebat
2519 4391 2684 4445 Vale·

499 4479 621 4535 rius
653 4480 803 4535 Max.
838 4479 906 4548 V,
940 4481 993 4548 6,
1029 4482 1081 4548 2,
1117 4479 1270 4549 quod
1302 4479 1471 4535 video
1508 4480 1682 4534 etiam
1717 4479 2063 4535 Koehlerum
2099 4475 2444 4546 adnotasse]
