3230 5282
1404 606 1523 667 581
2345 613 2469 665 Lib.
2505 610 2627 665 XL.

313 791 538 874 posui,
606 795 674 854 et
720 810 773 853 c.
819 793 923 868 47,
970 793 1011 852 4
1070 795 1138 854 et
1184 793 1284 868 57,
1348 794 1385 854 2
1435 787 1645 873 (post
1690 785 1972 872 paucis
2043 781 2380 863 diebus).
2471 781 2625 845 Dixi

312 919 503 982 saepe,
549 899 617 961 in
659 897 909 961 talibus
953 896 1152 962 rebus
1200 899 1401 961 etiam
1447 897 1981 962 testimoniorum
2026 892 2248 957 sedem
2294 897 2361 955 et
2395 895 2622 953 aucto-

309 1007 580 1071 ritatem
598 1005 1145 1071 considerandam
1163 1012 1230 1070 et
1253 1005 1741 1088 probabilitatis
1763 1003 1907 1084 lege
1931 997 2426 1085 ponderandam
2449 1018 2613 1062 esse.

483 1112 636 1197 Cap.
686 1118 788 1192 42,
842 1118 908 1176 1:
957 1113 1253 1179 Eodem
1311 1135 1514 1179 anno
1571 1112 1643 1177 L.
1704 1110 2136 1186 Duronius,
2205 1108 2339 1190 qui
2407 1125 2605 1188 prae-
2643 1119 2792 1188 (475)

307 1227 440 1286 tor
485 1243 691 1286 anno
742 1223 1170 1304 superiore
1217 1243 1309 1286 ex
1354 1221 1692 1305 Illyrico
1741 1241 1915 1283 cum
1963 1216 2234 1280 decem
2267 1212 2617 1277 navibus

307 1328 838 1393 Brundisium
895 1330 1296 1408 redierat,
1356 1329 1572 1408 inde,
1619 1330 1696 1392 in
1742 1333 1983 1411 portu
2025 1323 2351 1388 relictis
2398 1320 2618 1384 navi-

305 1436 481 1514 buS,
539 1458 779 1518 quum
840 1438 1203 1502 venisset
1269 1438 1617 1516 Romam,
1681 1472 1770 1480 —
1834 1433 2046 1498 haud
2104 1431 2345 1495 dubie
2406 1430 2488 1494 in
2532 1463 2620 1474 -—

308 1542 687 1607 Gentium
731 1544 1166 1609 latrocinii
1203 1546 1460 1609 omnis
1495 1544 1883 1608 maritimi
1925 1561 2251 1605 causam
2288 1538 2614 1603 avertit.

305 1649 472 1714 Mire
520 1650 850 1716 Duronius
897 1660 1196 1736 praetor
1242 1654 1673 1735 superiore
1733 1671 1935 1716 anno
1981 1649 2302 1713 redisse
2352 1647 2613 1725 dicitur,

306 1759 499 1839 quasi
556 1759 809 1823 reditus
866 1767 1167 1843 praeturae
1226 1782 1480 1825 summa
1538 1759 1769 1838 fuerit-3
1837 1779 1991 1822 nam
2049 1755 2386 1839 superiore
2444 1776 2612 1818 anno

304 1865 560 1948 Apuliae
606 1868 998 1949 praepositus
1066 1869 1268 1932 etiam
1334 1869 1687 1933 latrocinia
1751 1867 2070 1947 inspicere
2140 1870 2204 1927 et
2261 1861 2614 1945 prohibere

302 1973 512 2037 iussus
560 1981 706 2038 erat
752 1974 834 2055 (c.
888 1980 984 2052 18,
1033 1976 1129 2056 4);
1190 1977 1342 2041 inde
1390 1977 1529 2040 sine
1577 1975 1777 2039 dubio
1824 1974 1950 2038 hoc
1997 1994 2169 2036 anno
2218 1969 2377 2051 (non
2422 1992 2613 2053 supe-

300 2080 501 2160 riore)
548 2082 773 2159 rediit,
823 2091 1051 2148 exacto
1099 2086 1513 2166 ma‘gistratu.
1602 2084 1831 2165 Neque
1885 2081 2314 2163 intellegitur,
2362 2100 2507 2155 cur,
2557 2079 2613 2142 si

302 2189 434 2253 iam
482 2191 822 2272 superiore
880 2212 1051 2255 anno
1107 2191 1532 2256 Brundisium
1586 2190 1905 2268 redierat,
1974 2190 2100 2253 hoc
2161 2188 2423 2252 demum
2482 2187 2612 2250 Ro-

306 2317 482 2360 mam
529 2298 957 2362 contenderit.
1047 2299 1282 2381 Arguit
1328 2300 1635 2364 mendum
1678 2306 1923 2383 praeter
1967 2297 2361 2362 sententiam
2409 2296 2611 2359 etiam

304 2403 530 2482 codex,
579 2405 645 2468 in
690 2427 822 2487 quo
868 2406 1177 2472 Gelenius
1221 2408 1429 2472 tradit
1472 2429 1602 2471 non
1648 2406 2038 2483 redierat,
2086 2405 2199 2468 sed
2245 2404 2613 2468 redisset

301 2512 618 2594 scriptum
683 2512 922 2592 fuisse,
971 2514 1170 2598 idque
1228 2515 1803 2580 Weissenbornius
1873 2513 2139 2595 recepit,
2209 2512 2611 2578 coniunctivi

298 2619 623 2684 rationem
666 2620 916 2686 nullam
961 2622 1278 2703 reddidit3
1345 2645 1498 2688 nam
1554 2623 1842 2688 causalis
1902 2620 2291 2704 significatio
2337 2621 2608 2704 ineptis-

299 2726 464 2789 sima
511 2731 627 2790 est.
718 2729 980 2795 Excidit
1026 2731 1306 2813 aliquid,
1364 2730 1647 2797 fortasse
1694 2753 1824 2796 non
1870 2730 2015 2813 plus
2061 2750 2262 2793 unum
2307 2729 2606 2793 verbum:

297 2833 590 2898 Eodem
638 2856 843 2901 anno
892 2839 964 2902 L.
1012 2839 1456 2918 DuroniuS,
1527 2840 1665 2922 qui
1734 2843 2039 2921 praetor
2097 2857 2301 2900 anno
2372 2857 2608 2917 supe-

295 2941 513 3005 riore
580 2943 863 3022 suerat,
922 2968 1011 3010 ex
1076 2947 1417 3030 Illyrico
1486 2968 1655 3010 cum
1714 2944 1776 3007 X
1842 2943 2185 3007 navibus
2259 2942 2610 3006 Brundi-

298 3049 503 3113 sium
550 3052 833 3131 rediit;
881 3054 1098 3134 inde,
1144 3056 1223 3118 in
1270 3062 1516 3136 portu
1561 3053 1890 3118 relictis
1938 3050 2317 3128 navibus,
2376 3071 2609 3130 quum

294 3157 662 3223 venisset
718 3161 1036 3225 Romam
1093 3168 1216 3227 cet.
1307 3163 1692 3226 Redisset
1739 3161 2057 3242 scriptum
2114 3158 2374 3221 videtur
2432 3159 2601 3221 male

301 3262 638 3329 intellecto
707 3289 909 3347 cum,
979 3270 1155 3354 quod
1224 3278 1376 3334 ante
1436 3270 1495 3333 X
1550 3270 1810 3351 legitur.
1904 3266 2111 3349 [Fort.
2181 3266 2460 3345 rediit,
2529 3272 2610 3329 et

293 3371 480 3435 inde
529 3383 648 3438 cet.
705 3373 917 3457 1865]

465 3478 620 3562 Cap.
650 3486 751 3561 42,
791 3489 846 3562 7,
896 3484 1009 3548 ubi
1055 3484 1300 3550 editur:
1349 3486 1421 3563 Q.
1460 3483 1793 3549 Fulvius
1828 3517 1913 3527 —
1948 3486 2111 3548 triu
2140 3487 2333 3549 mvir
2368 3507 2607 3567 coop-

290 3591 515 3651 tatus
583 3597 745 3653 tum
811 3600 1360 3674 praetextatus
1430 3598 1635 3671 erat,
1697 3592 2114 3657 scribendum
2162 3594 2446 3658 videtur:
2523 3628 2597 3637 -—

287 3694 663 3760 triumvir
708 3706 1174 3782 cooptatus3
1221 3703 1286 3764 is
1322 3709 1482 3765 tum
1528 3708 1747 3783 praet.
1797 3708 1992 3765 erat.
2064 3702 2199 3783 §11
2250 3701 2318 3765 M
2354 3701 2588 3765 habet:

286 3798 358 3862 P.
430 3800 827 3870 Cloelium
897 3804 1253 3872 Siculum
1327 3810 1957 3888 inaugurarunt,
2028 3812 2167 3894 qui
2239 3807 2601 3874 secundo

288 3901 465 3976 loco
523 3913 1067 3995 inauguratus
1135 3923 1339 3995 erat,
1400 3915 1745 3981 manifesto
1805 3919 2036 3983 vitiose
2097 3919 2196 3982 W.
2246 3940 2279 3981 e
2337 3916 2590 3980 coniec-

286 4025 440 4083 tura
495 4023 788 4104 scripsit:
842 4024 1312 4088 nominatus
1361 4032 1551 4089 erat.
1643 4025 2029 4091 Tollendum
2076 4027 2599 4091 additamentum

287 4134 390 4190 est
416 4129 995 4211 scribendumque:
1035 4133 1167 4214 qui
1202 4132 1555 4197 secundo
1596 4132 1772 4198 loco
1814 4141 2014 4215 erat,
2040 4136 2168 4200 hoc
2204 4142 2324 4213 est,
2370 4155 2599 4198 secun-

286 4231 440 4297 dum
497 4235 713 4299 locum
771 4239 1241 4304 nominationis
1298 4240 1585 4304 tenebat.
1679 4239 1711 4322 ἓ
1763 4246 1839 4304 12
1899 4244 2133 4307 codex:
2205 4242 2596 4309 Pontifex

279 4375 368 4387 -—
413 4364 453 4406 a
498 4344 864 4427 collegio
913 4354 1354 4429 cooptatus
1403 4346 1475 4423 Q.
1515 4347 1853 4413 Fulvius
1892 4349 2233 4415 Flaccus
2271 4353 2350 4416 in
2400 4374 2604 4434 pon-

280 4447 599 4514 tificem
667 4453 1092 4518 maximum
1137 4454 1510 4519 AEmilius
1560 4455 1917 4539 Lepidus
1975 4466 2116 4537 cet.,
2174 4480 2305 4523 non
2363 4462 2593 4527 vitiose
