3230 5282
1789 576 1868 638 38

665 768 987 845 quatenus
1047 762 1308 846 quidem
1353 762 1485 843 legi
1529 767 1827 845 poterat,
1897 782 2150 828 summo
2210 761 2430 827 studio
2490 783 2779 846 curaque
2826 783 2867 828 a
2912 785 2978 827 se

663 871 1059 955 exscriptum
1114 891 1193 935 ea
1248 868 1376 934 fide
1434 890 1643 953 eaque
1688 868 1907 936 forma
1952 872 2018 934 in
2064 869 2417 935 academiae
2464 869 2752 936 Berolin.
2802 892 2977 936 com-

666 978 1182 1045 mentationibus
1274 979 1414 1043 eius
1497 979 1651 1042 anni
1731 979 1989 1062 generis
2068 978 2371 1043 historici
2452 984 2519 1043 et
2596 979 2978 1063 philologici

667 1087 905 1167 edidit,
976 1095 1050 1151 ut
1117 1088 1263 1171 ipsa
1329 1084 1490 1151 folia
1559 1086 1645 1151 ob
1708 1086 1935 1152 oculos
1995 1085 2240 1152 habere
2299 1087 2654 1152 videamur.
2767 1087 2979 1170 Atque

670 1217 819 1260 eum
864 1195 1178 1275 codicem,
1227 1195 1412 1259 cuius
1458 1194 1599 1258 haec
1646 1201 2000 1277 supersunt
2045 1193 2227 1275 folia,
2277 1196 2390 1279 qui
2438 1200 2553 1260 aut
2596 1196 2743 1278 ipso
2788 1194 2981 1260 Nico·

666 1302 1047 1369 machorum
1102 1310 1399 1387 tempore
1459 1308 1578 1366 aut
1636 1302 1834 1384 paulo
1892 1309 2053 1366 ante
2100 1309 2331 1387 postve
2377 1302 2445 1367 id
2491 1304 2775 1387 scriptus
2821 1311 2980 1381 erat,

665 1410 831 1475 nihil
886 1428 1032 1477 cum
1091 1432 1317 1477 eorum
1373 1411 1822 1493 recognitione
1882 1412 2212 1475 coniuncti
2257 1409 2501 1476 habere
2546 1432 2757 1495 neque
2804 1412 2980 1495 quic-

665 1540 860 1602 quam
921 1519 1073 1585 inde
1131 1520 1448 1598 traxisse,
1519 1524 1593 1582 ut
1651 1519 1793 1602 ipse
1854 1519 1982 1583 iam
2042 1539 2121 1583 ex
2179 1520 2534 1602 specimine
2591 1542 2632 1584 a
2677 1520 2978 1602 Zumptio

661 1628 1009 1711 proposito
1078 1627 1530 1692 intellexeram
1599 1627 2023 1710 dixeramque
2080 1628 2145 1690 in
2203 1626 2382 1711 praef.
2440 1628 2649 1711 partis
2704 1627 2978 1693 alterius

662 1736 786 1799 vol.
854 1736 884 1799 I
954 1736 1147 1816 Livii,
1228 1737 1321 1800 ita
1400 1757 1572 1799 nunc
1642 1734 1942 1799 omnibus
2011 1735 2431 1819 perspicuum
2502 1742 2605 1800 est
2661 1734 2979 1818 intellegi-

661 1850 901 1928 turque
947 1843 1254 1909 facillime
1300 1849 1685 1927 comparata
1732 1844 1799 1907 in
1844 1844 1924 1907 iis
1970 1843 2154 1919 locis,
2214 1844 2281 1907 in
2328 1842 2567 1926 quibus
2616 1850 2977 1909 ceteronnn

663 1952 962 2017 codicum
1020 1953 1433 2034 cognationis
1489 1950 1732 2015 indicia
1776 1952 1936 2015 varii
1984 1953 2239 2033 generis
2287 1952 2595 2034 exposui,
2655 1958 2977 2035 quatenus

665 2061 731 2123 in
789 2059 930 2126 cod.
990 2059 1352 2125 Veronensi
1422 2067 1806 2143 supersunt,
1875 2061 2017 2123 eius
2075 2059 2433 2142 scriptura3
2505 2080 2700 2143 quem
2759 2065 2977 2124 autem

664 2189 809 2231 cum
897 2165 1429 2232 Nicomachianis
1522 2173 1943 2250 comparatus
2032 2167 2250 2231 locum
2340 2172 2565 2231 teneat
2657 2188 2976 2249 usumque

664 2274 936 2353 habeat,
1015 2275 1095 2339 de
1176 2296 1254 2338 eo
1324 2281 1398 2338 ut
1478 2275 1640 2338 satis
1721 2276 1806 2339 sit
1885 2274 2173 2339 breviter
2251 2274 2498 2353 dicere,
2587 2274 2748 2340 facit
2827 2298 2978 2359 pru-

664 2384 824 2449 dens
892 2389 1275 2466 rectumque
1344 2382 1762 2447 Mommsenii
1820 2382 2134 2447 iudicium
2192 2383 2499 2464 (maxime
2558 2407 2617 2467 p.
2684 2388 2805 2448 184
2851 2385 2977 2448 ima

664 2499 729 2555 et
793 2496 910 2556 185
982 2490 1281 2572 summa).
1395 2489 1564 2554 Nam
1633 2490 2018 2555 mendorum
2077 2512 2112 2555 e
2167 2491 2591 2556 librariorum
2658 2491 2975 2557 festinan·

666 2600 832 2664 tium
900 2599 1311 2683 neglegentia
1385 2603 1680 2664 ortorum
1745 2599 1931 2664 labes
2002 2599 2126 2664 etsi
2198 2621 2344 2664 eum
2413 2600 2613 2665 etiam
2668 2600 2978 2676 codicem,

667 2730 862 2792 quem
928 2707 1311 2773 Nicomachi
1390 2716 1858 2773 recensuerunt
1936 2707 2090 2790 (hoc
2160 2715 2290 2787 est,
2361 2709 2827 2793 transcriptum
2896 2709 2982 2773 ad

666 2818 1000 2900 exemplar
1064 2817 1478 2900 propositum
1546 2823 1902 2900 exegerunt
1968 2817 2268 2882 adhibita
2333 2816 2618 2882 fortasse
2685 2817 2791 2881 hic
2847 2817 2980 2881 illic

666 2926 1045 2989 coniectura
1100 2925 1364 2989 minime
1425 2924 1707 3005 subtili),
1773 2947 1905 2990 non
1961 2924 2382 2990 mediocriter
2443 2926 2691 3007 attigit,
2759 2932 2980 2989 tamen

665 3034 927 3116 gravior
984 3033 1050 3097 in
1094 3033 1280 3096 illum
1325 3032 1606 3098 alterum
1655 3032 1895 3117 (ipsum
1942 3040 2058 3097 aut
2103 3054 2280 3110 eum,
2351 3054 2385 3096 e
2432 3055 2563 3116 quo
2611 3033 2979 3117 descriptus

666 3139 796 3223 est)
856 3139 1154 3205 incubuit
1213 3141 1515 3205 omnibus
1575 3162 1874 3207 errorum
1918 3141 2266 3224 generibus
2313 3140 2617 3223 (quorum
2664 3141 2981 3206 nonnulla

669 3251 735 3313 in
783 3249 899 3314 illa
944 3253 1142 3314 aetate
1187 3250 1380 3313 multi
1426 3249 1872 3328 mirabuntur,
1934 3256 2007 3313 ut
2054 3243 2452 3313 consulib.
2501 3250 2977 3314 tantissimo

670 3379 789 3440 pro
860 3358 1543 3421 constantissimo
1615 3358 1934 3440 scriptum
1993 3357 2118 3434 ΠΙ,
2181 3361 2292 3434 35,
2353 3363 2390 3420 9
2450 3364 2565 3422 aut
2623 3358 2764 3438 qui
2820 3356 2978 3422 fuit

665 3486 783 3548 pro
832 3465 1151 3547 quievit
1195 3464 1308 3540 111,
1370 3469 1466 3542 51,
1530 3469 1565 3526 7
1615 3472 1731 3530 aut
1778 3465 2266 3548 simplicitatem
2313 3465 2775 3549 interpolandi,
2832 3487 2980 3548 quae

664 3571 748 3649 V,
809 3577 917 3649 50,
980 3576 1016 3634 5
1077 3593 1155 3634 ex
1200 3571 1347 3636 Aio
1396 3571 1745 3636 Locutio
1807 3572 2026 3638 effecit
2083 3580 2222 3638 aut
2267 3573 2434 3639 alio
2481 3573 2721 3656 loco),
2780 3574 2977 3638 etiam

667 3679 1062 3758 omittendo,
1132 3679 1555 3762 geminando,
1625 3682 1842 3744 rarius
1901 3681 2237 3760 addend0‚
2309 3689 2383 3747 ut
2426 3680 2592 3746 bene
2638 3681 2978 3746 nobiscum

665 3796 885 3852 actum
931 3789 1035 3867 sit,
1082 3786 1262 3871 quod
1308 3789 1530 3870 potius
1578 3810 1659 3853 ex
1694 3788 2207 3854 Nicomachiano
2256 3810 2453 3873 quam
2499 3811 2578 3854 ex
2613 3788 2976 3853 Veronensi

668 3896 879 3961 aliove
927 3896 987 3959 ei
1034 3895 1332 3979 proximo
1379 3895 1448 3959 hi
1493 3894 1662 3960 Livii
1707 3897 1860 3961 libri
1907 3897 1994 3961 ad
2040 3919 2161 3961 nos
2206 3898 2562 3980 propagati
2609 3899 2758 3961 sint.
2850 3896 2980 3961 Sed

665 4012 885 4068 tamen
941 4003 1406 4087 (praeterquam
1453 4005 1632 4087 quod
1678 4004 2074 4070 Veronensis
2121 4005 2206 4069 ab
2255 4006 2431 4071 omni
2476 4005 2734 4070 novicia
2778 4006 2977 4070 inter-

665 4111 1002 4194 polatione
1059 4112 1249 4195 longe
1307 4113 1452 4195 ipso
1512 4120 1811 4196 tempore
1857 4119 2151 4177 remotus
2199 4114 2568 4197 principum
2614 4135 2692 4176 ex
2738 4115 2977 4177 ceteris

666 4220 733 4283 in
788 4218 912 4284 hoc
969 4238 1204 4301 genere
1248 4220 1700 4303 praestantiam
1748 4226 1814 4285 et
1858 4220 2289 4284 autoritatem
2334 4220 2736 4301 confirmat),
2795 4222 2979 4304 quod

666 4327 851 4392 labes
928 4348 1162 4409 genere
1242 4327 1471 4394 eadem
1548 4335 1769 4393 tamen
1848 4328 2199 4391 maximam
2277 4335 2532 4412 partem
2599 4329 2746 4393 aliis
2812 4327 2978 4393 locis

666 4432 1273 4513 Nicomachianum,
1355 4435 1502 4499 aliis
1560 4435 2002 4500 Veronensem
2072 4437 2452 4517 maculavit,
2521 4437 2759 4515 multa,
2830 4457 2978 4520 quae
