3230 5282
1530 653 1565 714 3

383 836 575 900 tariis
623 836 1039 916 instructam,
1086 838 1370 919 urgueri,
1418 838 1681 903 tertiam
1717 845 1935 905 autem
1972 840 2055 905 ab
2090 839 2362 907 Hertzio
2400 848 2701 927 coeptam

385 965 562 1024 esse,
628 944 889 1009 litteras
944 950 1208 1010 nostras
1264 946 1394 1011 iam
1452 948 1645 1012 nimis
1702 947 2019 1013 librorum
2073 971 2345 1014 numero
2391 957 2699 1016 oneratas

384 1073 555 1118 nova
598 1053 887 1118 editione
934 1054 1191 1118 onerari
1235 1054 1552 1119 volebam.
1652 1055 1993 1123 Postremo
2040 1058 2136 1122 ita
2179 1058 2574 1138 iudicabam,
2632 1060 2689 1125 si
2727 1065 2799 1133 (3)

385 1163 550 1226 meis
597 1162 1170 1228 emendationibus
1217 1162 1620 1246 explicandis
1667 1170 1943 1243 rectam,
1999 1165 2158 1250 quid
2216 1167 2284 1230 in
2327 1165 2492 1230 Livii
2554 1189 2696 1232 ora-

383 1272 564 1335 tione
626 1272 1092 1337 constituenda
1148 1270 1491 1355 probabile
1539 1277 1740 1351 esset,
1809 1252 2355 1338 existimationem
2401 1274 2698 1339 stabilire

383 1380 770 1462 potuissem,
825 1362 1289 1445 vindicatis'in
1336 1381 1563 1463 paucis
1610 1381 1795 1459 locis,
1845 1401 2009 1463 quos
2054 1381 2199 1464 ipsa
2242 1383 2697 1466 propinquitas

382 1493 503 1552 aut
549 1486 910 1554 similitudo
960 1488 1331 1568 obtulisset,
1379 1489 1658 1554 aliorum
1702 1490 2090 1554 necessariis
2132 1496 2198 1554 et
2235 1492 2404 1555 veris
2440 1512 2695 1556 correc-

380 1596 698 1674 tionibuS‚
741 1595 1036 1662 futurum
1080 1597 1182 1661 vel
1228 1597 1340 1677 sic,
1387 1603 1463 1661 ut
1508 1597 1757 1680 aliquid
1805 1598 1888 1662 ad
1934 1598 2139 1662 totius
2182 1599 2276 1662 rei
2313 1605 2379 1664 et
2413 1598 2498 1663 ad
2534 1599 2696 1665 alio-

380 1726 529 1769 rum
585 1704 882 1770 locorum
938 1704 1254 1770 iudicium
1311 1705 1757 1788 proficeretur.
1779 1706 1827 1788 ¹)
1939 1706 2106 1770 Nam
2167 1727 2338 1789 saepe
2399 1707 2479 1771 ad
2527 1707 2697 1773 hanc

381 1820 677 1877 veterum
732 1813 1264 1878 emendationum
1323 1821 1436 1879 aut
1492 1816 1689 1879 etiam
1749 1814 2072 1880 bonarum
2133 1813 2433 1879 codicum
2492 1817 2695 1899 scrip-

383 1930 701 2000 turarum,
759 1942 903 2005 quae
950 1942 1161 2005 nuper
1206 1929 1442 2006 spretae
1489 1924 1641 2001 sint,
1688 1922 2317 1987 commendationem
2363 1930 2430 1986 et
2477 1922 2695 1987 defen-

383 2031 638 2093 sionem
686 2029 939 2110 digredi
984 2052 1115 2093 non
1163 2030 1396 2112 placet,
1445 2053 1524 2096 ea
1566 2032 1861 2113 proferre
1908 2031 2192 2108 conanti,
2241 2052 2385 2114 quae
2433 2031 2696 2096 aliunde

383 2137 554 2201 sumi
599 2159 731 2201 non
780 2136 1068 2220 possint,
1127 2136 1701 2219 reprehensionem
1748 2143 1815 2202 et
1861 2138 2372 2220 exagitationem
2417 2138 2694 2204 aliorum

382 2246 649 2324 vitanti,
720 2245 847 2309 nisi
921 2266 1068 2328 quae
1145 2246 1283 2310 sine
1356 2245 1593 2309 damno
1669 2245 1882 2310 omitti
1940 2238 2066 2309 non
2125 2267 2319 2327 posse
2376 2247 2692 2312 videatur.

379 2352 686 2437 Persaepe
743 2359 965 2417 autem
1023 2360 1090 2417 et
1144 2360 1341 2418 antea
1385 2351 1545 2416 mihi
1592 2352 1949 2431 acciderat,
2013 2360 2115 2432 ut,
2172 2374 2317 2437 quae
2363 2353 2522 2418 mihi
2568 2356 2693 2437 ipsi

383 2469 501 2526 aut
547 2460 773 2526 statim
815 2462 1028 2544 ipsius
1072 2461 1202 2526 loci
1248 2460 1462 2526 forma
1508 2460 1897 2526 subiecisset
1934 2467 2047 2534 aut
2082 2462 2383 2525 codicum
2419 2463 2695 2545 vestigia

381 2568 763 2652 diligentius
809 2568 1259 2648 considerata,
1321 2590 1399 2633 ea
1440 2570 1570 2633 iam
1617 2576 1771 2634 ante
1819 2568 1901 2634 ab
1948 2568 2093 2633 aliis
2139 2571 2508 2653 excogitata
2551 2593 2694 2635 esse

386 2677 870 2760 intellegerem,
929 2683 994 2742 et
1038 2700 1248 2762 nuper
1293 2701 1427 2753 non
1473 2679 1568 2743 ita
1611 2699 1841 2763 pauca,
1901 2699 2046 2763 quae
2094 2685 2245 2743 ante
2290 2679 2532 2744 multos
2579 2686 2696 2744 aut

386 2786 623 2850 saltem
668 2785 920 2868 aliquot
964 2807 1170 2851 annos
1217 2787 1701 2866 adnotaveram,
1759 2787 1861 2851 his
1907 2788 2219 2871 proximis
2265 2789 2450 2851 annis
2496 2781 2704 2869 quum¹

384 2894 469 2959 ab
529 2894 678 2958 aliis
735 2900 877 2957 tum
923 2916 963 2959 a
1007 2894 1381 2978 Kreyssigio
1440 2894 1623 2980 (post
1681 2902 1974 2960 curatam
2019 2894 2183 2959 Livii
2230 2895 2583 2960 editionem
2628 2897 2695 2960 in

383 3002 933 3068 adnotationibus
1002 3004 1082 3068 ad
1153 3003 1361 3068 libros
1420 3003 1880 3085 XLI—XLV)
1941 3008 2007 3067 et
2067 3025 2107 3067 a
2162 3003 2694 3069 Weissenbornio

383 3117 709 3194 occupata
767 3110 933 3189 vidi,
1002 3110 1175 3194 quod
1250 3112 1328 3176 de
1386 3111 1917 3176 Weissenbornio
1987 3133 2064 3176 eo
2143 3097 2300 3175 dico⁶
2365 3111 2695 3191 libentiuS,

383 3219 563 3301 quod
610 3219 677 3282 in
724 3218 870 3284 aliis
917 3218 1352 3284 dissentiendi
1399 3219 1480 3284 ab
1530 3241 1606 3284 eo
1654 3242 1785 3283 non
1833 3241 1984 3284 raro
2028 3241 2228 3283 causa
2266 3220 2408 3283 erit.
2477 3219 2696 3283 Habet

382 3335 610 3392 autem
668 3326 776 3391 hic
835 3327 1122 3411 plurium
1184 3328 1251 3390 in
1312 3327 1540 3392 eadem
1602 3328 2055 3392 emendatione
2112 3326 2498 3410 reperienda
2544 3348 2694 3391 con-

383 3456 623 3500 sensus
690 3435 1002 3500 fortuitus
1063 3435 1236 3517 (quae
1296 3435 1561 3518 quidem
1619 3435 1903 3519 aliquam
1950 3427 2195 3499 habeat
2243 3436 2581 3499 sententiae
2630 3442 2695 3498 et

379 3543 709 3608 orationis
767 3545 1198 3608 mutationem
1259 3543 1619 3609 notabilem
1677 3551 1792 3609 aut
1838 3565 1871 3607 e
1920 3543 2217 3608 codicum
2262 3544 2552 3626 vestigiis
2596 3543 2692 3607 in-

382 3659 653 3736 sperata
730 3651 1047 3734 emergat)
1129 3651 1397 3735 aliquod
1475 3674 1594 3735 per
1663 3674 1730 3716 se
1798 3651 2290 3734 probabilitatis
2358 3651 2690 3715 indicium.

380 3760 615 3842 Itaque
677 3758 955 3824 subinde
1012 3759 1138 3824 hoc
1185 3761 1684 3825 commemoravi
1730 3761 1795 3824 in
1842 3760 1924 3824 iis
1969 3759 2246 3824 maxime
2294 3760 2692 3825 emendatio-

380 3867 606 3946 nibuS,
680 3890 846 3951 quas
904 3869 1034 3933 iam
1092 3875 1247 3932 ante
1304 3866 1546 3933 multos
1606 3889 1817 3933 annos
1876 3867 2069 3931 amici
2114 3867 2240 3930 mei
2287 3867 2577 3931 iuniores
2624 3868 2692 3931 in
2758 3855 2763 3859 ⁴

448 4117 481 4180 ⁸)
524 4113 765 4184 [Mutavi
802 4122 989 4168 tamen
1024 4118 1226 4183 postea
1263 4114 1587 4180 consilium,
1627 4132 1908 4182 quumque
1944 4113 2161 4183 collega
2196 4114 2564 4169 amicissimus
2592 4113 2692 4168 Us-

520 4201 738 4269 singius
776 4200 1106 4254 benevolum
1144 4199 1201 4253 in
1247 4217 1308 4254 re
1345 4199 1703 4268 exsequenda
1737 4199 2004 4252 auxilium
2042 4199 2354 4266 obtulisset,
2393 4199 2693 4253 coniuncta

518 4304 649 4341 cum
696 4303 763 4339 eo
812 4303 983 4355 opera
1017 4286 1165 4340 Livii
1211 4286 1383 4339 libros
1430 4302 1498 4338 ex
1532 4302 1658 4339 mea
1691 4285 2015 4339 recensione
2052 4284 2202 4338 edidi
2240 4290 2507 4353 quattuor
2540 4285 2692 4338 volu-

518 4372 764 4425 minibus
811 4371 961 4439 (octo
1006 4369 1280 4442 partibus)
1319 4387 1365 4423 a.
1410 4371 1764 4438 leel—1866,
1811 4370 1969 4424 cuius
2006 4372 2244 4440 exempli
2281 4371 2390 4424 vol.
2429 4370 2453 4422 1
2489 4370 2618 4424 fasc.
2663 4374 2686 4422 1

520 4457 664 4524 (libr,
702 4456 869 4523 I—V)
907 4463 963 4510 et
1000 4457 1078 4523 11,
1133 4461 1157 4509 l
1209 4455 1598 4525 (XXI—XXV)
1648 4473 1827 4525 nuper
1870 4456 2070 4509 iterum
2118 4455 2254 4510 editi
2303 4461 2460 4523 sunt,
2507 4456 2616 4508 vol.
2665 4455 2688 4507 Ι

518 4542 816 4598 fasciculus
853 4545 886 4596 2
921 4560 1071 4598 nunc
1108 4542 1289 4612 ipsum
1326 4543 1526 4596 iterum
1564 4538 1940 4609 describitur]

2169 4644 2227 4696 1*
