3230 5282
687 599 811 655 Lib.
848 596 1023 655 XLII.
1775 585 1897 648 642

690 773 814 855 (De
860 771 892 856 ξ
939 778 979 837 4
1027 770 1162 836 dixi
1207 770 1291 836 ad
1336 770 1450 851 111,
1501 775 1554 850 1,
1604 776 1640 837 5
1686 795 1750 856 p.
1800 768 1931 852 70.)
1980 769 2042 855 [ξ
2092 774 2128 836 6
2177 769 2528 858 Siesbyeus
2572 779 2752 839 recte
2793 773 2974 840 intel-

686 881 851 947 lexit
894 883 961 947 in
1006 879 1135 946 his:
1185 880 1311 946 cui
1367 879 1722 946 rescribi
1768 901 1922 945 non
1979 879 2320 964 placuit,
2368 881 2659 947 nuntio
2705 882 2975 966 ipsiuS,

689 991 826 1074 qui
869 989 1205 1054 litteras
1254 987 1694 1069 adtulerat,
1742 988 1905 1054 dici
1944 995 2065 1054 cet.
2105 1008 2301 1073 prave
2347 989 2609 1073 ipsius
2644 1011 2763 1073 pro
2810 991 2978 1056 eius

686 1098 838 1182 poni
884 1097 1275 1181 omninoque
1334 1099 1704 1181 genetivum
1750 1097 2115 1177 abundare,
2176 1101 2409 1162 contra
2453 1103 2702 1164 rectam
2748 1100 2974 1164 oratio·

688 1227 836 1271 nem
882 1203 1070 1285 effici,
1119 1205 1175 1271 si
1221 1205 1576 1270 scribatur:
1625 1207 1912 1271 nuntio
1958 1205 2140 1291 ipsi,
2190 1206 2325 1290 qui
2368 1205 2710 1272 litteras
2755 1206 2978 1273 adtu-

684 1314 917 1395 lerat,
957 1313 1120 1379 dici
1145 1320 1266 1379 cet.
1302 1312 1511 1397 1864]
1580 1313 1852 1393 Deinde,
1890 1315 2199 1399 quoniam
2235 1312 2266 1397 ξ
2296 1318 2332 1377 7
2368 1314 2545 1397 quod
2568 1314 2838 1380 verbum
2868 1336 2980 1400 pro

686 1422 1134 1488 audiebant
1180 1444 1258 1488 ex
1293 1443 1387 1502 e0,
1425 1422 1606 1507 quod
1643 1422 1711 1487 in
1746 1421 1968 1488 codice
2006 1430 2121 1504 est,
2158 1422 2635 1502 fremebant,
2671 1422 2843 1489 effici
2877 1423 2981 1489 de-

683 1532 858 1611 beat,
907 1533 1230 1597 incertum
1278 1538 1393 1610 est,
1442 1530 1755 1596 obiicitur
1799 1533 1865 1595 in
1914 1528 1947 1613 g
1996 1536 2032 1594 8
2090 1532 2361 1598 maioris
2418 1531 2770 1597 moliminis
2819 1553 2981 1614 quae·

685 1642 811 1706 stio
883 1639 962 1705 de
1020 1640 1127 1718 iis,
1198 1661 1340 1722 quae
1406 1639 1501 1704 sic
1569 1638 1884 1705 eduntur:
1954 1638 2263 1704 Achaeis
2329 1640 2979 1722 indignantibus,

685 1748 961 1815 eodem
1009 1769 1089 1813 se
1135 1747 1315 1813 loco
1363 1768 1570 1829 esse,
1619 1749 1753 1830 qui
1811 1748 2080 1812 omnia
2140 1768 2178 1812 a
2236 1749 2670 1833 principiis
2726 1749 2981 1814 Mace-

683 1857 959 1923 donici
1005 1855 1204 1922 belli
1250 1857 1851 1941 praestitissent
1906 1855 2284 1921 Romanis
2343 1865 2420 1922 et
2464 1857 2981 1923 Macedonum

682 1965 1052 2049 Philippi
1096 1963 1312 2029 bello
1357 1964 1645 2031 hostes
1691 1962 2069 2044 fuissent,
2119 1985 2268 2047 quo
2315 1964 2693 2030 Messenii
2741 1973 2982 2048 atque

681 2076 877 2155 Elii,
946 2074 1079 2158 qui
1133 2093 1277 2156 pro
1323 2072 1728 2138 Antiocho
1797 2071 2033 2137 hoste
2087 2093 2313 2152 ‚arma
2356 2072 2753 2139 adversus
2803 2098 2866 2158 p.
2911 2075 2981 2139 R.

679 2184 1080 2250 tulissent
1125 2201 1241 2260 ac,
1288 2202 1545 2264 nuper
1589 2181 1669 2245 in
1712 2180 2147 2247 Achaicum
2194 2182 2652 2247 contributi
2711 2183 2983 2249 conci·

678 2293 907 2370 lium,
977 2290 1204 2356 velut
1264 2291 1681 2373 praemium
1749 2289 1950 2355 belli
2019 2311 2098 2355 se
2166 2289 2616 2356 victoribus
2672 2289 2984 2356 Achaeis

510 2403 650 2472 (531)
689 2399 909 2464 tradi
955 2404 1511 2483 quererentur.
1605 2399 1863 2464 Vitiosa
1908 2397 2319 2463 abundantia
2363 2399 2439 2476 ii,
2498 2399 2609 2480 qui
2655 2400 2878 2464 omnia
2921 2419 2983 2464 se

679 2529 719 2573 a
766 2506 1107 2592 principiis
1151 2505 1566 2571 Macedonici
1611 2506 1770 2572 belli
1815 2508 2130 2573 Romanis
2176 2506 2559 2590 praestitisse
2603 2506 2987 2590 gloriantur,

677 2615 1111 2682 Macedonum
1157 2613 1442 2701 Philippi
1489 2615 1664 2683 bello
1714 2615 1917 2699 (quod
1966 2616 2060 2683 sic
2115 2613 2511 2700 appellatur,
2570 2615 2758 2700 quasi
2806 2615 2978 2681 aliud

678 2747 756 2791 ac
796 2723 1294 2790 Macedonicum
1364 2724 1476 2806 sit)
1547 2725 1770 2791 hostes
1837 2745 1905 2790 se
1973 2722 2176 2790 fuisse
2234 2725 2516 2805 addunt3
2582 2745 2704 2790 nec
2771 2727 2982 2789 minus

676 2833 1087 2900 abundanter
1130 2831 1522 2898 Antiochum
1568 2832 1824 2899 hostem
1867 2832 2070 2899 fuisse
2129 2832 2483 2897 admonent
2542 2832 2713 2917 (pro
2764 2834 2978 2897 Anti-

676 2942 875 3009 ocho
944 2941 1229 3023 hoste).
1319 2940 1609 3007 Permire
1681 2940 1915 3006 deinde
1980 2941 2200 3005 Achaei
2269 2942 2365 3007 ita
2432 2961 2582 3005 cum
2636 2941 2981 3007 Messeniis

675 3059 877 3136 atque
922 3050 1101 3115 Eleis
1147 3072 1214 3115 se
1263 3055 1672 3135 comparant,
1719 3055 1794 3114 ut
1838 3050 1905 3113 in
1951 3070 2020 3115 se
2065 3049 2475 3115 Macedonici
2518 3055 2783 3114 tantum
2828 3047 2977 3115 belli

672 3162 996 3226 rationem
1043 3157 1349 3237 habeant,
1397 3160 1464 3223 in
1511 3157 1739 3223 alteris
1786 3164 2044 3223 tantum
2088 3157 2487 3237 Antiochici‚
2536 3176 2738 3239 quum
2785 3159 2974 3240 signi·

671 3268 856 3333 ficari
904 3267 1157 3347 debeat,
1204 3268 1381 3350 ipsos
1429 3287 1686 3351 semper
1729 3266 2062 3330 Romanos
2109 3264 2373 3344 favisse,
2432 3265 2677 3331 alteros
2726 3285 2977 3349 semper

670 3377 738 3441 in
784 3376 1056 3441 alteram
1104 3382 1361 3459 partem
1404 3375 1867 3458 propensiores
1913 3373 2127 3439 fuisse.
2218 3373 2319 3438 Ad
2375 3374 2494 3439 has
2541 3375 2973 3457 suspicionum

672 3504 906 3549 causas
954 3484 1225 3561 accedit,
1275 3482 1451 3568 quod
1496 3483 1565 3547 in
1611 3481 1836 3549 codice
1884 3483 1978 3548 sic
2024 3482 2363 3548 scribitur:
2413 3518 2499 3527 —
2543 3482 2971 3566 praestitis-

673 3599 851 3657 sent
893 3592 1278 3657 Romanis
1327 3596 1404 3656 et
1447 3590 1913 3656 Macedonis
1957 3590 2346 3674 Philippo
2405 3589 2630 3655 bello
2687 3590 2971 3656 hostes

669 3698 1031 3765 fuissent
1097 3698 1454 3765 Messeni
1512 3698 1773 3783 adque
1834 3697 1989 3763 AEli
2056 3721 2199 3783 pro
2279 3696 2673 3765 Antiocho
2741 3697 2970 3763 hoste

670 3830 710 3873 a
755 3829 973 3872 roma
1018 3806 1413 3872 adversus
1457 3831 1518 3892 p.
1568 3808 1644 3872 R.
1693 3806 2085 3873 tulissent
2131 3814 2253 3874 cet.
2357 3807 2635 3874 Prorsus
2682 3827 2815 3872 non
2860 3805 2970 3869 du·

669 3916 809 3982 bito
857 3917 1014 3999 quin
1059 3922 1124 3980 et
1169 3915 1371 3981 verba
1417 3915 1671 3998 aliquot
1716 3916 2065 3980 coniuncta
2110 3936 2188 3980 ex
2235 3935 2353 3981 suo
2390 3914 2536 3982 loco
2575 3915 2642 3980 in
2689 3914 2967 3981 alienum

668 4026 948 4089 traiecta
995 4025 1126 4089 sint
1173 4023 1389 4105 (cuius
1437 4025 1682 4088 erroris
1730 4044 1808 4087 ex
1854 4029 2222 4089 ceterarum
2269 4022 2591 4089 decadum
2638 4021 2967 4088 codicibus

669 4134 966 4216 exempla
1011 4132 1203 4217 posui
1247 4132 1332 4197 ad
1378 4131 1681 4212 XXXVI,
1731 4135 1831 4212 34,
1880 4136 1915 4196 9
1966 4139 2032 4197 et
2082 4135 2158 4197 10
2207 4139 2273 4197 et
2318 4131 2398 4197 iis
2441 4131 2626 4211 locis,
2673 4150 2836 4214 quos
2878 4127 2963 4193 ibi

669 4241 1141 4322 demonstravi,
1187 4242 1254 4306 in
1301 4240 1799 4307 Vindobonensi
1845 4248 2065 4307 autem
2112 4240 2336 4307 codice
2383 4240 2815 4306 certissimum
2860 4258 2964 4302 co-

667 4369 938 4432 arguam
981 4350 1050 4414 in
1094 4349 1262 4415 libro
1321 4347 1546 4429 XLIV,
1593 4354 1694 4428 44,
1742 4348 1807 4432 2)
1879 4356 1947 4415 et
2012 4348 2207 4415 simul
2275 4348 2405 4415 alia
2472 4348 2769 4432 quaedam
2826 4365 2961 4411 cor·

664 4464 877 4543 rupta.
967 4456 1145 4523 Nihil
1213 4459 1385 4525 enim
1451 4458 1702 4542 poterit
1768 4458 1986 4541 aptius
2042 4457 2427 4542 excogitari,
2495 4458 2550 4522 si
2604 4455 2816 4522 locum
2873 4452 2963 4517 sic
