3230 5282
569 631 574 638 -
627 596 750 648 Lib.
788 595 1093 648 XXXVIII.
1723 585 1845 644 546

635 775 842 830 serat:
892 765 1363 831 Ariarathis
1425 766 1947 849 Cappadocis
1996 775 2069 830 et
2127 767 2410 831 Morzii
2458 770 2939 848 auxiliareS,

628 881 704 937 ut
748 873 879 950 XL,
927 878 1026 950 20,
1090 879 1154 937 1:
1204 874 1578 937 Eumenis
1640 880 1717 937 et
1762 874 2244 938 Ariarathis
2304 874 2821 958 Cappadocis
2867 884 2941 942 et

630 980 1073 1045 Pharnacis
1139 982 1491 1046 Pontici.
1585 980 1793 1062 [Idem
1872 983 2244 1063 suspicatus
2313 989 2457 1044 erat
2537 983 2935 1065 Rupertius]

631 1089 934 1152 Proxime
962 1094 1114 1152 ante
1151 1087 1211 1170 (ἓ
1250 1087 1313 1169 3)
1351 1109 1480 1151 non
1518 1088 2024 1164 locaverunt,
2072 1089 2184 1151 sed
2230 1089 2708 1155 locaverant
2753 1113 2793 1155 a
2836 1092 2939 1154 Li—

630 1197 735 1259 vio
771 1197 1089 1278 scriptum
1122 1202 1284 1278 puto
1324 1196 1526 1273 (inter
1558 1195 1954 1258 tenebant
1989 1203 2053 1259 et
2088 1195 2562 1277 explebant).
2611 1198 2934 1264 Describi-

632 1309 759 1382 tur,
807 1302 1354 1385 quemadmodum
1411 1303 1541 1365 iam
1581 1304 1978 1366 instructam
2016 1303 2301 1367 Manlius
2351 1306 2558 1367 aciem
2606 1304 2935 1370 Gallorum

635 1411 973 1474 invenerit.

462 1529 603 1594 (443)
813 1517 967 1600 Cap.
1018 1522 1117 1594 28,
1166 1521 1202 1580 6
1253 1517 1361 1596 (de
1409 1515 1835 1600 Cephallenia
1892 1538 1932 1581 a
1966 1517 2052 1581 M.
2099 1518 2327 1582 Fulvio
2374 1520 2643 1583 consule
2690 1521 2931 1602 capta):

636 1625 981 1689 Obsides
1049 1625 1234 1688 inde
1292 1626 1747 1707 imperatos
1806 1647 1946 1707 pro
1980 1625 2295 1688 viribus
2364 1626 2632 1707 inopis
2691 1649 2932 1710 popu·

634 1732 694 1795 li
738 1734 1066 1796 vicenos
1112 1731 1504 1809 Nesiotae,
1556 1731 1865 1808 Cranii,
1913 1732 2305 1795 Palenses
2353 1739 2431 1796 et
2477 1732 2755 1797 Samaei
2806 1734 2933 1797 de-

638 1840 948 1903 derunt.
1041 1840 1147 1904 Sic
1214 1840 1367 1903 inde
1424 1839 1507 1903 ab
1576 1840 1864 1904 editione
1920 1839 2337 1903 Frobeniana
2380 1840 2442 1902 11
2502 1840 2586 1904 ad
2644 1849 2931 1905 nostram

637 1953 900 2011 aetatem
948 1947 1273 2022 scribitur,
1318 1948 1761 2011 incertissima
1807 1948 2226 2024 auctoritate,
2274 1948 2581 2029 quoniam
2631 1949 2934 2012 Gelenius

637 2054 798 2117 nihil
846 2054 1214 2130 adnotavit,
1283 2054 1458 2135 quod
1515 2054 1810 2130 fecisset,
1874 2055 2133 2134 opinor,
2204 2055 2257 2116 si
2317 2073 2394 2116 ex
2440 2054 2504 2117 M
2551 2054 2609 2116 N
2627 2057 2932 2120 esiotas

636 2160 788 2224 illos
836 2163 1240 2243 sumpsisset.
1312 2159 1652 2225 Convincit
1687 2167 1906 2224 autem
1944 2182 2055 2224 eos
2092 2162 2236 2242 ipsa
2270 2182 2406 2238 res;
2452 2182 2600 2224 nam
2636 2169 2934 2243 quartum

638 2266 1074 2349 Cephalleniae
1111 2268 1420 2351 oppidum
1455 2289 1646 2332 nemo
1692 2268 1953 2332 Neson
2000 2267 2359 2349 appellavit
2393 2267 2631 2347 (νῆσον),
2671 2269 2787 2332 sed
2823 2275 2935 2332 aut

636 2383 884 2454 Πρόνους
919 2375 1330 2457 (incolasque
1367 2385 1689 2455 Προναίους,
1727 2385 2078 2454 Προνναίους,
2114 2375 2450 2455 Προννόους)
2492 2384 2606 2440 aut
2650 2385 2933 2455 Πρόνησσν

570 2498 579 2506 ·
639 2479 891 2563 (Steph.
919 2483 1070 2566 Byz.
1098 2505 1145 2547 s.
1172 2504 1226 2545 v.
1250 2482 1509 2564 Κράνιοι)
1550 2490 1669 2547 aut
1690 2491 1989 2563 Πρώνησον
2014 2481 2307 2563 (Strab.).
2355 2483 2591 2565 Itaque
2616 2485 2935 2548 Weissen-

637 2589 930 2669 borniuS,
978 2591 1432 2655 animadverso
1504 2592 1700 2655 etiam
1775 2573 2211 2673 copulationis
2268 2591 2427 2656 vitio
2488 2590 2584 2672 (in
2641 2598 2744 2671 et;
2811 2591 2932 2656 vid.

639 2698 723 2761 ad
769 2698 884 2776 III,
940 2704 990 2775 l,
1040 2699 1123 2780 5),
1168 2699 1370 2763 verba
1417 2700 1509 2762 sic
1546 2699 1811 2780 scripsit
1848 2698 2313 2780 distinxitque:
2362 2699 2713 2764 Nesiotae
2762 2700 2935 2764 Cra·

637 2806 751 2868 nii
799 2812 879 2869 et
924 2806 1311 2871 Palenses
1361 2812 1438 2869 et
1484 2804 1797 2882 Samaei,
1846 2805 2088 2888 copula
2144 2827 2219 2869 ex
2280 2806 2613 2870 codicibus
2662 2813 2935 2890 sumpta.

640 2911 768 2977 Sed
814 2935 1025 2996 neque
1091 2916 1223 2979 tria
1279 2915 1545 2978 nomina
1611 2934 1732 2995 pro
1792 2918 2109 2995 quattuor
2167 2934 2376 2994 neque
2423 2935 2646 2978 omnes
2713 2913 2935 2977 insulae

637 3020 870 3084 incolae
917 3020 1258 3102 (insulani)
1308 3020 1536 3084 Graeca
1579 3020 2101 3083 Nesiotarum
2161 3020 2605 3102 appellatione
2653 3041 2937 3103 compre-

639 3127 826 3191 hensi
873 3129 1075 3192 ullam
1120 3128 1369 3192 habent
1415 3126 1972 3210 probabilitatem.
2062 3127 2136 3189 In
2184 3126 2537 3205 codicibuS,
2588 3129 2665 3191 de
2702 3128 2937 3211 quibus

640 3242 922 3309 constat,
972 3236 1489 3299 Nesiotarum
1533 3233 1783 3297 nullum
1830 3235 2175 3314 vestigium
2220 3242 2350 3313 est,
2397 3236 2510 3298 sed
2571 3236 2664 3299 sic
2708 3234 2934 3298 scribi-

641 3349 779 3405 tur:
828 3345 1156 3406 vicenos
1204 3348 1465 3405 autem
1514 3339 1941 3409 Grannoni
1979 3339 2058 3420 (B
2106 3348 2171 3405 et
2228 3348 2542 3424 quattuor
2587 3341 2932 3418 Drakenb.,

643 3448 997 3512 Granoni
1044 3457 1179 3513 tres
1214 3448 1431 3526 Drak.,
1480 3447 1916 3525 Granonii,
1956 3446 2336 3512 Gra-moni
2379 3450 2646 3530 singuli)
2682 3456 2760 3513 et
2804 3449 2936 3511 Pa-

640 3556 915 3642 lenses
963 3564 1040 3620 et
1085 3555 1362 3619 Samaei
1410 3555 1710 3634 (Tamei
1751 3554 1821 3631 B,
1869 3555 2003 3618 Pal.
2047 3559 2099 3633 1,
2147 3556 2495 3620 Thamaei
2542 3564 2676 3620 tres
2712 3555 2936 3636 Drak.)

645 3662 1066 3726 dederunt.
1160 3663 1332 3741 (Hoc
1381 3662 1648 3726 verbum
1694 3664 1941 3727 omittit
1986 3662 2090 3742 B.)
2182 3662 2308 3727 Sed
2356 3669 2599 3745 praeter
2653 3663 2821 3727 hanc
2872 3663 2939 3726 in

543 3776 557 3789 '
641 3770 1013 3833 nominibus
1061 3768 1516 3834 difficultatem
1576 3768 1759 3833 aliud
1816 3777 1919 3833 est
1973 3770 2462 3834 incommodum
2519 3791 2559 3834 a
2601 3769 2941 3834 nullodum

644 3878 1200 3955 animadversum3
1257 3897 1468 3958 neque
1537 3878 1709 3940 enim
1760 3882 2054 3940 veterum
2112 3877 2517 3958 maximeque
2566 3877 2940 3941 Graecorum

641 3984 957 4066 loquendi
1014 3979 1136 4048 usu
1193 4005 1364 4047 unus
1422 3989 1567 4047 erat
1613 3982 2183 4066 Cephalleniorum
2229 3983 2543 4066 populus,
2592 3985 2707 4048 sed
2756 3989 2939 4066 quat·

642 4098 815 4154 tuor.
907 4091 1142 4174 Itaque
1203 4092 1592 4167 rectissime,
1658 4092 1853 4154 etiam
1917 4091 2001 4153 ad
2059 4090 2378 4171 reliquam
2438 4091 2754 4156 orationis
2812 4090 2942 4155 for-

645 4218 850 4275 mam,
898 4204 972 4261 ut
1014 4199 1250 4279 inopiae
1298 4204 1364 4261 et
1408 4199 1640 4260 virium
1689 4197 1934 4261 mentio
1994 4197 2077 4260 ad
2126 4197 2493 4262 subiectum
2552 4203 2619 4262 et
2674 4198 2760 4261 ad
2804 4219 2942 4262 ver-

645 4304 797 4367 bum
845 4304 1244 4369 dederunt
1288 4303 1836 4381 accommodetur,
1882 4304 1946 4367 in
1982 4302 2035 4365 B
2079 4302 2174 4383 (et
2208 4303 2487 4368 fortasse
2521 4305 2586 4368 in
2625 4304 2940 4388 plui-ihm,

647 4412 700 4475 si
772 4410 1034 4475 tantilla
1097 4432 1205 4475 res
1273 4410 1592 4475 adnotata
1660 4409 1861 4490 esset)
1932 4410 2240 4474 scribitur
2304 4411 2579 4491 inopes
2635 4410 2939 4495 populi.
