3230 5282
559 613 687 670 Lib.
723 613 890 668 LXV.
1636 599 1759 661 744

720 784 876 869 Cap.
904 788 1002 863 38,
1031 790 1071 849 4
1097 783 1191 866 (in
1215 784 1442 850 eadem
1465 782 1724 850 Servilii
1750 783 2105 864 oratione):
2142 784 2486 866 Erratis,
2521 787 2849 869 milites,

546 895 612 960 si
657 892 1153 977 triumphum
1196 893 1731 977 imperatoris
1778 898 2090 957 tantum
2152 900 2233 959 et
2291 915 2442 961 non
2501 895 2847 962 militum

544 1021 860 1087 quoque
891 1007 969 1068 et
994 1002 1355 1067 universi
1390 1001 1679 1085 populi
1714 1001 2051 1066 Romani
2088 1022 2262 1067 esse
2302 1002 2542 1068 decus
2581 1023 2847 1070 cense-

372 1108 515 1178 (620)
553 1111 694 1191 tis3
730 1131 881 1175 non
915 1110 1153 1175 unius
1192 1110 1270 1175 in
1302 1107 1452 1175 hoc
1484 1108 1736 1175 Pauli.
1796 1108 1921 1186 Qui
1966 1109 2051 1174 ad
2095 1109 2234 1174 haec
2269 1117 2601 1194 postrema
2634 1113 2849 1179 audiri

543 1240 733 1304 posse
779 1225 1021 1304 putant
1066 1224 1188 1284 est
1234 1218 1506 1297 decus,
1552 1224 1620 1283 et
1654 1237 1694 1282 a
1729 1217 2045 1283 sermonis
2081 1218 2221 1302 lege
2256 1219 2569 1284 aberrant
2604 1220 2845 1305 (neque

544 1328 716 1392 enim
763 1328 857 1393 sic
902 1349 980 1392 ex
1023 1326 1342 1392 infinitivo
1379 1326 1773 1391 indicativus
1808 1327 1978 1390 'sumi
2014 1332 2255 1410 potest,
2302 1329 2671 1411 praesertim
2713 1348 2845 1394 non

541 1435 952 1521 praecedente
976 1436 1056 1500 in
1089 1433 1512 1519 triumpho,
1549 1434 1664 1500 sed
1690 1433 1821 1499 alia
1856 1433 2175 1500 orationis
2210 1434 2439 1513 forma,
2473 1456 2593 1500 nec
2628 1436 2843 1502 omitti

544 1542 819 1625 decus)
877 1549 944 1609 et
986 1545 1177 1608 nimis
1222 1549 1524 1627 apertam
1566 1541 1999 1626 tautologiam
2045 1540 2354 1608 efficiunt.
2442 1543 2849 1610 Exciderunt

541 1652 671 1717 duo
717 1652 853 1717 fere
899 1653 1116 1730 verba,
1162 1673 1364 1736 quum
1411 1650 1497 1715 ad
1540 1651 1710 1715 hanc
1746 1649 2027 1717 formam
2061 1651 2376 1735 scriptum
2422 1659 2628 1718 esset:
2675 1652 2843 1719 Non

541 1762 784 1825 unius
850 1762 930 1825 in
996 1759 1142 1825 hoc
1200 1758 1434 1824 Pauli
1493 1759 1743 1824 honos
1811 1759 2101 1843 agitur,
2205 1759 2411 1824 Paulo
2468 1767 2621 1844 post
2680 1760 2741 1844 (ἓ
2802 1767 2841 1827 7

540 1875 606 1934 et
650 1868 716 1951 8)
764 1868 1104 1934 scribitur:
1170 1868 1487 1933 Literni
1545 1867 2039 1932 domicilium
2107 1873 2184 1932 et
2253 1867 2521 1933 sedem
2576 1868 2843 1935 fuisse

540 1976 973 2043 domitoris
1019 1975 1344 2042 Africae!
1393 1976 1718 2041 Literni
1757 1975 2215 2060 sepulcrum
2253 1976 2608 2042 ostendi!
2656 1977 2847 2043 Eru-

538 2085 999 2164 bescamuS,
1067 2085 1336 2168 gloria
1403 2085 1468 2151 si
1524 2105 1667 2168 par
1724 2082 1903 2148 illis
1961 2085 2171 2149 viris
2218 2083 2286 2148 L.
2334 2085 2664 2164 Paulus,
2721 2088 2846 2151 in·

535 2194 757 2259 iuria
801 2200 1070 2259 vestra
1117 2200 1598 2278 exsequetur.
1668 2192 1977 2258 Mendum
2019 2192 2123 2257 vel
2167 2213 2300 2257 una
2342 2214 2468 2259 vox
2512 2194 2578 2258 si
2624 2194 2849 2276 arguit

537 2303 922 2385 pravissime
968 2304 1387 2386 interposita3
1433 2301 1548 2367 sed
1594 2321 1899 2385 perversa
1944 2308 2045 2366 est
2089 2309 2232 2381 tota
2264 2300 2405 2367 haec
2441 2302 2846 2370 exhortatio·-

537 2410 638 2474 nis
686 2431 835 2474 cum
881 2409 1260 2475 condicione
1307 2411 1671 2476 coniunctae
1726 2409 1939 2475 forma
1997 2411 2066 2475 in
2123 2430 2201 2475 ea
2258 2432 2330 2475 re
2391 2409 2847 2493 significanda,

536 2538 731 2602 quam
807 2515 952 2582 fieri
1028 2516 1241 2601 pudor
1319 2525 1528 2584 vetet:
1612 2518 2227 2597 erubescamus,
2308 2520 2371 2584 si
2456 2518 2613 2583 fiat
2692 2519 2845 2603 (pro

538 2649 644 2706 e0,
713 2625 889 2709 quod
954 2632 1089 2692 est:
1157 2625 1461 2711 pudeat
1524 2626 1841 2709 facere).
1942 2626 2018 2692 In
2078 2626 2303 2694 codice
2360 2635 2461 2694 est
2529 2628 2650 2693 sic
2718 2649 2842 2712 pro

538 2737 622 2802 si.
711 2735 1059 2816 Mutanda,
1103 2757 1234 2801 non
1279 2735 1588 2814 tollenda,
1637 2737 1861 2801 littera
1905 2742 2077 2815 erat,
2126 2742 2192 2801 et
2238 2737 2432 2801 simul
2475 2737 2609 2801 alia
2652 2736 2842 2802 adhi-

536 2844 753 2910 benda
788 2846 1129 2925 correcti0‚
1167 2851 1239 2910 ut
1272 2852 1453 2911 recta
1485 2843 1674 2910 fieret
1707 2846 1948 2910 oratio:
1986 2845 2307 2910 Literni
2344 2843 2845 2910 domicilium

537 2961 615 3018 et
661 2953 926 3019 sedem
970 2952 1227 3019 fuisse
1295 2954 1728 3020 domitoris
1789 2950 2115 3033 Africae,
2185 2952 2504 3018 Literni
2566 2953 2841 3037 sepul·

535 3082 754 3127 crum
802 3062 1139 3142 ostendi,
1189 3061 1803 3127 erubescamus.
1872 3060 2155 3126 Gloria
2202 3062 2301 3123 sit
2347 3060 2691 3145 parillis
2733 3061 2843 3125 vi-

534 3170 650 3236 ris
688 3171 759 3235 L.
795 3170 1129 3250 Paulus,
1164 3171 1473 3236 iniuria
1505 3176 1779 3235 vestra
1812 3189 1898 3233 ne
1933 3176 2413 3253 exsequetur.
2462 3167 2622 3252 [Sed
2655 3168 2841 3235 aliud

532 3286 853 3364 praeterea
894 3280 962 3344 in
1007 3279 1109 3357 iis,
1155 3300 1301 3361 quae
1348 3278 1638 3362 proxime
1683 3276 2091 3362 praecedunt,
2135 3276 2497 3343 tollendum
2529 3278 2839 3344 mendum

534 3395 655 3453 est.
721 3387 998 3453 Prorsus
1046 3387 1217 3452 enim
1260 3409 1390 3453 non
1437 3386 1861 3470 intellegitur,
1909 3386 2065 3469 quid
2110 3386 2176 3449 in
2211 3385 2500 3452 Africani
2534 3386 2835 3471 exemplo

532 3518 681 3561 cum
739 3494 997 3560 Camilli
1063 3495 1514 3579 coniungendo
1582 3500 1736 3579 agat
1801 3495 2165 3577 insuper3
2236 3492 2445 3575 nedue
2513 3496 2687 3560 enim
2753 3515 2837 3561 ea

532 3605 824 3670 accessio
894 3603 1117 3687 aliqua
1185 3604 1473 3670 eiusdem
1532 3603 1813 3668 actionis
1873 3601 2032 3680 fuit3
2100 3602 2489 3667 maiorum
2555 3610 2832 3686 peccato

528 3718 705 3776 recte
752 3713 1155 3777 contrarium
1201 3712 1485 3796 ponitur,
1536 3709 1712 3795 quod
1756 3708 1841 3776 ab
1886 3711 2000 3787 iis,
2050 3712 2159 3792 qui
2204 3730 2377 3775 nunc
2423 3716 2608 3789 sunt,
2656 3732 2833 3777 com-

528 3820 799 3884 missum
844 3827 962 3884 est.
1057 3818 1483 3886 Scribendum
1528 3820 1733 3903 igitur
1778 3824 1911 3884 est:
1960 3819 2166 3913 satis
2211 3840 2469 3901 nuper
2512 3839 2554 3882 a
2598 3819 2833 3884 vobis

528 3930 606 3992 in
649 3927 721 3991 P.
771 3927 1173 3992 Africano,
1247 3926 1460 4012 1864]
1551 3930 1782 3993 Restat
1829 3926 1861 4010 ἓ
1914 3929 2023 4007 12,
2073 3927 2181 4009 qui
2225 3925 2412 3992 locus
2460 3927 2554 3991 sic
2600 3926 2831 3992 scribi-

662 4154 852 4203 tamen
906 4148 1102 4202 dubito
1140 4146 1208 4201 de
1245 4148 1541 4218 scriptura,
1597 4146 1751 4216 quod
1789 4148 1845 4200 in
1897 4163 2068 4217 prosa
2103 4146 2361 4200 oratione
2397 4163 2683 4215 nunquam
2718 4146 2831 4201 hoc

661 4234 909 4303 positum
944 4233 1110 4289 video
1149 4233 1298 4301 (nam
1333 4232 1504 4301 XXV,
1542 4235 1627 4301 22,
1671 4235 1734 4288 13
1772 4232 2237 4288 contumelias
2295 4233 2533 4287 dicere
2569 4232 2689 4287 sine
2726 4231 2824 4285 da·

661 4319 778 4373 tivo
832 4320 1078 4388 ponitur,
1133 4317 1332 4387 XXVI,
1378 4322 1463 4386 31,
1500 4321 1532 4373 5
1578 4317 2045 4373 contumelias
2100 4319 2169 4371 in
2218 4318 2512 4386 aliquem
2566 4317 2822 4383 dicere)

661 4411 719 4457 et
771 4404 921 4472 quod
977 4404 1171 4458 durius
1225 4404 1393 4459 etiam
1448 4409 1532 4458 est
1595 4404 1856 4458 crimen
1910 4403 2124 4457 alicui
2179 4402 2430 4457 dicere.
2513 4402 2713 4472 Itaque
2765 4403 2825 4456 in

660 4495 907 4545 mentem
942 4490 1100 4544 venit
1137 4489 1469 4557 obiicere3
1508 4490 1610 4545 sed
1645 4488 1786 4544 nihil
1822 4486 2077 4542 adfirmo.
2157 4488 2330 4557 1864]
