3230 5282
671 639 796 693 Lib.
834 639 877 693 1.
1791 625 1873 687 48

672 813 867 878 funus
934 810 1004 875 P.
1073 812 1276 876 Decio
1345 809 1588 875 factum
1659 810 1902 875 dicitur
1979 809 2452 875 celebrante
2532 809 2855 892 collega
2921 817 2984 874 et

674 920 918 986 similia
962 918 1215 1001 alibi.¹)
1326 950 1329 953 ¹

848 1026 1006 1112 Cap.
1039 1031 1136 1092 12.
1217 1027 1413 1092 Initio
1457 1046 1676 1110 operae
1710 1032 1857 1092 toto
1893 1046 2130 1109 genere
2164 1026 2383 1091 tenuis
2420 1026 2986 1092 commemoranda

674 1144 775 1202 est
834 1158 938 1201 res
994 1136 1098 1201 vel
1142 1135 1278 1216 hic,
1347 1135 1461 1200 ubi
1519 1135 1684 1200 nihil
1734 1139 1836 1199 est
1879 1154 2217 1217 magnum,
2287 1135 2523 1198 ceteris
2570 1134 2658 1199 ad
2704 1135 2984 1217 speciem

535 1264 642 1334 (41)
679 1248 911 1325 minor,
957 1267 1089 1310 non
1135 1244 1321 1327 parvi
1368 1250 1589 1308 tamen
1634 1241 1965 1307 interdum
2010 1241 2097 1307 ad
2144 1263 2410 1308 sensum
2454 1243 2848 1326 scriptorum
2893 1243 2986 1307 in-

671 1353 1111 1437 tellegendum
1182 1359 1247 1417 et
1305 1351 1390 1417 ad
1445 1351 1758 1416 iudicium
1815 1350 1896 1415 de
1956 1351 2301 1434 scripturae
2344 1351 2622 1416 veritate
2668 1352 2981 1416 momenti

673 1469 740 1527 et
786 1462 873 1527 ad
920 1481 1118 1545 quam
1166 1461 1405 1544 saepius
1453 1466 1690 1544 postea
1734 1457 2142 1524 redeundum
2187 1459 2346 1538 erit,
2416 1460 2740 1524 orationis
2788 1460 2986 1525 inter·

673 1572 945 1654 punctio
1006 1576 1073 1634 et
1129 1569 1607 1634 sententiarum
1652 1574 1835 1633 recta
1883 1568 2240 1650 separatio.
2340 1566 2712 1651 Apparebit
2758 1567 2985 1632 saltem

674 1680 920 1759 statim,
967 1698 1166 1762 quam
1210 1678 1384 1742 leves
1433 1697 1691 1742 errores
1737 1675 2066 1740 interdum
2110 1673 2346 1739 fallant
2390 1681 2988 1759 propagenturque.

674 1787 841 1852 Nam
901 1787 967 1851 in
1023 1785 1152 1851 hoc
1209 1787 1444 1869 capite,
1503 1791 1947 1868 praeterquam
1996 1782 2205 1866 quod,
2274 1782 2388 1848 ubi
2435 1782 2655 1848 Livius
2701 1782 2763 1866 (ἓ
2810 1783 2876 1865 2)
2923 1785 2987 1849 in

673 1895 1006 1960 narrando
1053 1894 1317 1959 Romuli
1366 1900 1431 1958 et
1477 1892 1611 1956 Titi
1656 1891 1833 1956 Tatii
1880 1890 2134 1975 proelio
2182 1892 2602 1975 principes
2648 1912 2858 1975 pugn
2876 1914 2988 1957 am

673 2004 1004 2082 civisse,
1063 2003 1189 2066 hoc
1236 2008 1366 2081 est,
1422 2001 1676 2084 primos
1724 2005 1790 2065 et
1837 2006 1991 2063 ante
2039 2003 2294 2063 ceteros
2340 2020 2686 2082 pugnasse,
2743 1999 2826 2065 ab
2875 1999 2989 2065 Sa-

673 2111 848 2177 binis
895 2110 1169 2175 Metium
1217 2108 1549 2185 Curtium,
1610 2129 1651 2173 a
1695 2108 2012 2172 Romanis
2057 2106 2365 2171 Hostium
2408 2105 2769 2172 Hostilium
2816 2108 2991 2187 dicit,

676 2217 1259 2301 (quemadmodum
1314 2215 1441 2281 hoc
1498 2217 1643 2300 ipso
1704 2216 1920 2299 capite
1964 2214 2208 2279 Metius
2255 2215 2354 2279 ab
2403 2213 2743 2280 Sabinis
2791 2217 2989 2299 prin·

674 2348 862 2410 ceps
910 2325 1004 2391 ab
1052 2346 1235 2390 arce
1283 2325 1861 2389 decucurrisse
1910 2320 2193 2404 dicitur),
2240 2323 2789 2407 interpunctionis
2835 2329 2992 2389 nota

675 2442 833 2517 post
890 2433 1221 2498 ciebant
1279 2434 1530 2516 posita,
1597 2432 1770 2496 male
1829 2453 1869 2495 a
1925 2431 2256 2514 plerisque
2302 2430 2548 2496 Metius
2607 2438 2674 2497 et
2716 2431 2992 2498 Hostius

676 2543 1004 2626 principes
1054 2540 1470 2607 substantivo
1519 2539 1841 2624 appellari
1890 2544 2211 2623 putantur
2256 2538 2466 2622 (quod
2503 2540 2609 2603 vix
2644 2540 2992 2619 crederem,

675 2652 805 2715 nisi
863 2652 1064 2716 etiam
1108 2649 1627 2716 admonitionem
1673 2649 2076 2732 adscriptam
2123 2647 2469 2729 viderem);
2539 2647 2772 2714 deinde
2819 2648 2880 2732 (ξ
2928 2650 2991 2731 3)

678 2760 893 2825 oratio
960 2760 1051 2823 sic
1100 2757 1528 2824 describitur:
1587 2756 1690 2822 Ut
1745 2756 2086 2822 Hostius
2147 2756 2486 2836 cecidit,
2557 2757 2990 2822 confestim

677 2869 1036 2932 Romana
1104 2867 1563 2931 inclinatur
1630 2866 1846 2929 acies
1903 2863 2249 2948 fusaque
2309 2870 2433 2930 est
2490 2864 2588 2929 ad
2644 2872 2992 2931 veterem

677 2981 993 3059 portam
1031 2974 1358 3040 Palatii.
1428 2974 1820 3040 Romulus
1867 2973 2166 3056 etipse
2213 2971 2459 3037 turba
2501 2972 2992 3055 fugientium

680 3090 940 3163 actuS‚
1010 3104 1229 3149 arma
1298 3083 1393 3148 ad
1462 3083 1742 3147 caelum
1800 3081 2138 3160 tollenS,
2218 3081 2629 3164 Iuppiter,
2697 3082 2991 3165 inquit,

677 3197 831 3257 cett.
914 3192 1061 3258 Non
1110 3191 1207 3257 ad
1250 3198 1605 3256 veterem
1640 3190 1947 3255 Palatii
1996 3195 2314 3273 portam
2360 3188 2509 3253 fusa
2556 3196 2659 3253 est
2693 3189 2995 3255 Romana

677 3300 850 3364 acies
920 3298 1015 3380 (id
1084 3306 1213 3380 est,
1284 3299 1460 3383 apud
1532 3319 1678 3364 eam
1738 3303 2033 3382 portam3
2100 3317 2312 3378 neque
2373 3298 2544 3361 enim
2602 3295 2839 3362 fundi
2899 3298 2995 3362 ad

680 3415 1002 3491 portam
1047 3415 1149 3472 est
1193 3408 1456 3472 fusum
1502 3405 1705 3470 alibi
1751 3404 2039 3487 fugere
2084 3404 2181 3468 ad
2227 3404 2594 3488 portam),
2643 3405 2756 3470 sed
2795 3427 2994 3489 quum

679 3517 746 3579 in
793 3515 1025 3580 collem
1072 3513 1516 3598 Capitolinum
1561 3521 1798 3578 contra
1845 3512 2125 3579 Sabinos
2172 3513 2549 3596 erigeretur,
2607 3535 2820 3597 neque
2864 3513 2994 3591 hic,

680 3622 916 3705 proelii
974 3629 1209 3688 eventu
1268 3624 1401 3687 iam
1460 3623 1824 3700 declarato,
1892 3620 2398 3704 superaddenda
2445 3628 2589 3685 erat
2632 3622 2792 3701 loci,
2862 3643 2995 3705 quo

680 3737 1044 3813 pugnatum
1090 3737 1285 3810 esset,
1330 3731 1605 3795 notati0.
1695 3729 1863 3794 Livii
1911 3730 2241 3794 sententia
2285 3729 2661 3795 huiusmodi
2706 3730 2863 3795 fuit:
2908 3765 2998 3774 ——

681 3840 1039 3904 Romana
1083 3837 1537 3903 inclinatur
1581 3839 1803 3902 acies
1847 3835 2195 3919 fusaque
2242 3844 2384 3902 est.
2485 3836 2600 3903 Ad
2642 3845 2997 3903 veterem

677 3954 1001 4029 portam
1044 3946 1355 4011 Palatii
1403 3945 1791 4011 Romulus
1849 3953 1928 4011 et
1984 3947 2162 4030 ipse
2220 3944 2462 4011 turba
2504 3944 2998 4028 fugientium

741 4164 783 4229 ¹)
826 4163 953 4233 [W.,
982 4170 1045 4218 ut
1073 4164 1287 4234 aliquid
1318 4165 1713 4234 contradicat,
1739 4166 1915 4220 verba
1943 4170 2199 4234 quanto
2232 4181 2469 4235 appar.
2505 4169 2642 4219 tum
2675 4167 2997 4222 sciebant

818 4268 939 4319 a.p.
962 4251 1153 4305 vertit:
1193 4251 1411 4304 soviel
1442 4251 1627 4306 seine
1656 4251 1872 4305 Lente
1901 4251 2222 4317 konnten,
2259 4267 2385 4319 quae
2414 4250 2752 4321 significare:
2791 4259 3002 4322 sogut

818 4352 966 4389 man
1003 4336 1261 4390 damals
1296 4335 1628 4392 verstand
1663 4335 1798 4391 und
1825 4336 2083 4390 konnte
2110 4342 2361 4406 apparet.
2416 4338 2540 4391 Hoc
2568 4337 2628 4390 in
2654 4338 2837 4406 primo
2865 4338 2999 4392 loco

818 4421 1064 4491 exempli
1099 4438 1266 4478 causa
1303 4422 1633 4477 adnotatum
1672 4421 1836 4488 satis,
1884 4421 2110 4490 opinor,
2157 4421 2436 4490 declarat,
2484 4440 2587 4477 cur
2622 4423 2827 4477 similia
2860 4440 2997 4492 per·

818 4507 995 4560 multa
1028 4507 1234 4562 tacitus
1270 4506 1740 4578 praetermittam.]
