3230 5282
1495 602 1617 661 401
2322 612 2444 666 Lib.
2482 612 2707 666 XXVII„

397 783 625 864 posuit
685 781 838 863 (vid.
885 782 1069 846 lexic.
1120 790 1186 847 et
1241 782 1548 862 XXVIII,
1624 787 1732 861 32,
1805 782 1890 863 9).
2002 783 2254 848 Eodem
2324 784 2540 866 capite
2608 784 2706 848 in—

402 887 606 953 ferius
666 887 728 972 (ξ
791 888 896 969 11)
955 890 1033 954 de
1093 891 1373 954 militum
1419 890 1699 954 Neronis
1758 890 2081 955 modestia
2137 896 2203 955 et
2259 891 2515 955 itineris
2573 912 2710 955 ma-

401 995 672 1060 turandi
740 997 961 1061 studio
1029 997 1123 1061 sic
1189 997 1500 1062 scribitur
1564 998 1632 1061 in
1700 997 2037 1062 codicibus
2106 996 2320 1079 (bonis
2389 998 2706 1078 omnibus,

407 1103 848 1169 deterioribus
896 1104 1286 1187 plerisque):
1355 1103 1767 1169 modestia
1824 1111 2148 1169 certare
2206 1105 2548 1185 milites,
2615 1128 2710 1171 ne

403 1212 604 1293 quid
697 1211 926 1275 ultra
1015 1234 1234 1276 usum
1317 1212 1876 1276 necessarium
1956 1219 2411 1292 sumerent;
2504 1212 2711 1277 nihil

405 1320 705 1383 morari
776 1340 917 1384 nec
974 1319 1067 1383 ab
1129 1320 1386 1402 signis
1443 1340 1590 1383 nec
1651 1318 2110 1384 subsistere
2170 1320 2430 1384 cibum
2489 1321 2710 1404 capi-

403 1433 672 1505 entes3
723 1426 928 1491 diem
973 1448 1062 1491 ac
1106 1435 1421 1492 noctem
1464 1427 1601 1490 ire.
1705 1425 2000 1509 Apparet
2045 1426 2366 1491 excidisse
2411 1427 2699 1511 verbum,
2739 1431 2884 1499 (327)

403 1534 512 1597 cui
569 1532 950 1598 adiunctum
1018 1534 1214 1598 fuerit
1279 1533 1440 1597 illud
1509 1534 1605 1597 ab
1675 1534 1964 1615 signis3
2033 1555 2184 1597 nam
2231 1533 2408 1615 quod
2463 1535 2530 1598 in
2577 1533 2712 1598 edi-

406 1641 697 1705 tionibus
742 1648 895 1706 ante
943 1641 1563 1721 Weissenbornium,
1609 1640 1819 1705 altero
1866 1662 2008 1705 nec
2055 1641 2336 1722 sublate,
2380 1641 2711 1706 scribeba-

401 1753 518 1812 tur
592 1769 733 1813 nec
812 1749 907 1814 ab
987 1751 1251 1832 signis
1331 1748 1735 1812 absistere
1809 1748 1955 1831 (pro
2035 1747 2530 1829 subsistere)
2600 1751 2711 1813 ci-

407 1855 586 1919 bum
653 1857 1121 1939 capientes,
1195 1863 1262 1921 et
1330 1855 1647 1919 audacem
1716 1857 2147 1921 mutationem
2219 1863 2286 1921 et
2346 1878 2540 1920 usum
2596 1856 2711 1919 ha-

403 1961 520 2027 bet
579 1963 793 2042 verbi,
853 1963 1026 2047 quod
1086 1969 1189 2027 est
1235 1962 1668 2041 absistere,
1727 1962 2081 2027 admodum
2139 1969 2533 2047 suspectum.
2636 1963 2711 2028 Id

405 2071 578 2134 enim
621 2070 813 2154 -apud
868 2071 1075 2136 bonos
1130 2091 1340 2154 prosae
1404 2071 1720 2135 orationis
1777 2072 2132 2153 scriptores
2194 2071 2273 2136 de
2334 2069 2712 2136 desistendo

405 2198 487 2241 ac
533 2177 890 2242 desinendo
938 2179 1239 2260 ponitur,
1311 2178 1392 2242 de
1452 2184 1632 2242 motu
1692 2199 1769 2241 ac
1826 2179 2223 2243 discessione
2283 2200 2411 2242 non
2475 2178 2714 2242 dicitur

407 2286 531 2348 nisi
577 2286 644 2348 in
691 2307 822 2350 uno
872 2284 1147 2350 Caesaris
1192 2286 1336 2350 loco
1383 2306 1701 2369 perquam
1750 2285 2039 2367 dubio.¹)
2131 2286 2260 2350 Sed
2306 2286 2503 2349 aliam
2547 2308 2713 2369 prae-

404 2398 593 2456 terea
659 2414 881 2457 vocem
951 2415 1170 2458 errore
1239 2393 1492 2458 librarii
1561 2395 1867 2458 omissam
1933 2395 2263 2477 suspicor3
2330 2413 2481 2456 nam
2537 2393 2716 2475 quod

409 2507 734 2581 negantur
779 2501 1019 2565 milites
1068 2501 1328 2565 cibum
1374 2503 1799 2584 capientes
1846 2502 2243 2579 substitisse,
2301 2501 2600 2583 primum,
2660 2501 2715 2565 si

411 2628 493 2672 ea
550 2614 724 2674 esset
783 2609 1144 2689 sententia,
1214 2609 1434 2674 Livius
1495 2609 1869 2693 scripsisset
1924 2630 2015 2673 ne
2073 2608 2336 2673 cibum
2393 2608 2717 2690 quidem

409 2718 845 2799 capientes
937 2715 1162 2797 (quum
1255 2717 1533 2780 maxime
1615 2716 1792 2780 credi
1869 2716 2123 2799 posset)
2203 2715 2716 2796 substitisse3

412 2822 647 2886 deinde
715 2823 916 2887 nimia
982 2824 1123 2887 haec
1191 2830 1292 2887 est
1355 2823 1692 2888 festinatio
1758 2845 2105 2906 rerumque
2172 2830 2426 2887 naturae
2483 2844 2717 2906 repug-

411 2950 610 3008 nans,
681 2931 939 2995 etiamsi
999 2930 1237 2995 milites
1296 2932 1451 2995 solis
1513 2931 1718 2994 aridis
1766 2929 1929 2993 cibis
1975 2930 2210 2993 famem
2259 2930 2551 3012 explesse
2596 2953 2716 3013 pu-

409 3040 647 3114 temuS,
717 3044 789 3101 ut
854 3043 1032 3101 totos
1104 3037 1245 3102 dies
1313 3060 1444 3102 non
1515 3037 1886 3101 intermisso
1958 3038 2191 3101 itinere
2261 3037 2474 3100 ierint.
2588 3038 2715 3100 Ro-

413 3162 754 3207 manorum
815 3145 1076 3226 quidem
1135 3145 1283 3228 puls
1343 3166 1554 3228 neque
1611 3145 1833 3227 parari
1891 3166 2100 3226 neque
2160 3144 2266 3208 edi
2313 3143 2437 3207 nisi
2484 3144 2716 3208 itinere

413 3247 784 3331 interrupto
831 3258 1110 3333 poterat.
1223 3253 1456 3334 Itaque
1512 3252 1670 3315 mihi
1716 3251 1984 3315 dubium
2029 3272 2161 3315 non
2205 3251 2492 3330 videtur,
2559 3252 2717 3334 quin

412 3354 631 3419 Livius
679 3357 1044 3439 scripserit:
1093 3359 1296 3423 nihil
1345 3361 1642 3423 morari
1688 3379 1829 3422 nec
1876 3359 1972 3422 ab
2021 3359 2273 3441 signis
2319 3359 2719 3421 discedere

409 3484 555 3526 nec
600 3464 1066 3529 subsistere
1114 3466 1271 3528 nisi
1319 3466 1582 3530 cibum
1631 3467 2078 3548 capientes,

588 3568 870 3654 Cap.47,
915 3578 1008 3651 11,
1045 3573 1157 3636 ubi
1205 3573 1447 3637 editur:
1489 3573 1887 3649 Quantum
1935 3594 2146 3637 mare
2193 3573 2719 3654 abscedebat,

409 3676 829 3742 scribendum
875 3688 1067 3762 puto:
1118 3688 1508 3762 quantum
1553 3700 1588 3740 a
1635 3682 1834 3743 mari
1881 3680 2398 3745 abscedebat.
2490 3682 2719 3765 Inepte

473 3929 518 3996 ¹)
558 3930 614 3981 Β.
654 3930 792 3983 Gall.
828 3932 905 3999 V,
958 3935 1044 3985 17:
1099 3939 1390 4002 repente
1435 3933 1736 3999 (Britanni)
1786 3950 1862 3985 ex
1909 3936 2222 3988 omnibus
2268 3936 2595 4003 partibus
2642 3935 2719 3988 ad

551 4015 1011 4082 pabulatores
1041 4017 1584 4085 advolaverunt,
1632 4020 1732 4071 sic
1781 4020 1883 4071 uti
1922 4020 2000 4072 ab
2038 4019 2254 4089 signis
2291 4020 2721 4088 legionibus·

553 4116 677 4167 que
738 4117 870 4153 non
935 4101 1388 4155 absisterent.
1487 4101 1614 4155 Non
1680 4107 1871 4170 potest
1923 4103 1993 4157 de
2047 4104 2385 4158 discedendo
2440 4106 2719 4172 intellegi3

550 4201 730 4261 neque
775 4186 925 4239 enim
975 4186 1046 4239 ad
1083 4187 1245 4254 signa
1280 4187 1643 4255 legionesque
1680 4186 1917 4241 fuerant.
1999 4188 2235 4243 Videtur
2273 4189 2605 4258 significari,
2652 4207 2722 4243 ne

552 4269 623 4322 ab
672 4270 847 4338 signis
894 4271 1120 4339 quidem
1169 4277 1226 4324 et
1269 4272 1589 4340 legionibus
1629 4271 1819 4325 Gallos
1866 4274 2218 4328 abstinuisse.
2302 4275 2484 4327 Debet
2520 4275 2720 4327 saltem

550 4355 718 4408 verti:
775 4356 896 4410 sich
940 4355 1098 4409 nicht
1142 4355 1266 4409 fern
1309 4356 1533 4411 hielten.
1609 4357 1815 4410 Fuitne
1853 4359 2328 4413 abstinerent?
2404 4357 2613 4425 [Etiam
2651 4359 2721 4412 de

551 4438 715 4508 Verg.
752 4440 881 4494 AEn.
919 4440 1047 4506 XII,
1090 4444 1187 4493 102
1225 4458 1336 4495 non
1373 4442 1492 4494 sine
1530 4460 1700 4496 causa
1736 4442 1961 4497 dubitat
1994 4443 2376 4511 Ribbeekius]

2198 4548 2264 4599 20
