3230 5282
1570 588 1693 649 377
2423 602 2546 658 Lib.
2583 602 2785 657 XXVI.

467 773 801 858 legendi
857 772 1325 852 dedissent,
1390 772 1461 835 ci
1519 772 1669 855 (pro
1715 772 1821 855 et)
1878 774 2005 837 ius
2062 773 2790 840 liberum-eosdem

472 882 799 949 dedisse
846 881 1053 947 deos.
1123 878 1323 963 (§13:
1370 879 1456 943 Μ.
1503 879 1973 945 Marcellum
2022 879 2659 947 Claudium—et
2700 882 2789 947 M.

469 990 889 1055 Valerium
957 988 1343 1053 absentes
1415 987 1801 1052 consules
1859 986 2259 1053 dixerunt.
2374 987 2665 1054 offendit
2723 997 2794 1055 et

469 1098 886 1180 inaequalitas
931 1098 1001 1161 in
1044 1095 1422 1162 nominibus
1468 1094 1790 1179 ponendis
1840 1100 1910 1159 et
1940 1116 2184 1179 pravus
2221 1097 2289 1161 in
2323 1096 2636 1163 Marcello
2671 1120 2792 1164 no-

469 1208 716 1271 minum
770 1205 953 1270 ordo.
1045 1203 1261 1281 Quum
1305 1203 1529 1267 Livius
1588 1209 1941 1285 utrumque
1997 1203 2334 1268 consulem
2389 1206 2790 1288 praenomine

474 1319 542 1378 et
618 1313 882 1378 nomine
953 1311 1357 1395 appellasset
1413 1309 1526 1390 (M.
1586 1309 1934 1374 Claudium
2002 1316 2072 1376 et
2128 1311 2213 1375 Μ.
2273 1311 2665 1392 Valerium),
2722 1314 2791 1377 in

473 1421 684 1486 altero
743 1419 1154 1502 adscriptum
1214 1424 1318 1483 est
1375 1438 1415 1482 a
1470 1418 1718 1482 lectore
1774 1416 1995 1502 aliquo
2042 1423 2109 1483 et
2152 1439 2355 1501 pravo
2399 1419 2544 1484 loco
2589 1421 2792 1485 inter-

472 1528 765 1613 positum
816 1547 1211 1609 cognomen,
1274 1546 1405 1607 quo
1464 1526 1532 1588 in
1577 1524 1912 1591 narrando
1959 1525 2283 1610 appellari
2330 1526 2517 1592 solet.
2604 1531 2786 1592 1863.

474 1634 915 1701 Conferantur
978 1656 1186 1713 nunc,
1247 1654 1394 1718 quae
1473 1632 1838 1717 Lahmeyer
1905 1635 2210 1718 exposuit
2276 1634 2598 1717 Philolog.
2668 1634 2790 1700 vol.

472 1742 658 1808 XXII
704 1765 767 1827 p.
815 1746 940 1806 469
993 1740 1242 1825 sqq.)¹)

645 1850 801 1933 Cap.
863 1854 976 1925 25,
1047 1855 1119 1913 4:
1209 1848 1355 1913 His
1432 1850 1744 1932 raptim
1810 1849 2022 1913 actis
2089 1848 2493 1932 (Philippus)
2559 1884 2646 1894 —
2712 1851 2791 1914 in

473 1957 992 2024 Thessaliam
1053 1955 1517 2035 descendit3
1579 1956 1679 2021 ad
1726 1955 2025 2020 bellum
2073 1976 2339 2021 secum
2382 1991 2469 2001 ——
2514 1976 2814 2039 capesr

388 2084 391 2085 ’
475 2066 806 2132 sendum
872 2064 1218 2129 incitari
1286 2084 1522 2147 posse
1590 2063 1954 2129 homines
2024 2062 2450 2143 credebat3
2532 2071 2612 2129 et
2668 2084 2792 2128 re-

469 2174 684 2240 licto
743 2172 840 2238 ad
894 2173 1178 2237 fauces
1235 2171 1684 2237 Thessaliae
1743 2171 2036 2237 Perseo
2080 2207 2167 2217 —-
2202 2173 2383 2255 ipse
2418 2206 2504 2217 —
2540 2170 2787 2237 duxit.

471 2282 704 2364 Neque
759 2281 1112 2345 interiecta
1167 2278 1264 2344 si‘c
1321 2280 1461 2345 sine
1516 2280 1852 2363 particula
1905 2279 2023 2344 illa
2079 2281 2410 2345 sententia
2467 2278 2562 2343 ad
2620 2279 2791 2344 bel·

473 2388 635 2453 lum
690 2396 814 2453 cet.
860 2388 1019 2453 ferri
1064 2394 1317 2470 potest,
1385 2389 1650 2453 etiamsi
1707 2387 2122 2470 parenthesis
2168 2389 2373 2471 signis
2422 2387 2792 2467 claudatur,

474 2517 690 2580 neque
759 2503 838 2559 et
904 2496 1205 2561 relicto
1272 2516 1314 2559 a
1379 2495 1831 2578 superioribus
1898 2496 2216 2561 avulsum.
2327 2496 2407 2560 P:
2457 2496 2792 2561 descen-

532 2750 578 2816 ¹)
614 2749 878 2805 Proxime
918 2748 973 2818 (§
1009 2750 1081 2816 8),
1117 2750 1215 2804 ubi
1248 2751 1318 2804 in⁴
1345 2750 1389 2803 P
1427 2756 1536 2805 est:
1574 2752 1875 2806 asserint
1909 2767 2126 2819 prope
2161 2738 2430 2804 mBenia
2465 2751 2791 2818 Romana,

612 2852 811 2890 verum
855 2853 970 2889 non
1015 2840 1104 2889 est
1151 2836 1474 2890 arserint.
1562 2836 1710 2891 Urbs
1759 2835 1957 2890 ardere
1999 2839 2193 2903 potest
2239 2835 2510 2901 tumultu,
2565 2837 2790 2888 moenia

613 2938 729 2974 non
763 2926 1028 2989 possunt3
1082 2915 1298 2989 prope
1348 2921 1593 2975 ardere
1640 2920 1942 2974 tumultu
1987 2919 2126 2973 nihil
2160 2925 2377 2988 potest3
2432 2937 2562 2972 nam
2598 2920 2787 2989 imago

613 3006 836 3059 tollitur
899 3005 1094 3059 addito
1140 3022 1373 3074 prope.
1465 3005 1697 3060 Fuitne:
1753 3006 1920 3073 quoi
1965 3004 2087 3074 (pro
2141 3003 2293 3071 quo)
2329 3032 2398 3042 -
2434 3005 2793 3059 cesserint

614 3108 836 3160 prope
872 3090 1501 3144 moeniaRomana?
1541 3089 1884 3159 [Ussingiusz
1925 3106 2174 3157 quassa
2210 3089 2379 3156 sint3
2423 3088 2790 3159 Doeringius:

614 3165 963 3230 concussa
1008 3173 1192 3243 sint.]
1265 3175 1416 3244 (Cap.
1455 3178 1539 3242 24,
1575 3177 1624 3229 6.
1698 3176 1765 3229 In
1798 3175 1886 3229 his
1923 3174 2136 3228 verbis:
2180 3175 2684 3228 restituturum
2722 3193 2791 3229 se

619 3262 690 3315 in
736 3261 1092 3328 antiquam
1137 3259 1508 3314 formulam
1554 3261 1867 3329 iurisque
1913 3276 1989 3313 ac
2026 3259 2329 3314 dicionis
2365 3276 2599 3313 eorum
2635 3277 2789 3330 mag-

613 3363 742 3401 nam
788 3346 1002 3400 habent
1046 3345 1459 3400 dubitationem
1502 3345 1802 3416 particuloe
1848 3362 1976 3413 que
2020 3373 2086 3382 —
2123 3361 2198 3400 ac
2244 3345 2354 3399 hoc
2402 3362 2513 3399 uno
2558 3345 2684 3399 loco
2734 3351 2792 3400 et

612 3433 831 3486 duobus
876 3437 1150 3500 praeterea
1195 3430 1362 3498 (infra
1405 3448 1451 3485 c.
1490 3434 1583 3499 61,
1629 3433 1664 3485 8
1699 3436 1758 3485 et
1794 3430 2065 3498 XXXIII,
2118 3433 2207 3498 19,
2259 3429 2344 3497 11)
2382 3430 2530 3499 apud
2565 3430 2790 3485 Livium

614 3518 694 3571 sic
740 3517 1058 3572 coniunctae
1103 3535 1208 3586 pro
1257 3522 1323 3570 et
1357 3545 1426 3556 —
1461 3522 1555 3583 et,
1610 3534 1723 3585 qua
1767 3517 2170 3572 coniunctione
2216 3516 2521 3585 superioris
2567 3533 2790 3585 quoque

612 3603 798 3656 aetatis
836 3603 1142 3670 scriptores
1179 3603 1493 3668 abstinent,
1548 3619 1720 3670 quum
1765 3603 2079 3671 praesertim
2114 3601 2270 3655 nulla
2307 3602 2381 3655 sit
2415 3618 2586 3655 causa
2623 3602 2789 3656 unius

611 3688 862 3741 notionis
900 3687 1095 3755 (iuris
1132 3692 1197 3741 et
1234 3687 1556 3755 dicionis)
1594 3688 1676 3741 sic
1713 3687 2109 3754 distrahendas,
2156 3702 2334 3755 neque
2370 3693 2523 3743 recte
2560 3704 2791 3742 eorum

613 3773 884 3843 coniungi
928 3772 1190 3827 videatur
1237 3790 1363 3828 cum
1408 3773 1651 3827 formula
1693 3774 1873 3827 iuris
1916 3789 1994 3827 ac
2031 3772 2354 3827 dicionis.
2444 3771 2531 3827 Ne
2568 3772 2791 3827 Curtius

613 3858 838 3925 quidem
885 3862 986 3911 aut
1019 3857 1273 3925 Tacitus,
1319 3859 1368 3912 si
1414 3859 1648 3912 dubium
1683 3858 1980 3913 Annalium
2028 3858 2215 3913 locum
2260 3857 2371 3925 IV,
2420 3859 2489 3911 34
2525 3858 2789 3926 excipias,

614 3959 740 4010 que
793 3971 862 3982 —
908 3960 981 3997 ac
1036 3944 1117 3997 sic
1171 3950 1503 4012 posuerunt,
1558 3945 1670 3998 nisi
1722 3944 1820 3997 ubi
1875 3960 2002 4011 que
2053 3943 2376 4012 pronomini
2429 3943 2790 4011 subiungitur

614 4029 841 4096 (seque
886 4045 962 4081 ac
1000 4027 1314 4094 liberos),
1371 4029 1842 4096 quemadmodum
1887 4027 1984 4081 alii
2031 4044 2242 4096 seque
2291 4033 2360 4083 et
2407 4027 2672 4082 liberos
2711 4027 2791 4081 di·

615 4118 768 4168 cunt.
849 4113 1041 4168 Poetae
1078 4113 1262 4181 (Verg.
1303 4110 1503 4182 Georg.
1540 4112 1654 4181 III,
1690 4116 1795 4168 434
1830 4118 1889 4167 et
1924 4112 2083 4168 ovid.
2123 4114 2352 4168 Metam.
2388 4112 2487 4179 IV,
2522 4113 2651 4178 429)
2689 4129 2790 4166 sua

612 4200 875 4253 libertate
928 4204 1181 4253 utuntur.
1280 4197 1409 4252 Non
1471 4199 1651 4253 audeo
1715 4203 1907 4253 tamen
1967 4200 2201 4255 verbum
2266 4198 2499 4266 addere,
2565 4202 2631 4251 ut
2686 4198 2784 4252 sit:

613 4286 928 4353 iurisque
965 4300 1041 4337 ac
1081 4282 1385 4336 dicionis
1423 4300 1651 4338 eorum
1686 4284 2049 4338 facturum.
2115 4285 2284 4352 (Suet.
2323 4283 2549 4352 Vespas.
2593 4285 2679 4336 12:
2717 4311 2790 4320 —

611 4388 829 4438 neque
876 4357 1357 4423 dissi‘mulavit
1401 4386 1694 4437 unquam
1742 4386 1819 4423 ac
1867 4368 2279 4438 frequenter
2325 4386 2461 4437 prae
2510 4384 2580 4421 se
2615 4368 2789 4421 tulit

612 4473 718 4524 pro
756 4472 841 4523 eo,
878 4454 1032 4523 quod
1069 4453 1202 4507 alibi
1238 4453 1503 4507 scribitur
1537 4470 1758 4521 neque
1792 4481 1861 4493 —
1898 4454 2008 4522 et.)
2085 4457 2216 4510 1862
2252 4459 2310 4509 et
2350 4453 2519 4519 1876.)

1312 4707 1481 4842 f
1763 4747 2004 4822 ³¹-

968 4919 1271 5160 Γ
2225 5057 2694 5176 »-
