3230 5282
625 637 632 642 .
666 590 789 645 Lib.
825 589 992 645 XLV.
1756 579 1879 640 ’726

663 762 1002 848 plissimus
1047 762 1243 830 homo
1291 769 1634 846 tamquam
1692 761 1920 828 rhetor
1978 763 2322 829 Graeculus
2391 763 2773 849 copiosus
2840 743 2979 827 vir³

664 870 1067 955 appellatum
1133 871 1356 936 Livius
1415 861 1805 954 scripserat:
1864 872 2204 952 copiose,
2250 893 2416 958 quae
2465 872 2789 950 dixerit,
2836 891 2968 936 re-

662 978 1023 1045 ferendO.
1117 978 1244 1045 Sed
1313 980 1666 1044 admodum
1721 1001 1981 1059 vereor,
2050 1003 2131 1046 ne
2192 980 2372 1047 aliud
2414 988 2737 1065 praeterea
2780 1001 2970 1045 men-

665 1086 819 1151 dum
867 1087 1098 1152 subsit.
1187 1088 1357 1153 Nam
1422 1109 1634 1172 neque
1704 1088 2225 1169 simulacrum
2276 1090 2430 1155 viri
2489 1089 2584 1155 sic
2628 1108 2749 1172 pro
2795 1089 2967 1153 ima-

664 1196 812 1279 gine
859 1202 925 1262 et
967 1195 1180 1261 forma
1222 1197 1470 1279 ingenii
1517 1202 1584 1261 et
1629 1198 1827 1263 animi
1875 1218 2153 1281 usquam
2191 1197 2348 1262 alibi
2387 1198 2626 1263 dicitur
2669 1217 2789 1262 nec
2840 1196 2973 1261 hac

663 1325 798 1370 una
863 1306 1161 1371 oratione
1225 1302 1570 1370 referenda
1636 1305 1857 1370 Livius
1937 1306 2463 1372 simulacrum
2529 1305 2683 1370 viri
2746 1307 2971 1388 magis

661 1415 1026 1480 inserturus
1072 1420 1248 1493 erat,
1297 1434 1496 1497 quam
1550 1413 1697 1493 illa,
1766 1434 1964 1498 quam
2019 1436 2059 1479 a
2105 1411 2351 1480 Catone
2397 1435 2516 1498 pro
2561 1415 2703 1497 lege
2749 1412 2974 1499 Oppia

565 1525 572 1530 ’
661 1521 963 1588 habitam
1006 1520 1214 1588 refert
1256 1523 1446 1587 initio
1504 1521 1659 1587 libri
1703 1520 1996 1603 XXXIV,
2053 1544 2207 1603 nec,
2264 1544 2380 1587 cur
2436 1523 2534 1601 id,
2605 1524 2658 1587 si
2714 1531 2970 1606 posset,

662 1652 793 1697 non
837 1629 1104 1709 faceret,
1153 1650 1355 1695 causa
1400 1636 1563 1696 erat.
1634 1629 1709 1695 In
1756 1631 1979 1696 codice
2025 1630 2365 1697 scribitur:
2414 1633 2764 1697 inseram
2810 1653 2973 1697 non

664 1739 901 1805 simul
964 1739 1146 1804 viri.
1237 1738 1838 1822 Transpositionem
1906 1740 2053 1823 (pro
2108 1740 2279 1804 Non
2346 1739 2731 1822 inseram)
2789 1761 2830 1805 a
2893 1739 2974 1804 li-

661 1848 902 1927 brariO,
947 1854 1023 1913 ut
1068 1868 1239 1932 saepe
1286 1847 1438 1929 (vid.
1489 1848 1574 1912 ad
1635 1869 1687 1912 c.
1740 1851 1793 1926 3,
1845 1846 1933 1929 6),
1979 1848 2227 1913 factam
2281 1862 2413 1913 non
2471 1870 2665 1926 curo:
2734 1849 2972 1914 simu·

663 1957 867 2022 lacri
912 1978 1148 2023 nomen
1193 1956 1626 2039 probabiliter
1668 1958 2049 2022 restitutum
2096 1962 2288 2040 puto,
2359 1956 2472 2022 sed
2520 1957 2975 2022 scribendum:

662 2064 831 2131 Non
877 2066 1226 2131 inseram
1272 2065 1800 2131 simulacrum
1858 2064 2048 2141 veri,
2106 2067 2436 2149 copiose
2483 2072 2605 2130 cet.
2699 2064 2971 2147 [Vahle-

661 2174 811 2238 nius
855 2174 1074 2258 ipsum
1123 2174 1642 2240 simulacrum
1686 2175 1751 2237 in
1808 2173 1947 2239 cod.
1998 2194 2139 2239 esse
2186 2171 2534 2257 adfirmat]
2624 2175 2845 2259 Negat
2906 2195 2973 2239 se

662 2281 882 2347 Livius
928 2281 1386 2348 adumbratam
1453 2282 1894 2347 imitationem
1939 2282 2485 2367 compositurum,
2556 2302 2759 2365 quum
2821 2283 2973 2366 ipsa

663 2411 816 2454 vera
861 2392 1074 2455 oratio
1123 2396 1356 2456 exstet.
1449 2390 1749 2470 (Poterat
1816 2391 2017 2455 etiam
2079 2390 2308 2456 scribi:
2376 2389 2548 2455 Non
2615 2391 2974 2456 inseram

664 2497 967 2563 similia
1010 2499 1256 2578 veris,
1315 2497 1429 2563 sed
1487 2497 1771 2563 alterum
1818 2501 2145 2583 praestat.)
2237 2498 2368 2583 [Ad
2413 2499 2809 2564 sententiam
2856 2498 2968 2564 cfr.

664 2607 818 2671 Tac.
865 2606 1031 2672 Anu.
1078 2606 1213 2687 XV,
1261 2610 1340 2671 63
1388 2606 1580 2690 εχιτ]
1651 2607 1858 2675 Paulo
1904 2615 2059 2692 post
2106 2607 2137 2691 ἓ
2178 2613 2214 2673 6
2260 2628 2476 2693 prave,
2524 2605 2700 2692 quod
2747 2608 2818 2672 in
2865 2628 2972 2673 co·

667 2714 808 2781 dice
857 2717 1170 2800 scriptum
1218 2722 1317 2781 est
1378 2716 1809 2798 (deducere
1884 2753 1956 2762 —
2021 2719 2443 2782 iusserunt
2484 2714 2972 2801 praefectos),

663 2825 1070 2891 recentiores
1136 2830 1428 2903 mutant,
1508 2823 1737 2890 addito
1815 2825 2218 2908 praesidia.
2310 2824 2550 2891 Rhodii
2621 2823 2970 2908 praefectos

666 2933 943 3017 singulis
991 2933 1202 2999 Cariae
1247 2932 1590 3017 Lyciaeque
1650 2933 1911 3018 oppidis
1971 2934 2457 3017 imposuerant:
2526 2954 2638 2998 eos
2708 2932 2973 2998 domum

665 3063 976 3108 revocare
1022 3043 1189 3107 iussi
1236 3049 1390 3107 sunt
1435 3041 1609 3123 (oum
1656 3041 2017 3124 praesidiiS,
2079 3044 2131 3107 si
2189 3063 2321 3124 qua
2364 3042 2602 3121 erant).
2693 3039 2971 3105 Romani

666 3150 961 3216 Rhodios
1012 3150 1401 3231 (universos)
1446 3149 1665 3214 facere
1714 3149 1964 3232 aliquid
2009 3150 2232 3215 iubere
2272 3156 2596 3234 poterant,
2640 3169 2773 3213 non
2810 3169 2970 3233 pree·

665 3258 873 3325 fect-os
921 3258 1349 3325 Rhodiorum.
1440 3257 1566 3324 Sed
1636 3257 1866 3323 eodem
1932 3257 2079 3326 loco
2138 3257 2314 3342 quod
2373 3256 2721 3323 scribitur:
2794 3257 2969 3322 Haec

665 3367 1029 3433 Rhodum
1073 3368 1482 3446 nuntiata3
1532 3388 1696 3450 quae
1742 3388 1879 3451 per
1925 3388 2006 3432 se
2042 3367 2332 3432 tristia
2367 3366 2743 3443 fuissent,
2782 3365 2967 3448 quia

549 3458 554 3461 v
668 3477 1005 3541 maioris
1071 3474 1257 3540 mali
1325 3475 1646 3540 levatus
1716 3481 1894 3540 erat
1938 3476 2214 3551 timor,
2275 3477 2351 3540 in
2419 3472 2807 3558 gaudium
2862 3492 2966 3537 re·

667 3584 1064 3649 nuntiata
1108 3590 1559 3661 verterunt,
1608 3582 1840 3648 turbat
1886 3584 2286 3648 sententiam
2334 3582 2825 3646 renuntiata
2880 3581 2965 3645 sic

667 3693 1152 3775 interpositum,
1221 3693 1412 3773 quasi
1482 3693 1886 3757 contrarium
1933 3694 2016 3758 sit
2060 3690 2273 3755 verbis
2328 3711 2471 3774 per
2526 3710 2605 3754 se
2653 3699 2720 3754 et
2766 3688 2968 3771 quasi,

669 3820 816 3883 quae
861 3807 1012 3865 ante
1058 3801 1612 3865 renuntiationem
1656 3781 1879 3865 tristia
1920 3798 2181 3877 fuerint,
2227 3820 2308 3863 ea
2343 3805 2498 3882 post
2539 3798 2966 3862 renuntiatio-

667 3929 816 3975 nem
860 3909 926 3972 in
984 3907 1296 3991 gaudium
1352 3908 1687 3974 verterint.
1778 3907 1888 3972 Bis
1957 3908 2272 3991 scriptum
2341 3913 2459 3986 est,
2529 3906 2702 3990 quod
2773 3902 2964 3971 semel

666 4017 864 4083 scribi
911 4016 1170 4097 debuit,
1219 4023 1336 4081 aut
1389 4017 1781 4081 nuntiata
1848 4024 1967 4082 aut
2033 4018 2251 4101 potius
2302 4014 2395 4097 (in
2463 4037 2594 4100 quo
2655 4014 2962 4079 librarius

668 4148 957 4192 errorem
1024 4124 1332 4205 correxit)
1401 4126 1909 4206 renuntiata,
1979 4147 2111 4208 qua
2176 4125 2613 4210 geminatione
2684 4122 2960 4197 sublata,

669 4233 763 4299 sic
809 4234 1115 4299 decurret
1163 4233 1406 4299 oratio:
1453 4231 1636 4297 Haec
1671 4232 2035 4299 Rhodum
2069 4235 2564 4309 renuntiata,
2612 4252 2780 4314 quae
2826 4248 2962 4314 per

498 4354 639 4425 (605)
679 4363 760 4408 se
796 4343 1078 4407 tristia
1109 4339 1483 4420 fuissent,
1517 4341 1697 4403 —in
1734 4340 2114 4420 gaudium
2148 4347 2581 4406 verterunt.
2632 4338 2769 4423 [Sic
2795 4338 2960 4403 Heu·

669 4447 934 4534 singen]
1003 4449 1169 4514 Tum
1211 4448 1242 4533 ἓ
1280 4454 1337 4529 7,
1372 4448 1485 4514 ubi
1521 4448 1767 4513 editur:
1818 4450 2069 4514 maior
2113 4447 2479 4532 repulsis
2525 4446 2962 4531 ignominia
