3230 5282
523 590 646 645 Lib.
682 588 938 644 XXXIII.
1614 574 1739 634 486

525 762 771 845 ipsum,
827 761 1124 842 raptim
1167 779 1457 841 capere
1505 778 1727 821 arma
1771 758 2018 821 iussis
2064 755 2468 822 militibus
2515 756 2832 837 (dimidiae

525 868 701 932 illius
769 868 1011 950 partis,
1097 886 1240 948 quae
1319 867 1387 929 in
1466 866 1700 931 castris
1776 866 2242 945 remanserat),
2321 862 2831 946 infrequenti

526 976 841 1056 agmine
888 980 1128 1056 porta
1174 973 1964 1054 egressum—aciem
2009 973 2534 1037 instruxisse.
2594 972 2831 1055 Itaque

526 1082 887 1164 depravata
952 1081 1089 1146 haec
1158 1101 1301 1145 esse
1370 1087 1647 1143 constat.
1775 1079 1851 1143 Id
1931 1078 2180 1143 factum
2218 1123 2221 1128 »
2260 1088 2361 1145 est
2429 1101 2630 1162 quum
2699 1080 2830 1145 alio

526 1191 778 1254 minore
848 1209 1104 1266 errore,
1185 1195 1325 1252 tum
1408 1188 1849 1269 geminatione
1930 1187 2212 1270 quadam
2293 1195 2360 1252 et
2437 1187 2831 1269 repetitione

529 1296 805 1361 duarum
864 1317 1114 1361 vocum.
1229 1294 1451 1358 Livius
1524 1295 1695 1358 enim
1753 1297 1847 1359 sic
1905 1295 2291 1377 scripserat:
2360 1294 2483 1359 Ibi
2542 1290 2831 1374 pai-'te-

528 1404 931 1466 ‹ll-{diam
1000 1404 1449 1480 exercitus,
1521 1401 1837 1464 divisam
1908 1388 2348 1480 tri-fariam,
2419 1409 2496 1465 et
2563 1423 2831 1466 omnes

527 1513 845 1594 equites
930 1512 1397 1575 discurrere
1464 1544 1551 1553 —
1615 1509 1870 1573 iubet.
1994 1509 2374 1590 (Dimidiam
2444 1517 2697 1592 partem
2754 1510 2833 1581 ,in

527 1620 764 1685 castris
824 1619 1216 1683 remansisse
1276 1638 1395 1699 per
1439 1638 1507 1680 se
1554 1617 1878 1700 apparet.)
1980 1618 2110 1681 Aut
2167 1639 2244 1681 ex
2304 1617 2442 1682 solo
2506 1617 2833 1682 scribendi

529 1748 750 1792 errore
812 1726 1255 1808 (dimissam
1322 1746 1439 1807 pro
1509 1723 1885 1805 diuisam)
1943 1733 2171 1789 natum
2238 1734 2335 1790 est
2391 1727 2649 1790 initium
2708 1725 2832 1789 loci

528 1833 989 1916 corrumpendi
1055 1838 1172 1896 aut
1232 1831 1408 1914 quod
1467 1832 1779 1896 distincte
1838 1832 1916 1896 de
1974 1839 2257 1914 utraque
2315 1833 2589 1897 dimidia
2644 1840 2832 1915 parte

529 1942 658 2007 dici
723 1941 1033 2005 librarius
1101 1940 1338 2021 aliquis
1406 1938 1631 2003 voluit.
1755 1938 2058 2003 Ceterum
2125 1961 2326 2024 prope
2397 1949 2647 2005 certum
2713 1947 2833 2019 est,

525 2050 780 2114 Livium
835 2050 903 2113 in
959 2048 1085 2112 hac
1131 2047 1623 2111 enumeratione
1671 2047 1870 2110 trium
1915 2068 2219 2128 agrorum
2265 2070 2396 2113 non
2428 2041 2836 2130 ¹elegantiam

527 2156 1153 2238 inelegantissimam
1219 2160 1521 2236 captasse
1591 2175 1671 2217 ex
1728 2154 2044 2217 varianda
2100 2154 2226 2218 hoc
2283 2156 2476 2220 modo
2535 2157 2834 2220 oratione

529 2262 624 2344 (in
699 2262 1072 2326 nominibus
1140 2281 1409 2344 prorsus
1482 2260 1775 2324 eiusdem
1833 2263 2149 2343 generis):
2218 2261 2831 2326 Pellenensium

530 2370 1156 2451 Sicyoniumque
1224 2388 1466 2449 agros
1537 2375 1612 2431 et
1669 2351 2143 2447 Phliasium,
2213 2370 2329 2433 sed
2390 2374 2507 2432 aut
2562 2368 2835 2433 Pelle·

529 2497 854 2541 nensem
921 2476 1290 2557 scripsisse,
1368 2481 1445 2538 ut
1509 2474 1638 2538 Iac.
1703 2475 2073 2540 Gronovius
2141 2477 2339 2541 scribi
2405 2476 2637 2554 voluit,
2718 2482 2834 2540 aut

530 2583 1261 2667 Sicyoniorumque
1306 2617 1393 2626 —
1439 2588 1516 2647 et
1561 2581 2195 2663 Phliasiorum.¹)

703 2688 858 2774 Cap.
912 2695 1017 2770 18,
1077 2695 1145 2753 7:
1219 2673 1603 2754 Omnibus
1662 2713 1750 2753 cx
1807 2691 2216 2773 praesidiis
2273 2728 2352 2736 —
2405 2692 2831 2756 devocatis

531 2805 610 2864 et
667 2798 762 2863 ab
822 2800 1005 2883 ipsa
1049 2797 1577 2862 Stratonicea
1623 2797 2196 2862 Thessalorum
2253 2799 2829 2863 auxiliaribus.

528 2906 737 2971 Nimis
794 2906 968 2970 nude
1029 2926 1298 2969 omnes
1344 2904 1653 2969 dicuntur
1698 2906 2135 2988 contrariique
2181 2912 2512 2989 ponuntur
2557 2904 2833 2970 auxilia·

529 3013 729 3079 ribus.
848 3012 999 3077 Sine
1060 3011 1261 3078 dubio
1320 3012 1767 3077 scribendum:
1837 3013 2206 3077 omnibus
2268 3012 2704 3097 praesidiis,
2762 3018 2836 3076 ut

528 3120 818 3202 undique
864 3128 1007 3185 tota
1051 3120 1358 3203 praesidia
1403 3119 1723 3184 devocata
1766 3119 2254 3201 intellegantur.
2326 3119 2571 3201 (1863.)
2639 3118 2672 3201 ἓ
2725 3123 2832 3182 16:

527 3228 682 3292 Diu
729 3249 1029 3310 anceps
1075 3248 1337 3311 pugna
1381 3227 1622 3292 stetit
1666 3227 2097 3308 (Rhodiorum
2142 3233 2210 3292 et
2252 3228 2641 3292 Achaeorum
2688 3247 2834 3290 cum

527 3334 1002 3400 Macedonibus
1061 3355 1265 3417 prope
1322 3332 1717 3413 Alabanda).
1833 3334 2181 3399 Numero
2252 3335 2544 3412 Achaei,
2613 3333 2833 3397 mille

361 3453 501 3520 (388)
539 3447 617 3506 et
673 3442 867 3523 ipsi,
937 3442 1584 3523 quadringentos
1653 3440 1832 3505 lo'co
1890 3442 2279 3524 pepulere
2338 3441 2460 3522 (sic
2515 3448 2693 3505 recte
2749 3440 2831 3518 B3

530 3547 920 3630 expulere
965 3548 1062 3627 M,
1132 3548 1365 3613 saltem
1425 3546 1524 3611 ed.
1571 3547 1792 3628 Mog.).
1896 3547 2154 3613 Vitiosa
2209 3550 2424 3614 oratio
2482 3555 2612 3626 est;
2679 3568 2832 3611 nam

531 3662 611 3720 et
655 3656 816 3739 ipsi
863 3654 1221 3738 significat,
1279 3654 1668 3718 Achaeorum
1725 3653 2003 3719 eundem
2049 3655 2249 3719 fuisse
2294 3677 2661 3733 numerum,
2720 3654 2834 3736 qui

531 3763 1059 3828 adversariorum
1126 3761 1422 3844 proxime
1489 3760 1816 3825 indicatus
1887 3762 1992 3824 sit.
2102 3762 2190 3826 At
2245 3783 2454 3844 neque
2515 3762 2835 3846 praecedit

530 3871 823 3954 proxime
870 3869 1398 3934 adversariorum
1433 3870 1689 3931 numeri
1724 3869 1969 3933 mentio
2006 3874 2071 3932 et
2106 3890 2185 3933 ea
2218 3870 2363 3952 ipsa
2397 3890 2595 3934 causa
2632 3869 2834 3933 fuisse

532 3978 805 4057 dicitur,
872 3998 992 4041 cur
1039 3975 1258 4039 Achaei
1313 3975 1674 4054 vincerent,
1746 3976 1921 4058 quod
1977 3976 2103 4058 ipsi
2149 3975 2404 4058 plureS,
2473 3976 2835 4040 adversarii

529 4091 792 4149 tantum
840 4083 951 4149 CD
997 4082 1255 4147 fuerint.
1325 4083 1399 4145 In
1443 4083 1496 4145 B
1544 4083 1886 4148 scribitur:
1933 4081 2192 4147 Achaei
2239 4092 2315 4148 et
2360 4084 2544 4168 ipsi,
2594 4084 2833 4147 omisso

590 4334 709 4403 ης
761 4338 795 4387 7
849 4336 907 4388 in
960 4352 1144 4388 meam
1207 4335 1657 4392 emendationem
1711 4335 1812 4402 (ab
1870 4336 2181 4403 Cleonis,
2250 4334 2453 4405 Opusc.
2498 4335 2664 4418 11·p.
2713 4335 2835 4400 866)

669 4424 869 4487 postea
908 4419 1404 4474 Weissenbornius
1440 4420 1660 4476 incidit.
