3230 5282
1418 633 1540 693 577
2347 642 2471 696 Lib.
2510 645 2627 698 XL.

311 819 582 900 signis
629 818 1161 893 militaribus,
1209 818 1442 900 equis
1490 838 1740 900 prope
1787 815 2007 878 mille
2044 822 2378 880 centum.
2450 816 2637 881 Nul-

322 927 424 990 lis
471 927 773 990 castris
822 948 911 990 eo
961 926 1086 989 die
1149 927 1411 990 victor
1468 925 1891 989 exercitus
1951 924 2266 987 mansit.
2361 924 2637 990 Victo-

321 1037 447 1099 ria
492 1057 646 1099 non
693 1035 865 1098 sine
910 1035 1232 1097 iactura
1279 1034 1629 1097 militum
1677 1033 1869 1109 fuit3
1919 1031 2507 1114 quadringenti
2554 1069 2639 1080 —

319 1143 767 1226 perierunt.
838 1137 1106 1204 Nullis
1144 1143 1448 1206 castris
1487 1161 1810 1205 manere
1848 1139 2427 1204 Drakenborchius
2466 1142 2642 1205 vide-

319 1257 427 1314 tur
463 1251 556 1313 sic
592 1251 911 1332 accipere,
951 1256 1025 1312 ut
1059 1251 1162 1326 sit,
1200 1250 1432 1313 castris
1480 1270 1612 1312 non
1650 1248 1884 1331 positis
1921 1268 2041 1311 nec
2076 1249 2345 1312 munitis
2373 1271 2642 1331 pernoc-

330 1364 503 1436 tare3
550 1379 703 1420 nam
751 1357 1079 1420 Romanos
1127 1378 1339 1438 neque
1384 1358 1450 1419 in
1498 1377 1620 1419 sua
1665 1363 1883 1419 castra
1928 1355 2143 1419 redire
2190 1357 2486 1438 potuisse
2532 1380 2643 1421 ne-

321 1486 444 1545 que
491 1466 557 1527 in
601 1463 889 1527 hostium
935 1485 1218 1538 manere,
1265 1465 1421 1545 quia
1464 1463 1531 1527 hi
1577 1469 1841 1528 tantum
1878 1463 2119 1527 ”variis
2155 1463 2353 1527 locis”
2400 1466 2641 1530 saltum

317 1572 724 1636 Manlianum
782 1571 1160 1639 insederint.
1256 1572 1398 1634 Hoc
1445 1571 1707 1652 quidem
1755 1570 1848 1651 (in
1901 1592 2029 1652 quo
2077 1573 2262 1635 varia
2321 1573 2436 1636 illa
2497 1573 2647 1639 loca

336 1679 501 1744 Livii
548 1680 913 1758 narrationi
960 1680 1098 1761 ipse
1147 1679 1359 1759 addit)
1395 1678 1589 1760 quale
1631 1680 1734 1757 sit,
1782 1689 1912 1741 non
1951 1678 2289 1760 intelleg03
2337 1683 2451 1745 sed
2487 1684 2648 1764 quid

334 1796 497 1866 erat,
545 1808 662 1851 cur
707 1808 839 1849 non
886 1787 1185 1862 Romani,
1233 1786 1536 1850 hostibus
1583 1787 1790 1864 victiS,
1837 1807 2005 1849 nova
2047 1787 2174 1869 ipsi
2211 1796 2431 1853 castra
2475 1791 2648 1856 face-

326 1897 522 1960 rent?
613 1895 764 1959 Sine
821 1895 1056 1958 castris
1115 1894 1376 1974 quidem
1434 1901 1665 1976 aperto
1725 1915 1957 1975 campo
2027 1897 2352 1960 exercitus
2413 1899 2650 1963 Roma-

318 2025 442 2068 nus
496 2005 701 2068 victor
747 2004 856 2065 vix
904 2023 1216 2083 umquam
1262 2008 1521 2065 noctem
1583 2003 1746 2083 egit,
1794 2024 2004 2082 neque
2063 2004 2203 2066 eius
2258 2005 2357 2068 rei
2403 2008 2648 2071 mentio

333 2112 458 2175 hoc
515 2101 657 2175 loco
716 2112 886 2173 inter
941 2108 1235 2172 hostium
1304 2130 1619 2173 caesorum
1682 2117 2164 2191 captorumque
2211 2118 2278 2175 et
2324 2112 2651 2178 Romano-

342 2240 490 2283 rum
557 2220 1055 2282 intersectorum
1123 2205 1861 2300 numerum*interponi
1927 2224 2104 2281 recte
2173 2227 2454 2302 poterat.
2546 2223 2653 2306 Ip-

321 2349 468 2391 sum
516 2334 733 2390 autem
780 2326 948 2409 illud
1015 2326 1277 2388 nullis
1344 2326 1411 2389 in
1471 2325 1683 2388 altera
1740 2325 2002 2389 demum
2059 2326 2345 2390 editione
2405 2328 2651 2395 Frobe-

335 2437 536 2499 niana
580 2440 808 2498 natum
857 2442 983 2514 est;
1054 2434 1423 2516 Moguntini
1468 2434 1815 2498 ediderant
1859 2435 1935 2497 in
1992 2434 2201 2513 illis,
2264 2437 2443 2518 quod
2501 2460 2652 2521 pro-

324 2564 566 2606 nomen
622 2543 912 2619 omnino,
974 2563 1104 2622 quo
1152 2529 1507 2622 referatur,
1553 2563 1683 2605 non
1730 2541 1951 2604 habet.
2043 2541 2338 2624 Apparet
2382 2545 2653 2626 Livium,

337 2652 627 2716 hostium
674 2672 993 2714 caesorum
1040 2659 1510 2733 captorumque
1568 2672 1838 2714 numero
1899 2652 2112 2732 posito
2162 2673 2306 2714 cum
2355 2655 2541 2734 equis
2570 2663 2655 2719 ⁴et

337 2761 544 2841 signis
592 2759 986 2822 militaribus
1034 2759 1391 2836 addidisse,
1428 2759 1763 2821 Romanos
1798 2758 1911 2821 illo
1949 2757 2054 2823 die
2091 2759 2381 2824 hostium
2417 2764 2652 2827 castris

339 2868 684 2944 mansisse,
732 2866 858 2929 hoc
907 2873 1024 2941 est,
1075 2887 1153 2929 ea
1201 2867 1449 2948 cepisse
1497 2873 1562 2929 et
1608 2866 1701 2929 sic
1749 2885 1869 2928 sua
1916 2872 2137 2929 castra
2183 2869 2514 2931 muniendi
2562 2870 2656 2932 la-

344 2975 503 3038 bore
549 2974 798 3038 levatos
846 2996 1024 3051 esse3
1071 2992 1337 3056 prorsus
1387 2974 1558 3036 enim
1605 2973 1885 3036 eundem
1942 2973 2159 3037 locum
2214 2975 2280 3037 in
2326 2978 2653 3040 narratio-

338 3083 442 3146 nis
492 3082 720 3146 ordine
765 3081 904 3144 haec
951 3081 1151 3144 verba
1209 3080 1538 3157 obtinent,
1587 3101 1799 3162 quem,
1847 3085 1921 3142 ut
1966 3079 2090 3144 hoc
2139 3084 2435 3166 exemplo
2481 3091 2652 3162 utar,

349 3191 485 3253 haec
556 3192 620 3253 in
689 3188 858 3252 libro
928 3188 1224 3264 XXXIX,
1275 3192 1375 3266 21,
1436 3191 1504 3251 9:
1576 3187 1661 3251 ad
1729 3187 1877 3250 XII
1922 3188 2187 3251 millia
2254 3190 2655 3255 hominum

331 3319 566 3376 caesa,
615 3298 790 3379 plus
840 3297 994 3361 duo
1042 3303 1285 3378 capta
1345 3303 1422 3359 et
1479 3296 1789 3359 castris
1853 3297 2244 3360 Romanus
2306 3300 2638 3380 potitur.

341 3405 573 3485 Itaque
620 3405 786 3469 latet
833 3405 1116 3486 aliquid,
1179 3426 1308 3486 quo
1356 3403 1643 3467 hostium
1705 3410 1927 3467 castra
1975 3404 2443 3486 significentur.
2491 3406 2657 3472 Mihi

345 3514 608 3594 quidem
687 3512 1036 3596 probabile
1115 3511 1401 3589 videtur,
1483 3512 1737 3575 Livium
1822 3512 2197 3596 scripsisse:
2273 3548 2362 3559 -—
2428 3516 2656 3597 equis

342 3643 596 3705 prope
637 3619 879 3684 mille.
929 3619 1430 3682 Celtiberieis
1468 3619 1773 3682 castris
1821 3640 1906 3682 eo
1955 3620 2085 3684 die
2129 3621 2399 3686 victor
2435 3644 2654 3688 exer-

345 3731 562 3794 citus
608 3730 920 3793 mansit.
1015 3728 1356 3791 Adiectivo
1394 3727 1522 3791 hoc
1569 3724 2179 3808 (Celtibericus)
2227 3728 2450 3795 Livius
2497 3754 2655 3797 usus

348 3844 451 3902 est
485 3837 693 3916 XXII,
732 3842 832 3915 22,
882 3843 940 3916 4,
986 3835 1185 3911 XLII,
1237 3840 1291 3913 3,
1344 3839 1396 3899 1.
1467 3834 1594 3899 Sed
1631 3835 1797 3898 alius
1835 3835 2059 3900 subest
2094 3844 2415 3919 praeterea
2451 3861 2653 3904 error.

339 3943 796 4010 Certissimum
843 3946 1016 4009 enim
1075 3952 1202 4022 est,
1248 3943 1500 4007 Livium
1560 3964 1691 4006 non
1736 3942 1859 4007 hoc
1917 3944 2145 4008 ordine
2192 3945 2392 4010 verba
2447 3948 2645 4012 collo·
2684 3958 2825 4026 (472)

349 4074 566 4118 casse:
616 4053 999 4117 ducentis
1048 4052 1584 4133 septuaginta
1632 4058 1946 4134 septem
1992 4075 2164 4116 cum
2211 4054 2468 4136 signis
2517 4056 2657 4118 mi-

344 4161 777 4239 litaribu3‚
840 4161 1305 4243 praepositione
1352 4179 1624 4222 numero
1672 4161 1859 4239 eique
1916 4160 2282 4226 trimembri
2341 4162 2657 4243 subiecta,

342 4269 779 4347 substantivo,
846 4269 913 4332 in
973 4287 1102 4350 quo
1150 4289 1228 4331 ex
1290 4267 1620 4330 contrarie
1689 4265 1917 4329 relatis
1986 4268 2243 4349 pondus
2314 4277 2412 4334 est
2481 4270 2655 4351 (vivi

342 4378 564 4460 capti
609 4412 696 4421 -—
752 4377 1016 4459 signis
1083 4374 1590 4438 militaribus
1657 4406 1744 4416 —
1809 4376 2093 4457 equis),
2161 4376 2229 4438 in
2290 4383 2655 4441 extremum

340 4483 561 4549 locum
607 4485 872 4564 reiectO,
919 4504 1121 4565 quum
1166 4482 1533 4565 praesertim
1578 4502 1658 4544 ex
1703 4480 1828 4544 hac
1876 4482 2339 4564 collocatione,
2388 4486 2443 4548 si
2479 4492 2652 4550 notae

2126 4601 2195 4653 37
