3230 5282
567 583 689 637 Lib.
730 585 845 637 XL.
1663 575 1784 634 576

564 754 738 820 fecto
786 763 1080 839 tempore
1128 743 1444 838 scriptum
1491 764 1610 834 est,
1660 755 1834 838 quod
1883 755 2305 839 significatur,
2351 755 2542 820 facile
2568 753 2728 820 Iesse
2775 756 2873 818 di-

565 881 711 925 cere
759 884 827 927 se
874 865 1271 946 provinciam
1327 864 1706 929 confecisse.

736 967 893 1052 Cap.
944 975 1041 1049 38,
1090 976 1126 1034 9
1175 970 1282 1051 (de
1328 972 1665 1055 triumpho
1712 972 1781 1035 P.
1821 969 2106 1036 Cornelii
2152 978 2220 1036 et
2255 972 2339 1036 M.
2380 971 2586 1035 Baebii
2634 970 2715 1034 de
2763 970 2868 1034 Li-

563 1075 893 1157 guribus):
944 1077 1039 1142 Hi
1086 1080 1423 1142 omnium
1469 1080 1712 1163 primi
1757 1078 1982 1144 nullo
2034 1078 2248 1143 bello
2297 1085 2526 1161 gesto
2583 1079 2866 1168 trium-

393 1181 940 1265 (4⁷0)pharunt.
1032 1185 1369 1251 Tantum
1417 1186 1697 1251 hostes
1757 1187 1980 1251 ducti
2027 1193 2214 1250 ante
2272 1207 2622 1264 currum,
2683 1186 2867 1266 quia

378 3762 516 3832 (471)

565 1310 708 1353 nec
755 1292 965 1373 quod
1021 1292 1384 1357 ferretur
1441 1315 1698 1378 neque
1766 1294 1980 1377 quod
2038 1294 2493 1380 duceretur
2547 1299 2865 1375 captum

562 1417 821 1479 neque
869 1400 1077 1480 quod
1123 1400 1536 1466 militibus
1584 1402 1950 1481 daretur,
1997 1401 2432 1485 quidquam
2466 1400 2544 1463 in
2589 1401 2863 1463 trium-

563 1503 744 1587 phis
792 1526 1060 1571 eorum
1089 1508 1382 1572 fuerat.
1454 1508 1660 1588 Unde,
1696 1530 1936 1591 quaes0,
1984 1507 2268 1573 hostes
2305 1514 2493 1571 ante
2531 1528 2862 1584 currum,

565 1612 620 1675 si
667 1633 875 1697 neque
924 1613 1168 1678 bellum
1214 1623 1466 1697 gestum
1514 1622 1659 1680 erat
1704 1638 1822 1680 nec
1868 1615 2243 1699 quidquam,
2293 1614 2471 1695 quod
2517 1613 2865 1678 duceretur

564 1722 871 1801 captum?
916 1721 1143 1804 Ipsum
1187 1722 1344 1787 hoc:
1396 1723 1607 1807 quod
1645 1723 2076 1787 duceretur
2114 1729 2430 1806 captum
2476 1723 2569 1786 sic
2604 1722 2860 1798 dicitur,

563 1835 636 1891 ut
680 1835 939 1893 tantum
986 1829 1235 1911 aliquid
1283 1853 1415 1896 non
1461 1832 1636 1913 capti
1685 1830 1949 1894 ductum
1996 1851 2141 1894 esse
2190 1829 2607 1912 significetur.
2677 1828 2862 1891 Tan·

561 1941 721 1998 tum
768 1944 989 2001 autem
1037 1939 1131 2001 sic
1165 1939 1450 2020 ponitur,
1499 1945 1841 2020 tamquam
1886 1938 2113 2001 hostes
2150 1938 2385 2017 exigua
2430 1958 2674 2012 eorum,
2723 1956 2863 2017 quae

561 2050 710 2107 ante
758 2064 1019 2109 currum
1069 2045 1497 2122 ducerentur,
1546 2066 1702 2126 pars
1749 2067 1892 2109 esse
1939 2046 2412 2122 consueverint,
2458 2042 2588 2107 alia
2643 2050 2862 2107 autem

558 2151 810 2214 maiora
852 2158 993 2216 tum
1038 2151 1340 2215 afuerint.
1433 2152 1636 2233 Atqui
1693 2158 1846 2216 ante
1894 2172 2158 2215 currum
2216 2151 2380 2215 nihil
2436 2151 2697 2214 omnino
2746 2150 2861 2213 du·

559 2257 833 2321 cebatur
876 2266 1115 2340 praeter
1159 2258 1384 2323 hostes
1443 2265 1674 2340 captos
1721 2265 1815 2336 et,
1876 2279 2020 2342 quae
2068 2258 2292 2323 deesse
2350 2279 2481 2322 non
2537 2264 2860 2341 poterant,

558 2365 876 2429 victimas.
968 2365 1285 2445 Tenetur,
1334 2367 1593 2447 opinor,
1643 2366 1989 2431 manifesto
2047 2365 2352 2430 mendum
2410 2387 2487 2429 ex
2530 2371 2860 2448 permuta-

559 2472 737 2535 tione
784 2472 1090 2536 similium
1135 2472 1603 2537 vocabulorum
1649 2480 1907 2553 natum,
1968 2472 2203 2538 deinde
2262 2472 2692 2550 occultatum,
2736 2473 2860 2536 nisi

557 2579 623 2641 in
670 2580 811 2661 ipso
859 2580 1082 2645 codice
1127 2578 1195 2644 M
1251 2580 1527 2662 legendo
1585 2579 1681 2661 (in
1728 2602 1856 2664 quo
1915 2601 2045 2645 uno
2102 2582 2430 2665 posterior
2474 2579 2666 2645 huius
2712 2580 2860 2645 libri

558 2708 714 2769 pars
759 2688 912 2752 inde
960 2709 999 2752 a
1045 2708 1186 2772 cap.
1227 2692 1306 2751 37
1351 2689 1518 2753 med.
1569 2697 1832 2754 servata
1877 2690 2005 2768 est)
2054 2709 2093 2753 a
2138 2690 2349 2771 primo
2384 2688 2636 2753 editore
2674 2689 2858 2752 aber-

556 2801 778 2858 ratum
813 2795 1006 2877 est.¹)
1076 2795 1442 2878 Scripserat
1482 2798 1653 2861 enim
1691 2796 1943 2860 Livius:
1980 2802 2292 2860 tantum
2326 2794 2590 2857 hostiae
2626 2797 2857 2857 ductae

557 2908 745 2966 ante
794 2924 1129 2967 currum.
1203 2903 1443 2967 Similis
1489 2903 1802 2987 triumphi
1839 2904 2089 2987 species
2137 2904 2204 2967 in
2240 2902 2386 2966 libr.
2424 2902 2659 2981 XXXI,
2697 2906 2794 2980 49,
2821 2907 2855 2965 3

559 3008 985 3074 describitur:
1056 3010 1331 3096 Neque
1402 3011 1705 3094 captivi
1773 3009 1925 3074 ulli
1982 3015 2174 3074 ante
2244 3030 2560 3074 currum
2609 3010 2852 3088 ducti,

554 3137 809 3199 neque
847 3118 1115 3201 spolia
1150 3118 1506 3201 praelata,
1553 3137 1813 3201 neque
1858 3116 2165 3181 milites
2203 3119 2489 3195 secuti,
2525 3118 2648 3181 nisi
2686 3117 2858 3201 quod

552 3223 646 3287 ibi
691 3224 921 3289 hostiae
968 3247 1096 3289 non
1142 3227 1580 3289 nominantur.
1672 3224 1939 3288 Plenam
2000 3244 2308 3306 pompam
2366 3231 2435 3289 et
2491 3224 2857 3289 hostiarum

551 3337 618 3393 et
682 3331 972 3395 hostium
1041 3338 1338 3397 notatam
1405 3331 1699 3395 videmus
1756 3329 2050 3409 XXXIV,
2111 3334 2210 3409 52,
2258 3336 2293 3395 9
2340 3332 2405 3395 in
2452 3331 2520 3394 T.
2570 3331 2854 3409 Quinctii

547 3436 914 3520 triumpho:
963 3444 1040 3501 et
1071 3436 1363 3502 hostiae
1414 3438 1689 3517 ductae,
1738 3445 1816 3501 et
1861 3444 2053 3502 ante
2100 3459 2421 3503 currum
2457 3438 2696 3503 multi
2731 3460 2854 3503 no·

547 3542 759 3608 biles
807 3545 1114 3627 captivi
1163 3544 1685 3629 obsidesque.
1774 3546 2168 3610 Hostibus
2225 3566 2347 3629 pro
2404 3546 2705 3611 hostiis
2748 3546 2851 3610 bis

546 3650 614 3714 in
662 3650 888 3716 codice
926 3651 1416 3718 Vindobonensi
1453 3653 1786 3733 scribitur,
1824 3652 2024 3732 XLII,
2061 3656 2161 3731 28,
2210 3661 2244 3733 'Z
2283 3658 2349 3717 et
2383 3652 2615 3732 XLIII,
2657 3657 2751 3733 13,
2789 3656 2844 3717 7.

724 3756 882 3840 Cap.
930 3764 1031 3837 40,
1085 3764 1154 3822 11
1210 3766 1275 3824 et
1326 3764 1421 3824 12.
1514 3760 1821 3825 Graviter
1866 3760 2100 3824 vitiata
2144 3765 2310 3837 sunt,
2360 3781 2505 3842 qua}
2552 3760 2855 3825 dicuntur

547 3863 627 3928 de
663 3862 1010 3930 Celtiberis
1057 3887 1098 3930 a
1134 3866 1206 3944 Q.
1244 3866 1480 3931 Flacco
1519 3868 1739 3932 victis:
1808 3868 2091 3931 Decem
2139 3876 2219 3931 et
2252 3873 2558 3950 septem
2592 3868 2850 3933 millia

544 3971 901 4036 hostium
962 3994 1171 4042 caesa
1239 3994 1324 4038 eo
1403 3974 1532 4038 die
1601 3974 2081 4053 traduntur,
2161 3976 2325 4038 vivi
2368 3976 2617 4058 -capti
2660 3975 2847 4059 plus

548 4085 948 4160 quattuor
993 4080 1257 4144 millia
1305 4081 1689 4146 ducentis
1741 4082 2275 4164 septuaginta
2323 4088 2632 4164 septem
2668 4103 2851 4147 cum

597 4330 645 4397 ¹)
683 4330 804 4386 Hoc
841 4333 989 4385 enim
1024 4334 1083 4386 in
1118 4334 1336 4401 reliqua
1370 4332 1536 4386 huius
1573 4332 1708 4387 libri
1744 4338 1908 4403 parte
1945 4333 2254 4387 tenendum
2290 4339 2400 4402 est,
2443 4336 2511 4388 ab
2552 4334 2842 4392 erroribus

679 4416 895 4470 librarii
932 4434 1046 4472 non
1082 4435 1248 4487 posse
1284 4417 1391 4471 nisi
1427 4434 1558 4471 raro
1597 4419 1816 4473 secerni
1850 4419 2018 4488 primi
2056 4418 2291 4474 editoris
2337 4418 2565 4488 legendi
2602 4435 2834 4472 errores.
