3230 5282
1646 600 1767 660 596

551 804 718 866 quas
762 783 1070 848 librarius
1107 783 1307 850 semel
1348 782 1515 848 falsa
1561 785 1778 867 specie
1816 783 2127 868 deceptus
2164 783 2428 865 scripsit
2471 789 2587 847 aut
2627 781 2851 864 negle-

550 899 782 975 genter
825 892 1237 976 perturbavit
1291 893 1621 971 omisitve,
1689 893 1881 956 nimis
1945 912 2173 975 presse
2241 912 2541 975 sequens.
2629 890 2849 975 Atque

551 1002 838 1066 universi
882 1001 1144 1067 habitus
1201 1006 1270 1066 et
1327 1002 1468 1065 eius
1529 1001 2048 1084 depravationis,
2117 1020 2261 1082 quae
2306 1001 2371 1064 in
2417 999 2656 1063 litteris
2699 1019 2851 1083 per·

551 1108 883 1173 mutandis
929 1110 1205 1193 aliisque
1251 1109 1614 1175 scribendis
1661 1111 1881 1192 posita
1927 1115 2046 1187 est,
2093 1108 2288 1191 plena
2331 1106 2595 1190 quidem
2628 1109 2845 1189 imago

552 1218 637 1282 ad
695 1218 950 1300 singula
1005 1225 1196 1282 caute
1264 1223 1331 1283 et
1386 1217 1593 1282 libere
1651 1217 2039 1282 aestimanda
2091 1218 2358 1281 maioris
2424 1216 2633 1299 partis
2692 1236 2846 1280 con-

549 1327 738 1391 tinua
782 1325 1302 1393 consideratione
1359 1324 1700 1390 efficienda
1757 1332 1883 1404 est,
1953 1324 2162 1408 [quod
2216 1344 2388 1389 nunc
2453 1324 2645 1388 facile
2702 1323 2843 1388 fieri

550 1441 806 1519 potest,
868 1435 1048 1499 edita
1100 1442 1168 1500 et
1212 1456 1252 1498 a
1294 1456 1397 1499 me
1445 1441 1510 1498 et
1554 1434 1638 1499 ab
1685 1435 1953 1499 Hertzio
2000 1435 2173 1498 omni
2218 1434 2556 1517 scripturae
2602 1432 2844 1498 discre-

549 1541 897 1626 pantia].¹)
964 1543 1280 1626 Exempla
1314 1542 1566 1625 aliquot
1602 1543 1976 1624 graviorum
2020 1548 2088 1607 et
2131 1540 2649 1606 memorabilium
2682 1541 2845 1604 varii

552 1653 807 1734 generis
874 1672 1169 1716 errorum
1231 1649 1403 1715 infra
1468 1650 1849 1733 subiicio;²)
1917 1652 2084 1716 alias
2150 1648 2535 1715 mendorum
2601 1648 2845 1713 formas

601 1906 647 1972 ¹)
685 1902 902 1975 [Itaque
940 1908 1139 1961 omitto
1175 1907 1302 1974 iam,
1341 1907 1492 1974 quod
1544 1907 1638 1960 hic
1694 1924 1761 1959 ex
1797 1906 1891 1960 lib.
1929 1906 2113 1960 XLIV
2147 1926 2192 1962 c.
2237 1912 2262 1960 1
2309 1921 2621 1977 posueram,
2671 1903 2846 1957 conti-

689 2010 862 2046 nuum
898 1991 1216 2062 specimen]
1774 2053 1777 2058 ⁵

596 2080 648 2145 ²)
682 2079 1123 2146 Vocabulorum,
1163 2078 1291 2132 dum
1340 2079 1603 2133 librarius
1654 2081 1714 2133 in
1750 2079 1940 2132 littera
1985 2096 2098 2133 una
2135 2080 2382 2134 alterave
2420 2079 2714 2134 scribenda
2748 2084 2845 2134 aut

682 2166 742 2218 in
777 2165 982 2218 litteris
1019 2163 1426 2232 coniungendis
1465 2165 1717 2230 aberrat,
1756 2163 1957 2218 deinde
2005 2166 2282 2219 obiectam
2319 2166 2562 2235 aliquam
2603 2167 2845 2235 speciem

685 2252 932 2304 oscitans
987 2250 1219 2303 licenter
1270 2251 1541 2317 sequitur,
1593 2251 1734 2303 mire
1789 2250 2142 2304 detortorum
2196 2252 2450 2320 exempla
2492 2250 2614 2306 baec
2652 2256 2844 2305 sunto:

683 2336 830 2403 XLI,
870 2338 956 2402 23,
1001 2338 1063 2388 13
1117 2337 1500 2400 prouinciis
1538 2354 1645 2405 pro
1682 2343 2171 2406 provocantes,
2209 2337 2321 2391 ibd.
2371 2340 2453 2402 28,
2490 2341 2522 2390 5
2560 2336 2843 2391 Crassus

687 2439 848 2490 pars
904 2421 1338 2490 (Crassipes),
1374 2419 1557 2486 XLII,
1592 2427 1676 2476 41.
1720 2427 1782 2476 12
1834 2423 2016 2477 bello
2070 2424 2344 2490 quidem
2399 2425 2578 2476 iusto
2631 2441 2843 2491 sump-

686 2524 841 2561 sere
878 2507 1071 2562 cuius
1110 2508 1185 2574 (b.
1225 2526 1276 2577 q.
1313 2509 1348 2561 i.
1387 2526 1528 2562 sum
1564 2510 2011 2578 persecutus),
2049 2509 2161 2562 ibd.
2202 2512 2286 2576 50,
2322 2508 2718 2563 Smilitaria
2754 2525 2845 2561 ar-

686 2598 924 2661 matus,
964 2594 1198 2661 (malit,
1255 2612 1333 2648 an
1375 2594 1717 2663 armatus),
1772 2594 1940 2657 XLV,
1976 2597 2060 2662 40,
2099 2597 2132 2648 2
2167 2595 2624 2650 coercebatur
2659 2593 2840 2660 (coa-

684 2682 1077 2748 cervatum),
1107 2681 1239 2733 ibid.
1272 2682 1356 2746 41,
1385 2684 1418 2735 8
1454 2682 1829 2750 praecarpei
1865 2679 2026 2734 ludo
2068 2681 2335 2751 optavit
2363 2681 2729 2749 (precarer,
2759 2679 2842 2732 il·

683 2765 800 2819 lud
853 2769 1117 2835 optavi,
1166 2766 1280 2833 ut);
1333 2784 1463 2819 nam
1499 2767 1719 2820 minora
1756 2773 1886 2819 sunt
1929 2767 2097 2819 adeo
2134 2784 2237 2836 pro
2284 2765 2505 2820 babeo
2545 2765 2728 2831 (XLV,
2766 2767 2845 2829 39,

689 2850 789 2917 16),
844 2857 1041 2906 trans
1095 2870 1196 2922 pro
1251 2857 1395 2905 tres
1451 2852 1584 2919 (ibd.
1641 2854 1726 2917 42,
1790 2851 1872 2915 11)
1928 2853 2142 2921 scripta
2192 2858 2292 2906 aut
2346 2854 2505 2904 item
2561 2869 2662 2919 pro
2713 2852 2847 2904 iter

695 2937 915 3005 (XLIV,
953 2941 1002 3003 7,
1049 2940 1087 2991 6
1120 2945 1175 2991 et
1215 2942 1293 3003 11,
1330 2938 1384 3004 6)
1423 2944 1480 2991 et
1516 2938 1734 2991 similia.
1806 2937 1929 2990 Lib.
1966 2937 2146 3004 XLII,
2186 2941 2271 3006 57,
2317 2942 2341 2990 1
2390 2956 2558 3006 quum
2598 2938 2838 2990 scriben-

684 3023 820 3077 dum
861 3033 1025 3077 esset:
1068 3026 1247 3078 unde
1283 3023 1536 3076 bellum
1575 3023 2001 3091 ordirentur,
2043 3024 2261 3076 omissis
2286 3010 2486 3077 'errore
2516 3023 2720 3075 litteris
2758 3038 2843 3086 or,

686 3128 753 3164 ex
790 3110 1107 3164 direntur
1155 3109 1409 3162 effectum
1466 3108 1972 3161 dirimerentur
2027 3108 2107 3176 (in
2155 3127 2264 3177 quo
2302 3108 2426 3161 loco
2464 3108 2848 3161 Weissenbor-

683 3197 809 3249 nius
858 3196 1129 3264 deceptus
1177 3195 1294 3261 est).
1365 3195 1487 3248 Lib.
1527 3193 1731 3259 XLIII,
1776 3197 1852 3259 14,
1889 3196 1921 3246 2
1956 3193 2220 3247 librarius
2274 3194 2498 3247 inanem
2554 3193 2841 3247 sententiae

685 3282 927 3349 speciem
965 3281 1025 3333 in
1061 3284 1328 3348 quattuor
1361 3280 1574 3345 verbis,
1620 3279 1838 3347 reliqua
1876 3280 2127 3332 oratione
2162 3280 2433 3347 neglecta,
2472 3296 2709 3347 sequens
2742 3292 2839 3346 pro

681 3372 971 3434 propter
1016 3365 1539 3418 Macedonicum
1576 3365 1827 3418 bellum
1867 3381 2027 3418 cura
2064 3365 2289 3433 scripsit
2322 3370 2609 3434 propter
2645 3364 2845 3417 Mace·

684 3451 756 3503 do
777 3452 918 3504 nici
968 3451 1141 3503 belli
1195 3469 1449 3515 curam3
1505 3467 1548 3502 c.
1610 3453 1661 3515 ’7,
1715 3453 1747 3503 2
1800 3452 1942 3502 mira
1986 3451 2408 3518 perturbatione
2456 3450 2526 3503 ad
2569 3449 2840 3519 posterius

686 3537 1025 3589 vocabulum
1052 3541 1412 3604 praevertens,
1451 3535 1549 3588 sed
1576 3537 1777 3604 prioris
1815 3536 2049 3589 sormam
2088 3537 2510 3605 grammaticam
2541 3542 2755 3600 tenens,
2781 3550 2843 3586 ex

684 3622 801 3674 his:
840 3622 1272 3690 interrogati
1307 3638 1439 3673 non
1476 3620 1965 3675 infitiarentur
2000 3621 2208 3675 effecit:
2249 3621 2548 3675 infitiati
2585 3638 2713 3674 non
2750 3620 2836 3672 in-

685 3712 1240 3775 terrogarentur.
1338 3706 1577 3759 Casuum
1659 3705 1852 3759 formis
1934 3725 2151 3760 summa
2220 3707 2445 3761 licentia
2516 3705 2839 3775 permutatis

687 3792 813 3859 (etsi
889 3792 1087 3846 eodem
1156 3793 1398 3861 pertinet
1470 3790 1673 3855 XLIII,
1740 3794 1821 3857 14,
1888 3791 1939 3857 2)
2012 3792 2160 3857 XLI,
2236 3796 2317 3861 19,
2392 3794 2423 3845 3
2494 3810 2598 3860 pro
2668 3789 2839 3845 haud

681 3895 924 3945 magno
999 3884 1258 3932 conatu
1328 3877 1598 3946 scriptum
1672 3882 1758 3930 est
1826 3877 2001 3930 haud
2064 3896 2349 3947 magnus
2426 3886 2718 3931 conatus
2787 3882 2841 3928 et

685 3962 863 4031 XLII,
903 3965 987 4029 29,
1029 3967 1050 4013 1
1091 3963 1150 4015 P.
1188 3963 1527 4030 Licinius,
1587 3961 1643 4013 C.
1684 3962 1957 4016 Cassius
2011 3982 2113 4032 pro
2151 3966 2208 4017 Ρ.
2246 3965 2557 4030 Licinio,
2600 3963 2655 4016 C.
2696 3963 2840 4015 Cas·

645 4114 652 4121 ²
686 4049 822 4109 sic,
871 4066 940 4101 ne
979 4049 1372 4117 gurgitibus
1410 4048 1585 4100 facit
1628 4065 1730 4117 pro
1784 4050 2103 4117 gurgites
2150 4050 2326 4104 facit
2360 4048 2558 4113 XLIV,
2594 4050 2644 4111 8,
2679 4050 2712 4100 6
2747 4064 2840 4101 nu·

562 4114 912 4187 fsp'merem.
978 4133 1200 4202 (XLIV,
1251 4137 1300 4200 9,
1347 4137 1380 4186 '7
1434 4151 1775 4202 procurre
1826 4153 1928 4204 pro
1983 4135 2497 4204 procurrebant
2550 4131 2841 4186 omittendi

564 4200 633 4295 ,Ὗ
686 4216 906 4286 culpam
943 4219 1139 4285 habet3
1194 4219 1263 4273 de
1301 4219 1570 4289 singulari
1621 4220 1863 4287 quodam
1902 4237 2089 4273 errore
2136 4222 2376 4289 passivoe
2423 4206 2615 4273 formae
2652 4224 2840 4271 notam

579 4284 765 4399 ἶ’ζ’ῥιιιι·
811 4304 994 4398 Ἶθτὶήε
1039 4305 1234 4358 activis
1286 4305 1640 4358 adscribendi
1690 4307 1868 4358 «licam
1917 4305 1985 4357 ad
2022 4305 2187 4374 XLV,
2226 4309 2274 4371 5,
2317 4305 2420 4372 12.)
2488 4306 2684 4372 Longe
2717 4304 2837 4372 plu·

568 4348 599 4413 ί
635 4380 1061 4485 §zifff‘khf'mm
1097 4396 1154 4445 et
1189 4391 1392 4444 similia
1443 4391 1611 4443 tacite
1663 4392 1969 4441 emvndnvit
2013 4390 2281 4460 Grynaeug
2326 4409 2430 4446 nec
2475 4397 2610 4445 gnte
2654 4396 2842 4445 nont„

1089 4625 1117 4636 ο.

1081 4646 1117 4668 *0
