3230 5282
1547 505 1672 566 473
2380 517 2504 572 Lib.
2541 517 2766 571 XXXII.

455 688 873 774 Kreyssigius
953 709 1232 771 eumque
1312 690 1516 754 secuti
1598 689 1800 753 ceteri
1881 690 2316 772 scripserunt:
2394 694 2479 753 ut
2555 691 2767 753 veri-

456 801 711 862 tatem
765 817 1028 861 rerum
1082 832 1168 842 —
1224 796 1584 879 populus
1645 796 1720 859 R.
1767 796 2121 875 videret,
2191 796 2444 861 lacunae
2504 797 2767 881 supple-

454 910 677 969 mento
747 904 1102 987 Sigoniano
1171 910 1459 982 retente,
1543 924 1701 968 casu
1767 908 2027 968 tantum
2092 911 2370 969 mutato.
2498 903 2624 967 Sed
2693 911 2768 969 ut

456 1012 794 1089 omittam,
862 1033 992 1076 non
1061 1018 1201 1075 tam
1271 1012 1505 1092 quaeri,
1570 1031 1823 1107 verfene
1892 1011 2025 1074 sint
2092 1032 2196 1075 res
2266 1018 2538 1094 gestae„
2570 1032 2767 1095 quam

456 1127 720 1201 quantae
783 1119 906 1199 (et,
975 1138 1211 1182 verane
1269 1139 1496 1182 earum
1556 1117 1791 1198 fama),
1859 1117 2166 1181 Latinum
2226 1139 2356 1183 non
2404 1125 2507 1183 est
2551 1125 2767 1183 totum

457 1226 584 1291 hoc
630 1226 890 1291 dicendi
935 1246 1174 1308 genus,
1242 1227 1681 1289 veritatem
1740 1226 1859 1288 rei
1918 1225 2197 1288 videre
2243 1246 2363 1307 pro
2412 1245 2520 1302 eo,
2591 1225 2766 1308 quod

457 1341 591 1398 est:
671 1333 945 1398 videre
1023 1353 1187 1396 rem
1270 1353 1532 1397 veram
1612 1354 1804 1396 esse.
1930 1331 2156 1415 Neque
2236 1334 2406 1396 enim
2476 1353 2769 1413 unquam

462 1440 683 1505 Latini
750 1441 843 1506 sic
911 1461 1061 1505 cum
1130 1440 1552 1518 adfirmandi,
1632 1439 1916 1521 negandi
1985 1439 2486 1520 intellegendive
2553 1439 2769 1503 verbis

459 1548 831 1627 abstracta,
899 1569 1043 1630 quae
1117 1547 1455 1625 dicuntur,
1524 1548 1816 1625 nomina,
1887 1547 2099 1628 qualis
2159 1568 2436 1630 quaeque
2492 1567 2600 1611 res
2663 1548 2768 1624 sit,

457 1656 822 1720 indicantia
879 1656 1312 1738 coniungunt,
1384 1654 1797 1735 barbaraque
1866 1661 2019 1719 sunt
2075 1661 2139 1718 et
2193 1654 2525 1720 veteribus
2582 1655 2768 1718 inau-

458 1762 625 1839 dita,
686 1784 830 1846 quae
876 1764 1077 1827 etiam
1127 1783 1166 1826 a
1211 1761 1562 1846 philologis
1610 1762 1761 1845 poni
1809 1761 2018 1837 video,
2068 1761 2512 1826 adfirmare
2560 1764 2768 1825 veri-

458 1877 711 1935 tatem
769 1869 1127 1934 alicuius
1183 1870 1334 1947 rei,
1401 1890 1697 1951 negare
1763 1869 2581 1950 verisimilitudinem
2653 1871 2767 1935 rei

458 1977 860 2058 similiaque3
929 1978 1154 2059 itaque
1211 1976 1628 2041 falsitatis
1673 1997 1909 2041 nomen
1956 1998 2036 2039 ne
2082 1975 2458 2041 habuerunt
2503 1975 2767 2060 quidem

461 2084 682 2149 Latini
738 2085 866 2149 nisi
927 2093 1219 2149 extrema
1267 2083 1562 2164 aetate.¹)
1664 2084 1815 2148 Sine
1862 2083 2060 2148 dubio
2107 2084 2327 2148 Livius
2374 2085 2765 2166 scripserat:

458 2199 547 2256 ut
591 2200 833 2254 testes
878 2212 1145 2255 rerum
1191 2198 1599 2275 gestarum
1646 2226 1730 2236 —
1777 2213 1836 2273 p.
1887 2191 1960 2253 R.
2010 2190 2417 2272 videret.²)

632 2297 789 2382 Cap.
838 2303 950 2377 50,
1027 2304 1099 2363 11
1162 2300 1372 2364 oratio
1431 2300 1523 2362 sic
1569 2298 2091 2381 interpungenda
2137 2306 2266 2363 est:
2333 2298 2434 2363 Et
2495 2298 2588 2362 de
2650 2298 2768 2361 a]-

463 2414 642 2471 tero
702 2406 933 2471 aedile
990 2407 1286 2471 scitum
1341 2406 1564 2489 plebi
1625 2413 1747 2469 est
1803 2405 2127 2470 factum.
2244 2406 2414 2487 (Hoc
2469 2406 2769 2470 universe

463 2516 553 2591 ei,
623 2514 798 2597 quod
846 2514 925 2579 de
969 2515 1188 2598 priore
1236 2513 1424 2578 aedile
1470 2514 1785 2577 traditum
1834 2520 1953 2592 est,
1999 2514 2372 2596 respondet.
2485 2513 2772 2577 Additur

462 2622 698 2689 deinde
739 2622 1140 2707 explicatio,
1217 2620 1332 2686 sed
1393 2622 1516 2697 ita,
1582 2629 1657 2686 ut
1714 2622 1906 2686 simul
1964 2622 2156 2706 plura
2212 2621 2770 2706 comprehendan-

464 2732 619 2812 tur.)
712 2729 1222 2812 Rogantibus
1301 2729 1669 2793 tribunis
1750 2730 1883 2813 pl.,
1965 2751 2161 2811 quos
2231 2729 2432 2794 duos
2498 2764 2587 2773 —-
2652 2731 2770 2792 iu-

463 2839 782 2915 berent,
863 2844 954 2901 ut
1015 2871 1103 2881 —
1168 2836 1238 2900 L.
1303 2836 1650 2900 Manlius
1717 2837 2105 2902 Acidinus
2175 2837 2614 2900 decederet
2681 2836 2771 2899 de

465 2945 887 3030 provincia
946 2943 1239 3008 multos
1295 2951 1481 3028 post
1538 2965 1818 3014 annos,
1888 2944 2172 3027 plebes
2222 2944 2770 3027 —imperium

465 3073 646 3116 esse
693 3086 777 3096 —-
821 3052 1088 3116 iussit.

1314 3276 1497 3358 Lib.
1562 3277 1910 3359 XXXII.

640 3406 799 3491 Cap.
849 3414 919 3484 4,
982 3413 1017 3471 3
1078 3415 1145 3473 et
1200 3416 1269 3472 4:
1351 3409 1449 3473 Et
1516 3409 1957 3473 adiuvabat
2026 3430 2159 3473 eos
2217 3407 2500 3481 (AEtolos
2558 3407 2772 3471 Thau-

464 3539 686 3580 macos
736 3515 1190 3597 defendentes)
1237 3524 1536 3581 natura
1591 3519 1774 3599 ipsa
1828 3516 2007 3580 loci.
2111 3516 2458 3598 Namque
2504 3514 2773 3579 Thau-

464 3625 666 3688 maci
725 3645 765 3687 a
822 3623 1047 3706 Pylis
1115 3625 1456 3707 sinuque
1515 3625 1862 3688 Maliaco
1933 3645 2072 3706 per
2131 3623 2477 3688 Lamiam
2548 3623 2775 3686 eunti

462 3731 641 3795 loco
702 3731 872 3795 alto
935 3731 1081 3794 siti
1139 3738 1349 3808 sunt,
1417 3732 1623 3815 ipsis
1692 3731 1908 3811 (codd.
1969 3733 2043 3795 in
2101 3731 2334 3814 ipsis)
2392 3731 2774 3796 faucibus

2801 3304 2946 3374 (378)

466 3839 1005 3915 imminenteS,
1074 3835 1228 3919 qua
1295 3839 1519 3905 coele
1589 3839 1701 3919 (B;
1771 3840 1975 3904 ceteri
2043 3837 2178 3903 fere
2249 3860 2451 3926 quas
2521 3839 2773 3916 coele,
2872 3848 2873 3853 ’

525 4105 570 4172 ¹)
610 4106 1048 4174 Intellegere
1093 4109 1570 4176 proestantiam
1622 4111 1720 4162 rei
1768 4115 1825 4164 et
1869 4109 2098 4175 similia,
2156 4110 2213 4163 in
2263 4109 2462 4177 quibus
2509 4108 2630 4163 laus
2670 4113 2773 4175 est,

611 4191 891 4243 dicuntur:
937 4193 1070 4245 Sinn
1113 4193 1271 4243 desiit·
1311 4193 1507 4245 huben.

525 4275 571 4337 ²)
619 4274 771 4341 [Cap.
799 4279 879 4339 50,
921 4279 973 4325 ffi:
1019 4283 1089 4329 ut-
1137 4281 1179 4327 ii
1223 4279 1425 4341 moda„
1471 4279 1591 4331 edel.
1638 4279 1754 4339 uli]
1796 4281 1872 4329 asl
1914 4281 2168 4345 plebem
2215 4279 2500 4331 fvrrvnu
2544 4279 2636 4329 cfr.
2666 4279 2770 4329 Cio.

611 4377 714 4425 pro
753 4361 913 4411 Rosa.
955 4363 1139 4413 Aruer.
1185 4363 1211 4429 ξ
1259 4367 1353 4415 149
1393 4381 1421 4413 a
1459 4383 1545 4415 me
1587 4365 1798 4415 vnn-nd.
1882 4363 2048 4429 1583]
