3230 5282
652 624 777 678 Lib.
812 623 934 679 vn.
1749 610 1867 670 178
1932 598 1937 602 ’

653 794 830 879 quod
883 793 1451 860 Weissenbornius
1510 793 1828 877 populum
1886 792 2048 857 dicit
2102 795 2359 858 senatui
2415 794 2786 877 permisisse
2801 847 2815 874 ‚
2885 802 2959 859 ut

651 923 883 986 pacem
929 903 1136 983 daret,
1195 907 1262 966 et
1307 907 1540 966 contra
1586 901 1806 965 omnia
1850 901 2154 966 instituta
2198 902 2644 967 Romanorum
2690 902 2963 983 fingitur

652 1032 775 1075 nec
820 1010 957 1075 ullo
1003 1008 1196 1075 modo
1239 1009 1342 1074 his
1389 1009 1601 1073 verbis
1647 1007 2004 1090 significari
2047 1016 2327 1092 poterat.
2395 1010 2588 1075 Latet
2632 1010 2965 1090 mendum,

654 1118 831 1202 quod
889 1118 974 1182 ad
1030 1118 1421 1201 scripturam
1478 1117 1718 1182 attinet
1730 1168 1744 1196 ‚
1802 1117 2014 1199 prima
2068 1118 2285 1201 specie
2330 1139 2636 1202 magnum
2654 1169 2668 1198 ,
2725 1140 2958 1202 reapse

652 1247 927 1310 parvum
994 1232 1059 1289 et
1113 1225 1306 1290 facile
1320 1277 1333 1304 ,
1399 1225 1744 1290 sententiae
1811 1225 2247 1309 perniciosum
2264 1249 2278 1305 3
2345 1247 2497 1289 nam
2558 1227 2635 1289 in
2692 1247 2720 1287 s
2735 1248 2785 1289 c.
2831 1248 2866 1290 r
2880 1248 2914 1291 e
2930 1262 2963 1272 —

651 1333 854 1398 ferri
921 1334 1236 1416 scriptum
1303 1339 1406 1398 est
1470 1355 1588 1415 pro
1658 1355 1763 1413 ec,
1846 1334 2022 1415 quod
2091 1339 2218 1398 est:
2300 1335 2379 1398 in
2448 1353 2570 1396 aes
2637 1333 2956 1399 referri.

652 1440 909 1506 Tabula
954 1462 1161 1505 aenea
1203 1442 1383 1524 pacis
1428 1439 1562 1505 fixa
1606 1446 1723 1505 est.
1819 1439 2066 1522 (1875.)

827 1548 984 1632 Cap.
1033 1553 1145 1628 25,
1205 1552 1274 1612 2:
1342 1548 1591 1613 Simul
1653 1547 1970 1612 dictato
1989 1570 2150 1613 rem
2197 1548 2295 1630 (L.
2345 1549 2639 1632 Furium)
2686 1550 2957 1615 incre-

652 1655 809 1741 pab
828 1662 994 1736 ant,
1063 1657 1197 1738 qui
1253 1655 1460 1737 legis
1517 1656 1854 1720 Liciniae
1914 1662 2209 1739 spretae
2265 1659 2712 1722 mercedem
2772 1680 2960 1724 con-

652 1764 1034 1844 sulatum,
1091 1764 1415 1848 privata
1469 1763 1933 1847 cupiditate
1992 1784 2224 1844 quam
2271 1765 2607 1848 publica
2649 1765 2959 1830 iniuria

651 1871 1103 1936 foediorem
1149 1872 1534 1955 cepisset,
1602 1877 1689 1935 ut
1745 1892 1823 1936 se
1881 1871 2059 1953 ipse
2120 1873 2532 1938 consulem
2593 1873 2960 1940 dictator

654 2000 783 2044 cre
799 1985 994 2044 aret.
1116 1979 1432 2044 Extrema
1487 1978 1657 2059 haec,
1724 1980 2055 2061 praemisso
2116 2001 2150 2043 c
2166 2000 2203 2044 o
2219 2002 2259 2043 n
2276 1979 2455 2044 sula
2470 1990 2497 2046 t
2513 2004 2553 2045 u
2568 2003 2661 2060 m,
2727 1982 2959 2047 vitiose

654 2087 1023 2168 abundant3
1080 2088 1295 2169 ipsum
1352 2093 1574 2151 autem
1629 2086 1697 2150 id
1743 2108 1982 2151 nomen
2027 2093 2165 2151 tam
2212 2089 2622 2153 incommodo
2668 2089 2814 2154 loco
2862 2092 2963 2155 in·

651 2196 1045 2278 terpositum
1111 2201 1212 2259 est
1227 2246 1240 2273 ,
1318 2202 1393 2260 ut
1459 2197 1519 2260 ei
1584 2195 1957 2260 necessario
2026 2195 2426 2279 adiungatur
2490 2196 2566 2262 fo
2583 2218 2617 2262 e
2634 2197 2711 2262 di
2726 2219 2763 2263 o
2776 2220 2810 2261 r
2825 2220 2859 2263 e
2875 2221 2969 2278 m,

654 2301 831 2384 quod
909 2301 1327 2366 manifestum
1407 2310 1508 2373 est
1576 2323 1723 2366 cum
1800 2324 1862 2366 m
1880 2324 1914 2367 e
1932 2325 1965 2366 r
1981 2324 2015 2366 c
2030 2324 2065 2368 e
2082 2303 2123 2366 d
2138 2324 2172 2367 e
2188 2324 2254 2366 m
2322 2304 2628 2386 coniungi
2696 2304 2955 2371 debere.

651 2409 885 2492 Itaque
947 2408 1465 2474 consulatum
1525 2410 1610 2474 ad
1666 2432 1730 2473 m
1748 2430 1881 2473 erc
1899 2409 2117 2474 edem
2176 2410 2472 2475 additum
2520 2433 2660 2478 esse
2708 2413 2792 2478 ab
2840 2414 2959 2478 ali-

653 2537 781 2599 quo
796 2567 810 2595 ‚
870 2517 983 2599 qui
1029 2536 1174 2580 eam
1220 2517 1538 2581 mercedis
1586 2517 2148 2600 significationem,
2211 2540 2353 2601 quae
2398 2520 2654 2602 plenior
2699 2527 2767 2585 et
2811 2541 2961 2604 gra·

652 2625 792 2689 vior
848 2623 1147 2707 sequitur
1162 2676 1176 2705 ‚
1246 2646 1373 2690 uno
1430 2624 1750 2691 vocabulo
1811 2626 2227 2710 praeciperet,
2297 2627 2525 2693 eodem
2544 2679 2557 2706 ,
2627 2649 2756 2712 quo
2816 2649 2961 2711 eg0,

652 2738 948 2815 tempore
993 2732 1501 2799 Forchhammer
1544 2733 1885 2799 intellexit.
1980 2734 2225 2816 (1861.)
2329 2734 2464 2818 [Sic
2508 2737 2638 2800 iam
2682 2736 2961 2802 Doerin·

481 2861 622 2929 (150)
661 2838 853 2923 gina]
954 2841 1159 2906 Paulo
1207 2849 1356 2925 post
1402 2840 1462 2924 (ξ
1510 2842 1575 2924 7)
1624 2842 1792 2906 scire
1846 2841 2039 2907 velim
2057 2893 2070 2920 ‚
2132 2865 2261 2924 quo
2323 2844 2619 2926 exemplo
2677 2843 2963 2926 dicatur,

652 2970 782 3031 quo
828 2950 1152 3014 neminem
1198 2947 1513 3013 offensum
1559 2950 1775 3014 video:
1825 2956 2063 3014 exten
2081 2950 2270 3015 dere
2319 2973 2540 3016 omne
2558 2973 2587 3015 s
2633 2953 2787 3036 imp
2805 2954 2961 3017 erii

649 3058 864 3122 vires
935 3056 1098 3122 dile
1116 3063 1249 3122 ctu
1308 3056 1701 3122 habendo.
1815 3056 2139 3138 Equidem
2204 3058 2429 3122 inten
2447 3058 2525 3122 di
2580 3059 2649 3123 in
2705 3060 2827 3124 tali
2882 3082 2955 3125 re

652 3186 874 3230 curam
933 3171 998 3230 et
1041 3166 1168 3229 vim
1214 3172 1373 3249 puto
1390 3216 1404 3245 ,
1471 3187 1600 3230 non
1650 3185 1683 3228 e
1698 3187 1740 3227 x
1754 3170 1782 3227 t
1796 3186 1830 3228 e
1843 3187 1887 3228 n
1904 3163 2014 3243 di,
2083 3186 2440 3247 vereorque
2457 3218 2470 3245 ‚
2539 3189 2620 3231 ne
2665 3167 2791 3232 hoc
2836 3190 2959 3251 pro

648 3274 762 3339 illo
821 3274 1253 3339 substitutum
1298 3274 1384 3337 sit
1398 3325 1412 3354 ‚
1470 3272 1626 3350 etsi,
1687 3271 1863 3355 quod
1923 3270 2007 3335 ad
2065 3273 2420 3337 errandum
2477 3274 2772 3339 invitarit
2787 3327 2801 3353 ,
2859 3276 2962 3339 ni·

647 3380 745 3445 hil
788 3381 999 3446 video,

823 3487 980 3569 Cap.
1030 3491 1138 3566 26,
1201 3492 1266 3549 1:
1350 3485 1500 3551 Ubi
1570 3508 1801 3569 quum
1861 3488 2323 3553 stationibu
2343 3511 2372 3553 s
2431 3491 2698 3572 quieti
2757 3497 2957 3555 tem·

650 3616 796 3678 pus
855 3599 1223 3659 tererent
1280 3591 1644 3674 (Romani),
1717 3593 2006 3660 Gallus
2065 3618 2210 3679 pro
2230 3619 2264 3660 c
2283 3598 2489 3661 essit
2547 3606 2667 3663 cet.
2781 3598 2959 3664 Scri-

648 3701 963 3765 bendum:
1034 3702 1110 3763 lu
1169 3724 1198 3766 s
1214 3706 1243 3765 t
1256 3722 1296 3764 a
1309 3702 1423 3766 tio
1438 3703 1517 3764 ni
1534 3702 1575 3766 b
1594 3724 1637 3765 u
1655 3723 1684 3765 s
1703 3727 1717 3782 3
1786 3724 1916 3767 non
1964 3705 2291 3769 exercitus
2338 3705 2735 3771 stationibus
2782 3712 2957 3771 tere-

646 3809 768 3874 bat
819 3815 1076 3893 tempus
1092 3861 1106 3889 ‚
1177 3809 1292 3874 sed
1351 3810 1465 3892 qui
1520 3810 1586 3873 in
1644 3810 2037 3875 stationibus
2097 3819 2313 3893 erant,
2385 3814 2589 3896 quieti
2647 3814 2958 3879 terebant

646 3922 924 4000 tempus
1016 3916 1259 3999 (1861.)
2098 3903 2106 3910 ’

819 4022 976 4107 Cap.
1025 4029 1133 4105 30,
1194 4029 1264 4089 11
1330 4023 1424 4106 (in
1469 4026 1768 4090 oratione
1813 4026 2180 4108 legatorum
2228 4026 2712 4110 Campanorum
2771 4028 2957 4092 auxi-

645 4131 806 4196 lium
865 4153 905 4196 a
959 4133 1268 4197 Romanis
1337 4138 1568 4198 contra
1645 4132 1971 4198 Samnites
2043 4135 2445 4217 rogantium)
2465 4160 2476 4198 :
2566 4134 2618 4199 O
2638 4157 2700 4199 m
2715 4136 2854 4201 nib
2868 4158 2911 4200 ιι
2926 4156 2961 4199 s

647 4239 987 4323 quidem,
1045 4241 1399 4332 Romani,
1452 4248 1809 4305 vestram
1855 4243 2515 4308 misericordiam
2560 4249 2963 4308 vestrum-

647 4369 795 4431 que
842 4347 1235 4412 auxilium
1280 4369 1580 4432 aequum
1634 4355 1756 4415 est
1801 4355 2108 4433 patere,
2159 4351 2261 4416 iis
2298 4357 2567 4416 tamen
2602 4351 2967 4431 maxime,

646 4457 781 4540 qui
840 4476 1011 4520 eam
1067 4455 1602 4538 implorantib
1621 4479 1708 4522 us
1768 4458 1961 4522 aliis
2022 4459 2417 4523 auxilium
2476 4458 2654 4524 dum
2710 4479 2971 4542 supra
