3230 5282
678 614 803 670 Lib.
837 613 1037 670 XLIII.
1722 602 1844 665 666

631 787 921 868 videtur,
992 784 1321 868 Cincibili,
1367 807 1407 852 a
1450 807 1580 871 quo
1648 786 1852 871 legati
1896 793 2242 868 venerant,
2298 808 2489 870 quem
2543 786 2766 852 Livius
2811 784 2844 870 ἓ
2891 791 2919 849 1

633 917 874 979 regem,
920 893 954 979 ἓ
1000 900 1037 961 ’7
1083 894 1384 979 regulum
1429 895 1808 981 appellavit,
1858 902 1925 962 et
1967 896 2270 978 fratrem,
2316 897 2429 980 qui
2472 895 2671 962 verba
2717 897 2784 961 in
2830 916 2926 960 se-

632 1012 796 1070 natu
862 1002 1139 1084 fecerat,
1183 1004 1600 1088 intellegens,
1660 1003 1858 1087 idque
1902 1004 2209 1070 Hertzius
2277 1010 2543 1071 secutus
2610 1012 2745 1087 est3
2813 1024 2926 1089 ego

633 1113 905 1196 reguli
949 1112 1158 1197 posui.
1249 1111 1418 1178 Nam
1461 1133 1614 1193 nec,
1663 1132 1865 1196 quum
1911 1134 2111 1197 supra
2154 1113 2375 1180 Livius
2430 1115 2601 1196 regis
2647 1111 2927 1197 regulive

634 1223 895 1288 nomine
963 1220 1042 1286 de
1108 1241 1236 1287 uno
1308 1219 1611 1286 Cincibili
1678 1213 1835 1287 usus
1905 1227 2102 1300 esset,
2170 1221 2387 1288 subito
2446 1222 2529 1287 ad
2583 1230 2930 1304 utrumque

634 1330 904 1397 fratrem
948 1330 1019 1395 id
1060 1350 1295 1395 nomen
1339 1328 1741 1396 translatum
1789 1330 2009 1410 credo,
2051 1351 2171 1396 nec
2225 1329 2396 1396 hanc
2453 1330 2929 1414 praecipuorum

633 1439 854 1505 inter
916 1438 1238 1522 legatos
1273 1459 1645 1504 ·munerum
1712 1438 2109 1505 mentionem
2166 1439 2364 1504 etiam
2423 1439 2506 1504 ad
2551 1458 2773 1521 regem
2819 1437 2927 1503 ab·

633 1554 885 1613 sentem
921 1546 1268 1631 pertinere,
1313 1548 1418 1612 cui
1463 1547 1516 1613 si
1562 1568 1837 1612 munera
1882 1553 2150 1613 senatus
2195 1543 2518 1613 mittenda
2552 1548 2930 1625 censuisset,

633 1655 956 1740 ampliora
1002 1656 1141 1720 sine
1188 1654 1386 1721 dubio
1436 1676 1634 1737 quam
1688 1656 1881 1721 fratri
1940 1655 2160 1739 legato
2205 1657 2521 1737 misisset3
2588 1678 2799 1740 neque
2844 1656 2931 1721 le·

632 1765 770 1848 gati
815 1762 1116 1829 Cincibili
1165 1763 1457 1829 absentis
1503 1765 1776 1830 comites
1822 1764 2144 1849 appellari
2189 1764 2322 1830 ullo
2367 1763 2558 1830 modo
2605 1770 2932 1848 poterant,

632 1878 709 1938 ut
753 1872 820 1937 in
864 1871 980 1937 illa
1025 1873 1354 1956 scriptura
1399 1877 1467 1938 et
1510 1873 1921 1939 erarratione
1968 1871 2044 1937 fit
2090 1871 2556 1955 (comitibus
2614 1872 2931 1954 eorum).

635 1980 869 2064 Itaque
914 1977 1214 2046 Cincibili
1259 1981 1429 2046 inter
1494 1981 1750 2064 legatos
1811 1981 1973 2047 duos
2030 1980 2269 2047 fratres
2312 1981 2613 2062 miserat,
2659 2001 2934 2063 quorum

633 2109 799 2155 unus
863 2088 1065 2154 verba
1130 2089 1316 2169 fecit,
1395 2090 1658 2172 utrique
1737 2091 2111 2174 praecipuus
2194 2089 2403 2155 honor
2477 2089 2745 2156 habitus
2815 2098 2933 2156 est.

636 2195 953 2280 (1864.)¹)

803 2305 958 2390 Cap.
998 2310 1054 2386 6,
1089 2311 1158 2370 4:
1203 2304 1524 2385 Milesii,
1568 2304 1779 2370 nihil
1824 2307 2325 2389 praestitisse
2370 2313 2932 2386 memoranteS‚

634 2414 701 2480 si
747 2413 935 2495 quid
1000 2413 1399 2497 imperare
1467 2414 1564 2479 ad
1608 2413 1911 2479 bellum
1981 2421 2316 2480 senatus
2381 2413 2664 2492 vellet,
2733 2436 2937 2500 prae·

638 2527 858 2586 stare
906 2543 988 2587 se
1033 2528 1366 2605 paratos
1403 2543 1584 2588 esse
1623 2521 1992 2606 polliciti
2032 2528 2238 2588 sunt.
2317 2521 2441 2587 Vix
2477 2522 2715 2588 diserte
2762 2544 2938 2588 com·

634 2634 1180 2711 memoraverunt,
1225 2629 1387 2696 nihil
1438 2652 1507 2697 se
1553 2631 1960 2716 praestitisse,
2006 2630 2121 2696 sed
2164 2630 2533 2697 necessario
2571 2652 2786 2716 operae
2823 2653 2936 2697 na-

633 2745 799 2804 vatae
843 2740 1240 2805 mentionem
1288 2741 1665 2805 omiserunt.
1759 2738 1915 2806 Cod.
1962 2741 2581 2824 praestitissent.
2661 2738 2939 2806 Videtur

634 2845 858 2912 fuisse:
905 2847 1132 2929 nihil,
1179 2848 1387 2931 quod
1433 2849 2061 2932 praestitissent,
2109 2855 2678 2914 memorantes.

466 2935 608 3006 (⁵⁵²)
816 2954 973 3040 Cap.
1020 2960 1077 3037 8,
1125 2961 1161 3029 6
1209 2956 1303 3037 (in
1348 2977 1662 3039 responso
1707 2958 1889 3022 iussu
1945 2963 2212 3022 senatus
2258 2954 2799 3022 Chalcidensibus
2848 2957 2938 3022 le·

634 3065 805 3148 gatis
854 3064 1067 3148 dato):
1136 3086 1284 3131 non
1349 3070 1435 3130 ut
1501 3085 1591 3130 ea
1648 3085 1688 3130 a
1731 3065 2359 3148 magistratibus
2420 3064 2624 3130 socii
2691 3072 2936 3148 atque

636 3174 874 3238 amici
917 3179 1417 3257 paterentur.
1510 3170 1773 3238 Codicis
1818 3175 2149 3258 scriptura
2193 3175 2285 3239 sic
2327 3178 2625 3239 notatur:
2692 3193 2733 3239 a
2776 3195 2938 3239 ma·

635 3281 1134 3367 gistratibus
1180 3281 1731 3364 utsociadque
1780 3282 2038 3362 amici,
2102 3303 2180 3347 ex
2224 3302 2355 3365 qua
2402 3280 2681 3346 efficitur
2722 3280 2792 3346 id
2838 3283 2936 3366 ip-

635 3411 794 3471 sum,
841 3390 1019 3473 quod
1051 3389 1354 3456 Dukerus
1401 3390 1776 3456 coniectura
1820 3391 2158 3475 praecepit:
2207 3412 2247 3456 a
2291 3387 2938 3475 magistratibus

637 3498 1076 3563 suis·socii
1134 3504 1375 3582 atque
1433 3498 1692 3564 amici.
1783 3498 1895 3564 Bis
1951 3519 2082 3565 uno
2140 3519 2168 3561 s
2215 3520 2334 3583 pro
2383 3498 2630 3581 duplici
2675 3500 2937 3581 script0‚

635 3606 712 3670 ui
758 3607 1021 3672 transiit
1066 3608 1132 3670 in
1179 3612 1277 3671 ut.

810 3712 965 3797 Cap.
1048 3718 1105 3795 9,
1195 3719 1252 3795 7,
1343 3714 1457 3779 ubi
1536 3713 1755 3779 editur
1836 3735 1869 3779 e
1950 3714 2124 3779 cod.:
2215 3715 2312 3780 ad
2399 3713 2591 3779 VIII
2678 3714 2935 3781 millia

635 3823 1039 3890 hominum
1127 3823 1353 3888 vario
1444 3844 1736 3907 genere
1818 3823 2195 3902 armavit,
2275 3822 2693 3888 scribendum
2758 3822 2935 3889 vide-

686 4120 733 4186 ¹)
773 4118 945 4189 [Fieri
982 4125 1170 4173 tamen
1205 4123 1421 4188 potest,
1459 4122 1522 4172 ut
1555 4116 1748 4172 Livius
1788 4118 2100 4189 scripserit·
2155 4117 2368 4173 fratri
2411 4118 2663 4188 reguli,
2718 4119 2935 4174 numeri

773 4221 977 4260 nomen
1013 4204 1142 4259 duo
1178 4220 1247 4258 ex
1284 4204 1647 4274 sequentibus
1681 4204 1793 4257 huc
1828 4208 2073 4257 tractum
2110 4205 2197 4258 sit.
2253 4203 2342 4258 Ita
2375 4220 2508 4259 mox
2545 4220 2780 4259 eorum
2814 4203 2932 4259 uni·

771 4307 929 4344 verse
966 4290 1038 4344 ad
1073 4291 1291 4359 legatos
1328 4289 1598 4345 referetur
1634 4289 2124 4359 removebiturque
2175 4291 2361 4344 subita
2398 4290 2633 4346 duorum
2679 4308 2783 4360 pro
2818 4305 2929 4344 uno

772 4375 945 4431 fratre
980 4373 1234 4443 mentio.]
