3230 5282
542 600 667 656 Lib.
706 597 958 655 XXXVI.
1638 587 1760 648 518

544 771 804 838 futurus
850 779 1049 850 esset,
1097 772 1316 854 gratia
1358 778 1476 836 aut
1520 769 1720 835 favor.
1812 769 2062 853 Opinor
2105 771 2309 854 igitur
2356 772 2608 835 Livium
2656 771 2856 855 scrip-

547 880 743 946 sisse:
812 880 954 945 His
1016 880 1134 945 ita
1189 879 1269 945 in
1326 885 1624 945 senatu
1680 879 1867 941 hand
1925 878 2023 942 ad
2067 878 2175 957 id,
2235 899 2404 962 quae
2453 881 2678 943 cuius
2727 878 2854 958 (vel

544 987 766 1072 potius
815 989 1238 1072 cuiusque,
1285 994 1358 1052 ut
1394 987 1755 1070 Rupertius
1805 985 2095 1069 scripsit)
2145 987 2577 1067 provincia
2621 985 2852 1064 foret,

546 1094 911 1159 decretis
981 1094 1179 1177 (ohne
1235 1093 1601 1160 Riicksicht
1671 1093 1936 1170 darauf,
2005 1093 2245 1158 welche
2303 1094 2575 1158 Provinz
2635 1094 2855 1177 jedem

543 1202 662 1266 der
699 1201 990 1267 Consuln
1025 1202 1307 1268 zufallen
1341 1201 1611 1283 wiirde).
1681 1202 1847 1266 Nam
1882 1202 2239 1267 violentum
2276 1209 2404 1266 est:
2453 1204 2528 1266 in
2568 1208 2854 1266 senatu

545 1309 640 1374 ab
699 1309 1039 1392 ignaris,
1096 1330 1261 1394 quae
1318 1311 1713 1392 cuiusque
1760 1317 1884 1374 cet.
1991 1308 2200 1385 Quam
2246 1309 2439 1374 facile
2484 1309 2696 1374 haud
2741 1309 2853 1373 illo

541 1416 687 1482 loco
735 1418 1037 1483 excidere
1086 1418 1394 1500 potuerit,
1441 1424 1739 1501 apparet.

715 1523 871 1609 Cap.
919 1531 989 1605 4,
1056 1530 1117 1588 1:
1189 1525 1350 1591 Sub
1427 1524 1634 1596 idem
1694 1532 2007 1609 tempus
2065 1526 2326 1608 legati
2384 1525 2477 1588 ab
2538 1511 2849 1588 duobus

540 1633 904 1715 regibus,
951 1632 1335 1717 Philippo
1382 1632 1882 1697 Macedoniae
1931 1640 2008 1697 et
2050 1633 2482 1698 Ptolemaeo
2529 1632 2851 1714 AEgypti

541 1761 746 1823 rege,
793 1741 1115 1806 Romam
1161 1747 1581 1820 venerunt,
1640 1739 2133 1823 pollicentes
2179 1740 2277 1804 ad
2324 1739 2627 1804 bellum
2673 1759 2851 1802 aux-

542 1847 695 1912 ilia
722 1854 797 1912 et
840 1848 1271 1931 pecuniam
1318 1855 1392 1913 et
1437 1847 1959 1927 frumentum3
2008 1848 2101 1912 ab
2140 1847 2570 1912 Ptolemaeo
2613 1848 2853 1910 etiam

540 1955 765 2021 mille
812 1956 1078 2039 pondo
1126 1956 1326 2034 auri,
1374 1957 1673 2039 viginti
1717 1955 1978 2019 millia
2022 1954 2288 2039 pondo
2336 1956 2665 2037 argenti
2713 1953 2853 2018 ad·

541 2063 732 2129 lata.
844 2063 1003 2129 Haec
1073 2084 1202 2128 000
1257 2064 1354 2128 ita
1414 2085 1454 2128 a
1508 2063 1692 2127 Livio
1752 2065 1999 2147 scripta
2059 2084 2231 2140 esse,
2300 2061 2594 2126 nonnihil
2655 2062 2851 2125 etiam

541 2172 863 2236 orationis
923 2170 1135 2237 forma
1190 2171 1438 2252 arguit,
1505 2172 1572 2235 in
1641 2172 1924 2253 repetito
1995 2178 2145 2252 post
2203 2168 2534 2253 regibus
2591 2169 2851 2233 nomine

540 2299 728 2361 rege
776 2278 1037 2357 vitiosa,
1109 2277 1226 2343 sed
1283 2278 1491 2343 multo
1549 2279 1759 2360 magis
1808 2278 2092 2357 codices,
2162 2299 2201 2341 a
2247 2276 2485 2359 quibus
2532 2276 2850 2352 omnibuS,

543 2392 821 2469 excepto
867 2407 999 2452 uno
1047 2385 1641 2469 interpolatissimo
1689 2385 1867 2468 apud
1914 2383 2309 2462 Creverium,
2368 2385 2559 2448 abest
2606 2385 2852 2448 Mace-

544 2492 803 2559 doniae
848 2492 917 2573 (a
962 2494 1015 2557 B
1063 2493 1263 2559 etiam
1310 2499 1404 2572 et,
1446 2499 1527 2556 ‘ut
1571 2494 1931 2558 scribatur:
1992 2493 2371 2576 Philippo
2420 2490 2849 2556 Ptolemaeo

541 2599 873 2685 AEgypti
917 2600 1153 2684 rege).
1264 2600 1497 2683 Itaque
1545 2600 1942 2679 GronoviuS,
2011 2622 2213 2685 quum
2271 2607 2387 2665 aut
2445 2600 2511 2664 in
2568 2608 2850 2683 utroque

544 2714 661 2774 aut
706 2709 773 2774 in
817 2715 1052 2773 neutro
1100 2710 1282 2790 regni
1328 2730 1568 2774 nomen
1615 2709 1990 2774 addendum
2037 2715 2243 2787 esset,
2316 2707 2512 2772 scribi
2558 2706 2850 2770 volebat:

541 2850 629 2861 -—
685 2815 1047 2899 regibuS,
1109 2815 1505 2901 Philippo
1568 2824 1646 2881 et
1706 2816 2177 2902 Ptolemaebo,
2238 2817 2564 2899 Romam·
2617 2835 2851 2878 vene-

540 2930 748 2988 runt.
835 2922 963 2989 Sed
1008 2925 1074 2988 in
1121 2923 1348 2989 codice
1396 2924 1587 3007 longe
1634 2925 1906 3008 optimo,
1955 2924 2037 3002 M,
2086 2932 2409 3007 praeterea
2454 2942 2573 3005 pro
2618 2920 2852 3003 polli-

544 3038 824 3096 centes
897 3031 1207 3096 scribitur
1259 3031 1648 3115 Philippo
1720 3031 2197 3114 pollicente,
2267 3052 2398 3112 quo
2458 3030 2603 3093 loco
2663 3048 2852 3091 nemo

543 3143 660 3202 aut
713 3139 887 3202 inter
943 3145 1337 3203 venerunt
1394 3146 1462 3203 et
1517 3138 2019 3221 pollicentes
2076 3136 2424 3203 additurus
2472 3136 2851 3218 Philippo

542 3251 690 3310 erat
735 3244 814 3311 de
861 3266 979 3310 suo
1028 3253 1146 3311 aut
1192 3246 1696 3329 pollicentes
1742 3253 2136 3310 mutaturus.
2236 3246 2554 3328 Apparet,
2604 3243 2854 3326 opinor,

542 3359 687 3430 aut,
770 3352 1028 3418 adscita
1105 3352 1417 3418 Gronovii
1470 3355 1910 3433 coniectura,
2004 3353 2098 3417 sic
2177 3352 2598 3417 scribendum
2676 3370 2847 3414 esse:

372 3459 816 3542 (417)legati
871 3460 966 3525 ab
1030 3460 1348 3525 duobus
1405 3461 1768 3542 regibus,
1836 3460 2222 3543 Philippo
2271 3466 2346 3525 et
2390 3459 2852 3533 Ptolemaeo,

542 3567 861 3632 Romam
920 3574 1352 3647 venerunt3
1420 3566 1810 3650 Philippo
1869 3567 2320 3650 pollicente
2381 3568 2527 3650 (per
2571 3563 2851 3645 legatos)

541 3672 638 3738 ad
696 3674 1002 3739 bellum
1058 3674 1369 3739 auxilia
1430 3682 1507 3739 et
1565 3675 2002 3758 pecuniam
2049 3682 2130 3739 et
2175 3675 2689 3749 frumentum,
2757 3670 2853 3735 ab

538 3780 981 3847 Ptolemaeo
1044 3783 1290 3846 etiam
1349 3780 1815 3865 (praeterquam
1872 3783 2047 3865 quod
2104 3784 2333 3847 eadem
2390 3777 2853 3865 pollicebatur)

537 3888 770 3954 mille
827 3888 1094 3972 pondo
1155 3889 1339 3953 auri
1382 3923 1468 3933 —
1513 3887 1831 3968 adlata,
1890 3897 2004 3954 aut
2060 3892 2279 3973 potius
2326 3886 2855 3970 intellegendum,

539 4016 744 4080 quum
799 3997 897 4060 ita
940 3995 1163 4059 Livius
1224 3996 1634 4078 scripsisset,
1704 4003 1776 4061 ut
1830 3997 2095 4061 nomina
2155 4018 2377 4079 regum
2437 4018 2568 4061 non
2628 3994 2856 4059 statim

539 4104 898 4169 coniuncta
964 4110 1266 4186 poneret,
1337 4104 1454 4169 sed
1526 4105 1886 4187 separatim
1958 4104 2339 4169 subiiceret:
2423 4102 2683 4184 legati
2755 4099 2855 4191 ⁸ab

539 4209 863 4275 duobus
918 4211 1254 4293 regibus
1301 4211 1627 4276 Romam
1671 4220 2099 4291 venerunt3
2167 4212 2555 4294 Philippo
2605 4207 2856 4291 polli-

539 4324 778 4383 cente
840 4316 940 4382 ad
997 4318 1302 4383 bellum
1360 4340 1418 4383 a.
1467 4340 1521 4384 e.
1570 4342 1631 4403 p.
1680 4342 1733 4384 e.
1783 4319 1906 4397 fr.,
1964 4319 2057 4383 ab
2113 4318 2550 4385 Ptolemaeo
2611 4316 2856 4380 etiam

545 4431 700 4505 cet.,
754 4459 839 4469 —
888 4446 1091 4509 quum
1139 4427 1252 4505 sic,
1300 4428 1597 4511 inquam,
1672 4427 1892 4492 Livius
1941 4427 2341 4509 scripsisset,
2398 4425 2615 4490 aliena
2661 4443 2858 4488 manu
