3230 5282
621 589 745 643 Lib.
784 589 876 643 IX.
1716 578 1842 638 210

622 782 748 844 que
793 762 864 825 vi
911 764 1255 847 quisquam
1300 763 1402 842 fit3
1451 765 1566 829 sed
1610 770 1687 828 ut
1731 763 1936 839 fieret,
1981 762 2200 825 Livius
2246 768 2485 840 tamen,
2533 782 2946 844 quamquam,

617 870 686 933 in
753 868 1118 935 clarissimo
1176 871 1401 954 populi
1448 872 1729 937 Romani
1786 872 2189 954 imperatore
2253 870 2451 933 etiam
2508 871 2802 953 corporis
2862 872 2927 934 in

620 977 796 1040 omni
861 996 1099 1057 genere
1164 977 1545 1044 firmitatem
1601 979 1780 1043 fama
1836 977 2236 1042 celebratam
2293 977 2928 1041 commemorandam

616 1090 919 1166 putaret,
987 1085 1283 1169 profecto
1353 1108 1482 1151 non
1555 1088 1960 1164 dubitasset,
2030 1107 2115 1149 an
2186 1084 2439 1149 multa
2514 1085 2925 1151 exercita-

615 1192 834 1255 tione
891 1192 1021 1256 vini
1067 1192 1325 1275 cibique
1373 1196 1843 1279 capacissimus
1891 1192 2234 1272 evasisset3
2303 1213 2515 1274 neque
2563 1195 2737 1258 enim
2784 1201 2924 1258 tam

614 1298 811 1364 foeda
854 1302 1238 1366 exercitatio
1285 1302 1351 1364 in
1396 1310 1682 1368 mentem
1725 1302 2028 1366 venisset.
2143 1301 2417 1364 Poterat
2473 1301 2761 1365 editores
2810 1302 2927 1365 ad-

613 1428 879 1471 monere
936 1409 1180 1473 citatus
1227 1430 1268 1472 a
1311 1409 1854 1475 Drakenborchio
1901 1409 2223 1487 ZonaraS,
2294 1409 2407 1488 qui
2453 1407 2607 1486 VII,
2670 1412 2750 1470 26
2798 1408 2923 1472 Pa-

612 1516 851 1598 pirium
886 1514 1230 1580 Cursorem
1276 1518 1686 1600 appellatum
1731 1517 1964 1582 scribit
2009 1522 2097 1578 ῦιά
2141 1543 2195 1577 τε
2239 1524 2332 1590 τὴν
2377 1520 2484 1585 ἕξιν
2530 1513 2618 1596 (ἦν
2650 1523 2760 1597 γὰρ
2797 1522 2923 1596 δρο-

608 1622 925 1704 μικώτατος)
971 1631 1062 1685 καὶ
1104 1631 1192 1685 διὰ
1240 1632 1331 1700 τὴν
1366 1630 1594 1701 ἄσκησιν
1630 1632 1722 1701 τὴν
1754 1632 1848 1686 τοῦ
1881 1631 2100 1705 δρόμου.
2202 1624 2433 1705 Itaque
2468 1624 2591 1687 Dio
2631 1622 2924 1702 CaSSiUS‚

611 1750 802 1810 quem
862 1731 1148 1795 Zonaras
1207 1733 1535 1814 sequitur,
1603 1734 1888 1816 primum
1946 1730 2113 1794 Livii
2178 1731 2380 1795 verba
2447 1732 2539 1795 sic
2607 1731 2927 1797 distincta

607 1837 886 1920 legerat:
984 1841 1540 1924 victoremque
1631 1862 1872 1905 cursu
1965 1840 2309 1902 omnium
2398 1840 2665 1903 aetatis
2761 1861 2924 1904 suae

607 1943 868 2009 fuisse
925 1946 1199 2012 ferunt
1254 1970 1391 2013 seu
1439 1948 1626 2029 (nonz
1704 1953 1785 2012 et
1830 1946 1996 2025 seu)
2045 1947 2336 2010 virium
2383 1948 2455 2010 vi
2501 1967 2640 2011 seu
2687 1968 2923 2011 exer-

576 2053 1010 2118 'citatione
1079 2055 1362 2136 multa,
1433 2057 1598 2121 cibi
1669 2055 2000 2137 vinique
2058 2054 2395 2118 eundem
2456 2056 2923 2137 capacissi-

605 2182 821 2225 mum.
895 2160 1052 2244 [cfr.
1079 2161 1376 2241 XXVIII,
1417 2168 1516 2241 20,
1556 2169 1624 2227 3:
1674 2162 2486 2245 corporum—multa
2522 2164 2922 2226 exercita-

604 2269 828 2332 tione
886 2269 1383 2352 pernicium.]
1497 2271 1754 2354 (Neque
1799 2268 2128 2353 profect0‚
2189 2277 2264 2333 ut
2308 2269 2432 2332 hoc
2479 2268 2745 2347 addam,
2807 2269 2920 2333 Li-

601 2376 744 2439 vius
802 2397 1162 2458 pronomen
1220 2378 1582 2457 eundem,
1654 2399 1784 2461 quo
1853 2398 2035 2443 novae
2103 2378 2200 2441 rei
2267 2377 2607 2441 adiunctio
2667 2377 2921 2459 signifi·

603 2488 820 2559 catur,
881 2485 948 2547 in
1007 2483 1333 2549 decimum
1386 2486 1603 2550 locum
1651 2485 2042 2565 reiecisset.)
2145 2485 2396 2549 Deinde
2443 2505 2572 2548 non
2618 2485 2922 2550 virium

600 2590 676 2652 vi
744 2590 926 2656 illam
996 2593 1403 2659 celeritatem
1475 2615 1714 2659 cursus
1788 2592 2090 2658 effectam
2147 2591 2371 2657 Livius
2426 2598 2726 2677 putarat,
2797 2592 2920 2658 sed

601 2717 916 2764 crurum.
1019 2702 1095 2765 In
1153 2723 1375 2767 eorum
1431 2703 1495 2766 vi
1557 2709 1624 2767 et
1679 2701 1918 2767 robore
1975 2703 2194 2784 posita
2253 2707 2352 2764 est
2409 2705 2513 2770 ἕξις
2556 2702 2675 2764 viri
2722 2707 2922 2780 δρομι-

599 2815 849 2869 κωτάτου.
964 2808 1397 2891 [Rectissime,
1468 2814 1981 2875 commemorata
2037 2809 2333 2872 universe
2394 2808 2673 2891 pedum
2739 2829 2921 2891 per-

595 2915 978 2995 nicitate,
1038 2916 1311 2981 dubium
1354 2918 1639 2999 relinqui
1687 2915 2126 2997 significatur,
2188 2922 2408 2979 utrum
2451 2916 2677 2980 nativa
2720 2916 2781 2978 vi
2828 2937 2919 2980 an

598 3023 1064 3088 exercitatione
1112 3046 1191 3090 ea
1235 3026 1592 3107 pernicitas
1642 3031 1834 3108 parta
1880 3022 2087 3105 sit.]1)

769 3130 925 3215 Cap.
982 3138 1087 3211 18,
1151 3137 1221 3195 11
1287 3132 1382 3214 (in
1438 3133 1931 3217 comparatione
1977 3130 2333 3194 Alexandri
2392 3135 2458 3193 et
2503 3130 2732 3213 populi
2779 3130 2918 3195 Ro-

595 3240 791 3317 mani,
849 3240 964 3312 ubi
1012 3239 1092 3304 de
1136 3241 1457 3305 varietate
1502 3239 1785 3306 fortunae
1833 3238 2108 3321 agitur):
2181 3237 2386 3313 Quin
2433 3245 2518 3301 tu
2565 3238 2917 3302 hominis

597 3366 765 3409 cum
821 3346 1138 3411 homine
1197 3354 1274 3412 et
1331 3348 1558 3413 ducis
1619 3367 1786 3412 cum
1834 3346 2029 3410 duce
2075 3345 2494 3410 fortunam
2540 3366 2709 3409 cum
2755 3343 2915 3408 for·

594 3459 793 3517 tuna
849 3452 1208 3518 confers?
1293 3453 1533 3518 Mirum
1592 3460 1724 3532 est,
1811 3475 2009 3536 quam
2067 3455 2298 3517 inanes
2355 3452 2703 3516 verborum
2763 3454 2917 3516 soni

593 3558 922 3623 interdum
980 3582 1170 3625 aures
1227 3567 1624 3643 praetereant
1679 3567 1797 3626 aut
1852 3562 2071 3644 potius
2117 3561 2358 3625 litterae
2405 3559 2649 3636 ocuIOS,
2714 3561 2915 3642 quasi

595 3669 923 3732 sententia
965 3668 1141 3733 insit.
1221 3669 1585 3734 Hominis
1644 3669 2060 3733 fortunam
2120 3689 2289 3732 cum
2346 3667 2694 3732 hominis
2741 3666 2914 3730 for-

595 3780 790 3838 tuna
836 3775 1201 3840 conferre
1247 3776 1407 3857 quid
1452 3779 1558 3856 sit,
1619 3797 1842 3841 omnes
1889 3781 2149 3854 norunt,
2197 3795 2449 3858 proque
2497 3795 2572 3837 eo
2617 3772 2914 3836 naturali

594 3880 877 3962 quadam
946 3884 1261 3948 orationis
1328 3885 1652 3949 brevitate
1712 3890 1779 3948 et
1834 3883 1993 3966 fuga
2049 3882 2331 3965 genetivi
2386 3879 2548 3944 nudi
2593 3880 2913 3962 praeposi-

591 3989 756 4052 tioni
804 3990 1081 4055 subiecti
1128 3992 1474 4057 substitui:
1522 3992 1868 4057 hominis
1914 3990 2322 4055 fortunam
2368 4010 2537 4088 cum
2585 3986 2912 4051 homine

647 4265 692 4330 ¹)
735 4264 1250 4333 [QuodBadhamus
1286 4286 1391 4337 pro
1431 4268 1955 4337 capacissimum
1993 4266 2167 4321 scribi
2201 4266 2379 4319 voluit
2412 4264 2908 4334 parcissimum,

727 4352 964 4416 erravit3
1010 4369 1140 4405 nam
1185 4354 1300 4406 vini
1347 4355 1640 4422 copiosum
1687 4370 1849 4406 usum
1886 4353 1943 4404 in
1980 4350 2209 4418 Papirio
2247 4350 2593 4404 celebratum
2633 4349 2913 4402 sermoni·

726 4437 827 4488 bus
867 4444 922 4490 et
967 4437 1114 4489 fama
1147 4438 1334 4502 fuisse,
1372 4439 1478 4491 Dio
1519 4438 1740 4491 Cassius
1779 4434 2067 4503 ostendit.]
