3230 5282
457 553 582 607 Lib.
619 551 791 606 XXII.
1557 539 1679 601 306

461 724 857 808 spectior,
938 745 1174 806 quum
1242 724 1703 805 dignitates
1771 723 2168 789 deessent.
2293 723 2774 805 Dignitates

460 831 791 915 appellari
871 831 1049 914 ipsos
1127 829 1425 895 homines
1502 830 1824 913 dignitate
1903 836 1970 894 et
2047 828 2393 895 honestate
2470 832 2776 914 insigneS‚

461 922 735 1024 prorsus
781 940 1172 1003 inusitatum
1221 944 1322 1003 est
1368 936 1479 1021 [—
1524 958 1646 1003 nec
1691 939 1883 1018 enim,
1929 939 2107 1022 quod
2152 938 2404 1004 Plinius
2448 937 2529 1002 H.
2577 939 2653 1002 N.
2694 938 2769 1017 V,

290 1062 431 1130 (250)
474 1051 551 1112 12
608 1048 702 1112 sic
759 1046 1001 1111 dixisse
1045 1046 1333 1127 videtur,
1402 1045 1489 1110 ad
1534 1045 1785 1110 Livium
1845 1046 2130 1129 pertinet
2181 1044 2328 1127 —];
2394 1067 2518 1110 nec
2563 1046 2774 1111 simile

463 1162 591 1235 est,
650 1154 829 1239 quod
874 1152 1104 1220 Cicero
1153 1154 1300 1238 (pro
1350 1153 1520 1219 Sest.
1572 1158 1686 1233 51,
1749 1154 1898 1236 109)
1944 1154 2011 1218 in
2056 1154 2388 1219 rhetorica
2433 1175 2775 1219 enumera-

462 1265 648 1328 tione
726 1284 1000 1327 omnes
1076 1261 1553 1327 honestates
1635 1263 2044 1340 civitatis,
2127 1283 2401 1327 omnes
2468 1268 2771 1341 aetates,

464 1392 739 1437 omnes
787 1369 1120 1436 ordines
1167 1371 1539 1435 consentire
1583 1370 1652 1433 in
1696 1370 1924 1452 aliqua
1969 1390 2170 1434 causa
2215 1370 2405 1450 dicit,
2464 1391 2595 1435 non
2640 1372 2775 1435 sin-

463 1480 650 1563 gulos
694 1480 990 1544 homines
1036 1477 1511 1556 demonstrans,
1560 1476 1678 1542 sed
1724 1497 1963 1559 genera
2008 1484 2076 1542 et
2109 1478 2351 1543 classes
2385 1477 2775 1557 honestatiS,

462 1586 784 1671 quidquid
840 1587 928 1651 sit
981 1585 1236 1651 honesti
1294 1592 1360 1650 et
1415 1586 1672 1667 integri.
1788 1584 1968 1667 [Lael.
2019 1590 2097 1649 69
2145 1586 2422 1651 multum
2469 1587 2658 1652 abest
2698 1594 2777 1652 ut

461 1697 590 1779 ipsi
658 1694 959 1760 homines
1028 1694 1544 1758 excellentiae
1614 1694 1954 1772 dicantur,
2026 1694 2140 1758 sed
2210 1693 2610 1759 excellentiae
2678 1695 2775 1758 di-

464 1809 708 1868 cuntur
774 1823 918 1867 esse
984 1798 1372 1883 hominum]
1495 1801 1800 1879 Accedit,
1872 1802 2049 1882 quod
2115 1802 2327 1866 turbae
2393 1824 2528 1867 non
2593 1809 2774 1868 recte

463 1912 821 1993 dignitates
867 1909 1140 1993 (plurali
1172 1909 1471 1990 numero)
1508 1910 1855 1974 contrariae
1889 1916 2243 1992 ponuntur.
2315 1910 2533 1974 Livius
2570 1911 2775 1994 scrip·

464 2025 673 2084 serat:
723 2018 969 2082 turba
1015 2018 1560 2099 conspectior,
1609 2039 1844 2099 quum
1891 2015 2259 2099 dignitas
2309 2017 2652 2082 deesset.

633 2125 827 2209 *Cap.
878 2129 956 2189 41
977 2176 991 2203 ,
1056 2129 1093 2187 7
1152 2122 1261 2203 (de
1308 2124 1681 2189 Hannibale
1740 2124 2012 2189 insidias
2057 2126 2372 2189 Romanis
2418 2125 2770 2206 struente):

462 2240 859 2314 transque
928 2234 1342 2316 proximos
1413 2238 1724 2297 montes
1781 2231 1977 2296 laeva
2032 2233 2362 2315 pedites
2417 2234 2771 2298 instruc-

460 2346 590 2406 tos
650 2340 963 2418 condit,
1021 2340 1307 2405 dextra
1363 2341 1718 2421 equites;
1777 2340 2365 2423 impedimenta
2411 2362 2551 2424 per
2597 2363 2772 2406 con-

461 2448 753 2513 vallem
820 2448 1165 2512 medium
1235 2468 1520 2531 agmen
1575 2447 1967 2512 traducit.
2077 2448 2226 2512 Non
2284 2449 2774 2532 elegantissima

462 2554 602 2619 haec
649 2556 1011 2638 appositio:
1082 2554 1664 2639 impedimenta
1717 2555 2062 2620 medium
2118 2576 2397 2637 agmen
2453 2556 2604 2639 (hoc
2650 2565 2770 2636 est,

459 2672 774 2746 tanquam
819 2664 1105 2730 medium
1150 2663 1445 2747 agmen);
1503 2663 1621 2730 sed
1675 2664 1928 2729 nullum
1986 2673 2132 2730 erat
2177 2667 2440 2730 omnino
2485 2666 2772 2731 medium

462 2791 726 2854 agmen,
781 2774 1094 2856 quoniam
1149 2773 1409 2856 pedites
1467 2773 1856 2855 equitesque
1913 2794 2044 2838 non
2101 2773 2185 2837 ab
2241 2779 2523 2856 utroque
2568 2775 2772 2857 impe·

462 2879 899 2945 dimentorum
943 2880 1150 2946 latere
1195 2880 1585 2957 transibant,
1633 2880 1749 2945 sed
1796 2880 2093 2945 traducti
2142 2883 2275 2946 iam
2323 2887 2474 2963 post
2517 2888 2773 2946 montes

460 2989 765 3054 instructi
812 2990 1100 3054 stabant.
1190 2988 1265 3052 In
1312 2989 1362 3052 P
1409 2995 1541 3053 est:
1613 3010 1760 3072 per
1822 2988 2329 3053 cornuallem
2386 2989 2771 3054 medium-

462 3117 764 3162 amnem
832 3097 1231 3175 traducit,
1301 3096 1429 3163 hoc
1497 3103 1628 3161 est:
1711 3118 1850 3179 per
1919 3095 2367 3160 convallem
2434 3095 2769 3162 mediam

459 3204 849 3282 traducit,
909 3209 1228 3282 correct0,
1278 3203 1459 3286 quod
1503 3204 1788 3287 primum
1834 3205 2153 3285 scriptum
2198 3211 2361 3284 erat,
2407 3205 2768 3282 medium,

459 3312 685 3377 addito
734 3313 969 3378 deinde
1014 3333 1204 3388 nem,
1250 3317 1324 3376 ut
1369 3311 1504 3375 dixi
1550 3311 1748 3394 paulo
1797 3317 1949 3375 ante
1997 3311 2081 3374 ad
2128 3332 2181 3375 c.
2230 3316 2330 3392 28,
2378 3317 2435 3376 4.

630 3417 788 3503 Cap.
836 3425 937 3498 45,
986 3423 1023 3482 7
1102 3417 1197 3498 (in
1256 3418 1697 3501 descriptione
1754 3419 1919 3484 aciei
1979 3419 2288 3483 Romanae
2344 3420 2428 3484 ad
2489 3417 2768 3500 Cannas,

456 3535 813 3610 postquam
849 3527 929 3592 de
966 3527 1293 3592 sociorum
1328 3525 1663 3608 peditibus
1699 3527 2164 3608 equitibusque
2199 3527 2771 3608 dixit):—tenu-

458 3640 722 3713 erunt3
800 3633 1314 3699 iaculatores
1383 3654 1552 3699 cum
1622 3636 1938 3699 ceteris
2004 3635 2301 3699 levium
2367 3656 2766 3702 armorum

456 3742 793 3806 auxiliis
849 3743 1111 3824 prima
1169 3742 1387 3807 acies
1432 3743 1678 3807 facta.
1780 3740 2057 3807 Codices
2103 3743 2329 3823 (etiam
2376 3743 2766 3825 deteriores)

454 3847 961 3914 iaculatores
1029 3871 1118 3915 ex
1185 3851 1513 3915 ceteris.
1626 3849 1806 3914 Nihil
1863 3849 2378 3930 desiderabitur,
2448 3853 2504 3916 si
2563 3852 2768 3935 scrip-

456 3958 651 4021 seris:
741 3962 1206 4038 tenuerunt3
1283 3978 1374 4022 ex
1429 3959 1730 4022 ceteris
1789 3993 1875 4002 ——
1933 3958 2190 4040 prima
2246 3960 2465 4024 acies
2523 3960 2764 4024 facta.

455 4065 643 4130 Levis
689 4073 1040 4130 armaturae
1087 4064 1335 4130 auxilia
1379 4071 1775 4149 separantur
1820 4065 1904 4130 ab
1948 4065 2203 4131 Latinis
2249 4073 2316 4131 et
2350 4066 2538 4132 Italis
2586 4068 2767 4148 equi-

456 4172 632 4238 tibus
711 4173 1191 4256 peditibusque.
1318 4173 1836 4238 Iaculatores
1918 4173 2290 4257 explicandi
2372 4196 2575 4240 causa
2651 4175 2767 4240 ad-

454 4281 771 4364 scriptum
805 4281 1064 4346 videtur
1099 4281 1163 4361 (e
1198 4302 1337 4364 cap.
1364 4286 1463 4359 46,
1494 4286 1556 4344 1:
1603 4281 2128 4361 Baliaribus).
2178 4281 2423 4363 (1862.)
2481 4282 2640 4366 Cap.
2665 4287 2766 4362 46,

457 4393 493 4451 5
542 4411 621 4453 ex
666 4388 1118 4453 antetalius
1156 4388 1262 4468 (P)
1299 4387 1674 4452 faciendum
1719 4396 1894 4454 erat:
1942 4397 2116 4451 ante
2163 4390 2363 4452 alios
2409 4390 2766 4471 (habitus
