3230 5282
1470 652 1587 713 331
2324 664 2447 717 Lib.
2484 662 2680 718 XXIV.

374 834 548 899 viro
588 839 997 900 certamen
1035 835 1341 917 ortum),
1367 835 1666 916 XXXIX,
1690 842 1748 916 4,
1773 842 1811 901 8
1836 842 1903 901 et
1937 840 2101 915 22,8
2129 842 2192 900 et
2218 840 2317 914 30,
2350 841 2402 915 1,
2428 835 2597 915 XLI,
2624 840 2681 915 5,

385 946 440 1019 1,
470 939 668 1021 XLII,
706 946 807 1021 20,
853 950 906 1022 1,
952 950 1071 1009 aut
1115 964 1308 1010 casus
1342 944 1621 1008 nominis
1659 943 1799 1009 sine
1833 944 2316 1027 praepositione,
2353 943 2530 1009 velut
2568 944 2683 1009 ab·

377 1049 619 1115 lativus
663 1050 713 1129 1,
765 1055 860 1130 10,
908 1054 945 1114 5
992 1049 1264 1131 (factis
1309 1051 1429 1116 vir
1473 1050 2023 1135 magnificus),
2070 1050 2154 1131 11,
2203 1056 2302 1133 60,
2347 1060 2387 1118 4
2434 1051 2684 1133 (varia

376 1157 708 1223 fortuna
752 1179 1038 1223 annum
1077 1159 1497 1240 exactum),
1531 1159 1648 1239 III,
1690 1164 1742 1240 1,
1780 1166 1839 1239 4,
1875 1159 1982 1237 IV,
2024 1163 2124 1240 24,
2163 1165 2294 1226 2et
2318 1164 2481 1239 30,ss
2508 1160 2682 1241 (siti

376 1286 749 1349 pecorum
795 1266 1352 1348 morientium),
1398 1266 1569 1346 VIII,
1615 1271 1714 1348 29,
1761 1272 1797 1331 3
1845 1266 2093 1348 (bello
2140 1289 2410 1351 poenae
2457 1290 2684 1352 expe-

376 1374 593 1454 titoe),
653 1374 764 1454 IX,
810 1379 870 1453 7,
920 1379 955 1438 3
1004 1376 1066 1453 (0
1113 1376 1278 1440 coni.
1328 1374 1559 1457 Gron.)
1607 1384 1674 1441 et
1719 1379 1818 1455 20,
1869 1380 1925 1455 5,
1971 1374 2144 1456 XXI,
2192 1378 2291 1456 36,
2337 1380 2395 1455 2,
2443 1376 2682 1455 XXIII,

389 1485 482 1561 11,
546 1486 642 1561 11,
701 1481 934 1561 XXVI,
983 1486 1085 1561 27,
1139 1489 1189 1562 1,
1236 1483 1500 1563 XXVII,
1547 1487 1649 1563 36,
1698 1488 1736 1547 2
1785 1483 1910 1565 (ad
1955 1485 2325 1550 mercede
2372 1484 2684 1549 auxilia

377 1589 961 1671 conducenda),
1019 1590 1358 1670 XXXVII,
1421 1596 1520 1671 51,
1580 1596 1638 1671 6,
1697 1591 1924 1673 XLIV,
1984 1596 2081 1673 33,
2143 1598 2239 1671 10,
2299 1592 2557 1657 dativus
2604 1591 2683 1669 II,

381 1701 488 1776 34,
561 1701 635 1761 12
693 1697 990 1780 (omnia
1045 1698 1337 1763 invitis
1393 1700 1572 1764 iura
1627 1700 2064 1783 imposita),
2130 1701 2248 1780 VI,
2314 1703 2419 1780 19,
2481 1704 2509 1763 1
2562 1699 2684 1781 (de

377 1806 832 1871 imminenti
888 1805 1090 1871 mole
1145 1806 1587 1889 libertati),
1658 1808 1844 1887 XXI,
1904 1813 2004 1889 57,
2070 1813 2148 1873 12
2194 1808 2404 1890 (duci
2450 1808 2683 1873 miles

376 1912 705 1994 fidens),
776 1913 993 1993 XXII,
1051 1918 1168 1993 42,
1229 1919 1339 1993 10,
1411 1913 1661 1993 XXIII,
1726 1920 1830 1996 14,
1903 1922 1927 1980 1
1983 1916 2300 2001 (praeter
2355 1917 2684 1982 insitam

377 2021 875 2087 industriam
944 2023 1295 2104 animis),
1363 2022 1669 2102 XXXIV,
1740 2027 1848 2103 32,
1918 2028 1955 2088 9
2016 2024 2476 2107 (egentibus
2547 2024 2683 2089 ho-

380 2129 737 2194 minibus
797 2130 973 2214 agri
1031 2130 1277 2195 divisi
1324 2131 1728 2213 crimina),
1788 2133 2128 2215 genetivus
2175 2132 2267 2211 ΙΙ,
2328 2137 2436 2212 59,
2495 2139 2531 2195 9
2578 2131 2684 2213 (in

376 2238 879 2320 proditorem
923 2240 1377 2304 exercitum
1423 2238 1815 2306 militaris
1862 2239 2366 2324 disciplinae),
2416 2262 2684 2306 accusa-

332 2330 548 2409 tivus
582 2344 691 2425 VI,
737 2350 837 2424 21,
885 2352 925 2410 4
962 2347 1296 2429 (Nepete
1343 2347 1686 2413 coloniae
1732 2348 2270 2430 deducendae),
2321 2348 2516 2428 XXV,
2554 2354 2679 2427 5,1

378 2451 775 2533 (fraudem
820 2454 1167 2519 audacia
1209 2455 1696 2539 protegens),
1757 2456 2048 2536 XXXVI,
2108 2459 2208 2535 24,
2272 2462 2344 2520 12
2395 2457 2686 2538 (decre-

376 2567 537 2625 tum
561 2561 1598 2641 AEtolorum——T.Quinctio
1635 2565 2059 2649 poscenti),
2097 2564 2454 2646 XXXVIII,
2492 2571 2590 2646 33,
2628 2571 2682 2630 7.

376 2670 591 2735 Semel
657 2669 1015 2737 infinitivus
1083 2673 1177 2737 sio
1232 2694 1273 2737 a
1317 2673 1667 2757 participio
1730 2679 2082 2757 separatur
2139 2674 2413 2753 XXVII,
2481 2681 2585 2748 12,
2646 2681 2682 2736 ἴ)

378 2777 646 2862 (rapto
713 2780 983 2845 vivere
1058 2780 1463 2846 hominum
1532 2780 2088 2862 assuetorum).
2201 2783 2366 2846 Ante
2434 2783 2684 2848 Livium

377 2885 501 2951 hac
544 2887 965 2968 traiectione,
1034 2889 1153 2954 sed
1198 2889 1404 2954 multo
1453 2890 1747 2971 parcius,
1817 2889 2046 2955 Cicero
2093 2911 2252 2954 usus
2299 2898 2427 2968 est,
2497 2891 2682 2955 cuius

374 2992 512 3059 11ωο
570 2995 872 3079 exempla
929 3016 1048 3078 ego
1105 3002 1174 3061 et
1220 2995 1567 3080 Siesbyeus
1626 2997 2111 3062 adnotavimus:
2182 2996 2363 3061 Orat.
2423 3002 2504 3062 77
2563 2997 2683 3079 (de

374 3123 457 3166 re
517 3101 868 3168 hominis
926 3105 1179 3187 magis
1237 3125 1468 3187 quam
1526 3103 1619 3169 de
1663 3105 1937 3170 verbis
1984 3105 2504 3186 laborantis),
2561 3126 2682 3188 pro

376 3209 634 3286 Quinct.
682 3216 722 3276 4
780 3211 1085 3293 (multis
1141 3212 1671 3277 incommodis
1728 3213 2033 3278 veritas
2094 3212 2570 3293 debilitata)
2618 3221 2684 3277 et

384 3321 454 3379 11
515 3316 1013 3398 (ceterarum
1078 3342 1344 3385 rerum
1413 3320 2031 3403 paterfamilias
2088 3319 2497 3404 prudens),
2566 3342 2683 3404 pro

375 3426 563 3491 Rosc.
599 3426 742 3491 Am.
780 3431 860 3491 68
908 3428 1301 3509 (omnibus
1346 3427 1710 3512 flagitiis
1757 3430 1925 3494 vita
1970 3427 2450 3511 inquinata),
2497 3429 2681 3493 Verr.

375 3533 464 3612 II,
547 3539 667 3600 174
726 3542 793 3600 et
852 3534 975 3614 111,
1045 3540 1170 3601 206
1229 3536 1353 3616 (ob
1421 3537 1554 3600 ius
1626 3537 2053 3601 dicendum
2110 3538 2499 3621 pecunias
2554 3558 2683 3602 ao-

376 3648 686 3725 ceptas‚
746 3644 852 3708 cui
908 3645 1238 3726 geminum
1295 3650 1399 3709 est
1444 3644 1622 3727 apud
1670 3646 2020 3710 Asconium
2064 3668 2127 3728 p.
2179 3649 2301 3709 134
2346 3645 2499 3710 Hot.
2549 3645 2684 3710 ad·

374 3771 654 3815 versus
711 3751 933 3833 leges
991 3753 1526 3835 pecuniarum
1583 3753 2032 3836 captarum)
2091 3760 2158 3818 et
2211 3752 2331 3832 IV,
2389 3757 2468 3817 37
2514 3752 2683 3836 (pu-

374 3857 606 3939 pillis
664 3858 873 3924 bona
930 3860 1203 3943 patria
1260 3861 1602 3942 erepta),
1675 3859 1753 3924 de
1802 3861 1955 3944 Leg.
2002 3862 2151 3943 Agr.
2198 3861 2256 3938 Ι,
2329 3866 2367 3924 2
2414 3861 2483 3941 (a
2525 3884 2685 3926 ma-

373 3966 686 4031 ioribus
731 3968 1303 4051 possessiones
1348 3967 1743 4050 relictas),
1790 3968 1872 4046 11,
1909 3975 1986 4033 41
2029 3977 2095 4033 et
2119 3973 2200 4033 60
2236 3968 2684 4053 (captorum

374 4094 746 4155 agrorum
813 4076 1086 4157 ipsius
1154 4076 1519 4155 virtute),
1586 4096 1707 4159 pro
1768 4075 1952 4142 Sulla
2006 4082 2117 4156 45,
2182 4075 2346 4142 Phil.
2396 4077 2543 4157 VII,
2608 4082 2684 4142 19

374 4180 629 4264 (pacis
698 4183 1011 4248 nomine
1078 4182 1379 4248 bellum
1434 4183 1957 4266 involutum),
2029 4184 2115 4250 ad
2161 4185 2234 4263 Q.
2282 4185 2352 4249 F.
2400 4185 2460 4265 Ι,
2519 4190 2586 4263 2,
2647 4190 2683 4247 7

375 4288 588 4369 (raro
658 4290 1128 4356 litterarum
1200 4290 1685 4372 missarum),
1745 4292 1828 4356 ad
1887 4294 2021 4358 Att.
2072 4293 2158 4373 X,
2215 4300 2285 4374 4,
2345 4297 2384 4357 8
2443 4302 2507 4358 et
2572 4293 2682 4370 XI,

380 4401 476 4462 14.
525 4402 561 4458 2
610 4397 729 4477 (ab
790 4399 950 4463 isto
1012 4400 1235 4463 salus
1294 4400 1532 4479 data),
1604 4400 1686 4464 de
1734 4400 1874 4464 Fin.
1921 4400 2030 4476 IV,
2090 4405 2170 4466 30
2218 4401 2467 4485 (aeque
2513 4402 2684 4466 vita

371 4504 750 4587 iucunda)
798 4514 866 4571 et
905 4506 971 4583 V,
1022 4511 1122 4583 32,
1171 4507 1251 4572 de
1298 4507 1420 4572 Off.
1469 4508 1518 4586 I,
1575 4513 1658 4573 45
1706 4514 1773 4573 et
1820 4508 1900 4588 11,
1952 4512 2034 4573 34
2079 4515 2147 4573 et
2191 4509 2306 4588 III,
2353 4513 2433 4573 99
2481 4509 2684 4590 (con-
