3230 5282
606 616 729 669 Lib.
768 615 1078 668 XXXVIII.
1701 601 1822 661 542

605 787 857 850 tatione
935 787 1030 849 rei
1109 792 1442 869 perpetuae
1526 784 1863 864 (colunt)
1942 788 2287 866 separetur
2330 760 2686 863 marratio,
2753 781 2906 864 quid

606 901 742 957 tum
804 893 1147 970 acciderit,
1195 901 1263 956 et·
1329 913 1477 957 cum
1520 892 1773 973 reliqua
1818 891 2197 955 narratione
2263 887 2605 968 (ventum
2664 896 2785 953 est
2823 923 2908 933 --

607 1001 854 1082 misit)
924 1002 1371 1083 coniungatur.
1465 1000 1952 1066 Correctionem
2018 999 2331 1081 praecepit
2394 997 2703 1062 librarius
2762 996 2901 1060 cod.

610 1108 764 1173 Lov.
816 1113 871 1172 6.

782 1215 933 1299 Cap.
988 1220 1085 1294 16,
1136 1220 1170 1278 3
1213 1215 1327 1295 (de
1376 1214 1603 1292 Gallis,
1654 1216 1766 1296 qui
1813 1220 2052 1297 postea
2085 1215 2151 1276 in
2186 1214 2413 1277 Asiam
2447 1210 2903 1290 transierunt):

610 1324 1086 1406 Byzantium
1145 1343 1381 1404 quum
1440 1322 2049 1404 pervenissent,
2119 1318 2627 1402 aliquamdiu
2699 1338 2908 1381 oram

608 1430 1150 1512 Propontidis
1196 1428 1686 1510 vectigalem
1732 1428 2104 1492 habendo
2150 1427 2513 1509 regionis
2562 1427 2734 1490 eius
2779 1446 2907 1488 ur-

607 1536 744 1600 bes
792 1537 1346 1601 obtinuerunt.
1437 1536 1650 1601 Urbes
1695 1557 1824 1599 non
1873 1535 2260 1599 obtinentur
2297 1555 2495 1610 oram,
2543 1554 2688 1616 quae
2731 1532 2907 1596 urbi-

607 1644 728 1708 bus
776 1651 966 1726 paret
1011 1652 1076 1708 et
1122 1645 1434 1718 adhaeret,
1481 1642 1867 1725 vectigalem
1912 1641 2238 1706 habendo.
2330 1641 2607 1705 Barbari
2667 1647 2732 1704 et
2774 1638 2906 1703 bel-

609 1752 798 1816 licosi
844 1751 1156 1829 homines,
1204 1751 1317 1815 sed
1364 1751 1448 1815 ab
1494 1750 1765 1814 urbibus
1813 1757 1881 1815 et
1923 1749 2382 1833 oppugnandis
2430 1754 2497 1811 et
2527 1747 2903 1812 habitandis

519 1845 533 1856 ⁸
609 1859 824 1936 alieni,
872 1864 1168 1940 apertam
1211 1860 1543 1940 regionem
1589 1858 2074 1940 percursabant
2107 1857 2560 1937 vastandoque
2608 1876 2799 1937 agros
2844 1862 2909 1919 et

609 1966 919 2030 minando
970 1964 1266 2042 Graecos,
1326 1967 1438 2048 qui
1494 1965 1691 2029 urbes
1737 1966 2023 2029 munitas
2089 1964 2419 2042 tenebant,
2462 1962 2742 2046 vectigal
2785 1962 2904 2026 sibi

610 2073 897 2156 pendere
945 2072 1285 2154 cogebant.
1358 2073 1486 2137 Res
1523 2094 1642 2156 per
1674 2094 1742 2136 se
1779 2074 2130 2156 perspicua
2164 2070 2587 2136 confirmatur
2619 2059 2721 2148 iis,
2765 2090 2906 2153 quae

609 2179 922 2263 Polybius
969 2180 1075 2254 IV,
1113 2184 1212 2256 46,
1263 2184 1298 2243 3
1336 2180 1415 2245 de
1472 2179 1851 2263 Byzantinis
1891 2179 2101 2244 Gallis
2136 2178 2466 2261 stipendia
2502 2177 2905 2242 solventibus

611 2287 867 2351 scribit:
939 2294 1073 2348 κατὰ
1115 2296 1213 2365 μὲν
1258 2284 1351 2348 οὖν
1405 2279 1512 2358 τὰςγ
1557 2294 1733 2368 ἀρχὰς
1792 2299 1846 2351 ἐν
1890 2298 2005 2358 ταῖς
2050 2294 2263 2364 ἐφόδοις
2318 2293 2492 2348 αὐτῶν
2548 2285 2679 2366 (τῶν
2737 2295 2907 2347 Γαλα-

609 2393 739 2473 τῶν)
796 2428 882 2439 -
938 2399 1084 2473 δῶρα
1129 2400 1389 2456 διετέλουν
1434 2401 1486 2456 οἱ
1527 2402 1813 2466 Βυζάντιοι
1858 2400 2087 2464 διδόντες
2134 2400 2235 2455 ἀνὰ
2278 2403 2606 2474 τρισχιλίους
2652 2401 2741 2455 καὶ
2784 2421 2903 2454 πεν-

611 2509 991 2577 τακισχιλίους,
1038 2509 1167 2562 ποτὲ
1211 2507 1268 2563 δὲ
1315 2509 1404 2563 καὶ
1445 2512 1671 2581 μυρίους
1728 2509 1996 2582 χρυσοῦς,
2057 2508 2139 2579 ἐφ’
2188 2498 2228 2580 ᾧ
2269 2509 2344 2580 μὴ
2388 2511 2777 2580 καταφθείρειν
2821 2509 2909 2574 τὴν

609 2616 795 2689 χώραν
851 2612 1049 2670 αὐτῶν·
1094 2616 1239 2679 τέλος
1293 2615 1789 2692 δ’ῗναγκάσθησαν
1857 2616 2183 2692 ὀγδοήκοντα
2250 2616 2482 2671 τάλαντα
2561 2616 2909 2691 συγχωρῇσαι

611 2724 785 2795 φόρον
829 2724 995 2777 τελεῖν
1040 2722 1162 2777 κατ’
1211 2726 1461 2780 ἐνιαυτόν.
1552 2718 1849 2800 Apparet
1893 2719 2121 2799 igitur,
2168 2717 2343 2799 apud
2389 2717 2643 2781 Livium
2696 2736 2913 2780 veram

614 2825 1006 2906 scripturam
1065 2832 1390 2889 servatam
1449 2846 1593 2889 esse
1649 2826 1715 2888 in
1761 2824 1814 2887 B
1876 2824 1985 2907 (de
2032 2824 2097 2888 M
2142 2824 2454 2917 tacetur):
2524 2824 2917 2906 aliquam·

615 2930 749 2995 diu
809 2952 1028 2995 oram
1083 2931 1658 3015 Propontidis,
1725 2931 2167 3013 vectigalis
2221 2930 2588 2995 habendo
2654 2932 2913 3013 regio-

615 3040 736 3102 nis
805 3040 977 3102 eius
1044 3038 1319 3117 urbes,
1381 3040 1935 3104 obtinuerunt.
2029 3038 2380 3103 Ablativus
2431 3038 2728 3121 gerundii
2788 3038 2918 3101 for·

613 3166 784 3209 mam
852 3153 919 3210 et
985 3145 1247 3210 modum
1316 3148 1413 3210 rei
1483 3147 1829 3229 significat.
1923 3145 2094 3226 (Vid.
2157 3144 2440 3209 Gramm.
2499 3145 2640 3210 Lat.
2711 3144 2743 3227 ξ
2789 3149 2909 3207 416

439 3266 585 3335 (440)
621 3258 755 3316 not.
808 3257 836 3314 1
890 3252 1317 3335 exemplaque
1366 3275 1405 3317 a
1448 3254 1981 3318 Weissenbornio
2030 3252 2111 3315 ad
2157 3251 2463 3330 XXVIII,
2518 3258 2615 3330 16,
2666 3256 2743 3316 10
2790 3251 2920 3315 col·

620 3359 825 3436 lecta3
874 3359 1024 3422 add.
1072 3359 1335 3438 XXVII,
1386 3364 1484 3438 39,
1534 3361 1622 3439 4.)
2456 3431 2460 3435 ,

784 3463 940 3547 Cap.
993 3468 1087 3543 17,
1139 3469 1174 3528 5
1225 3467 1317 3546 (in
1366 3464 1479 3531 Cn.
1527 3467 1759 3531 Manlii
1825 3468 2152 3545 oratione,
2212 3466 2324 3530 ubi
2381 3474 2667 3531 terrores
2716 3465 2914 3530 Galli-

611 3594 722 3636 cos
771 3571 1044 3651 elevat):
1117 3572 1266 3637 Sed
1309 3573 1498 3651 haec,
1546 3575 1843 3656 quibus
1899 3574 2243 3639 insolita
2301 3580 2547 3656 atque
2592 3575 2916 3637 insueta

612 3685 824 3753 sunt,
875 3679 1133 3742 Graeci
1181 3686 1258 3743 et
1300 3680 1655 3763 Phryges
1706 3690 1782 3745 et
1818 3680 2063 3745 Cares
2100 3683 2471 3758 timeant3
2522 3682 2915 3755 RomaniS‚

612 3784 912 3850 Gallici
981 3786 1384 3850 tumultus
1453 3787 1861 3865 adsuetiS‚
1930 3789 2176 3852 etiam
2235 3789 2646 3853 vanitates
2712 3793 2913 3851 notae

611 3899 816 3956 sunt.
890 3890 1076 3968 Quod
1123 3892 1514 3971 insolens,
1552 3895 1955 3973 insuetus,
1993 3895 2380 3959 insolitus
2410 3894 2762 3958 alicuius
2796 3894 2915 3957 rei

611 4000 873 4077 dicitur,
922 3999 1071 4063 inde
1116 4020 1196 4063 ne
1243 4000 1309 4063 id
1357 4001 1621 4081 quidem
1669 4003 1996 4082 sequitur,
2048 4009 2366 4068 suetum*
2403 4001 2757 4065 alicuius
2800 4001 2913 4064 rei

609 4112 788 4169 recte
836 4106 960 4170 dici
1008 4104 1139 4186 (est
1187 4108 1358 4171 enim
1403 4108 1471 4170 in
1515 4107 1640 4170 hac
1684 4128 1755 4171 re
1805 4109 2004 4172 etiam
2049 4109 2275 4191 aliqua
2320 4111 2411 4172 vis
2456 4109 2743 4173 notionis
2781 4108 2909 4190 pri-

614 4213 870 4293 vandi);
939 4211 1336 4278 adsuetus
1395 4213 1658 4296 quidem
1716 4223 1987 4297 propter
2042 4216 2529 4298 praepositionis
2587 4213 2742 4297 (ad)
2785 4215 2913 4277 vim

608 4318 986 4403 longissime
1024 4320 1106 4384 ab
1141 4320 1271 4384 illis
1309 4320 1652 4385 adiectivis
1691 4321 1897 4385 distat
1932 4343 2052 4385 nec
2088 4324 2455 4403 genetivum
2493 4322 2618 4387 sibi
2644 4322 2914 4403 adiungi
