3230 5282
670 585 792 639 Lib.
832 584 900 637 Π.
1784 575 1868 634 80

843 755 999 841 Cap.
1028 761 1127 837 52,
1165 761 1199 820 5
1227 759 1533 839 quoniam
1570 758 1638 821 in
1677 757 2013 823 codicibus
2038 757 2185 840 (MP
2210 759 2473 840 ceteris)
2498 761 2988 826 nonmultam

669 864 1053 929 dixerunt
1130 870 1259 942 est,
1357 865 1474 929 sed
1550 865 1886 931 multam
1971 866 2437 948 edixerunt,
2518 867 2661 933 fieri
2739 874 2987 952 potest,

668 979 744 1037 ut
791 972 1011 1036 Livius
1059 972 1412 1055 scripserit,
1470 979 1545 1038 ut
1589 974 1657 1038 in
1704 974 1847 1038 cod.
1895 974 2074 1039 Leid.
2124 979 2162 1037 2
2208 975 2470 1058 legitur,
2520 976 2673 1041 duo
2719 977 2989 1041 millia

667 1080 848 1143 aeris
908 1080 1288 1145 damnato
1346 1080 1613 1145 multae
1661 1081 2082 1160 dixerunt,
2141 1084 2440 1165 genetivo
2488 1105 2677 1163 casu,
2734 1085 2986 1149 litteris

670 1194 894 1251 autem
931 1186 1101 1252 male
1128 1187 1355 1253 divisis
1394 1210 1473 1252 ex
1511 1188 1766 1253 multa
1801 1188 2240 1254 edixerunt
2274 1190 2520 1255 factum
2545 1192 2630 1256 sit
2652 1192 2986 1257 multam

669 1294 780 1358 ed.
882 1294 1069 1359 Illam
1128 1293 1407 1360 formam
1466 1295 1650 1377 (duo
1712 1296 1976 1361 millia
2021 1298 2202 1362 aeris
2248 1294 2516 1363 multae
2562 1322 2681 1383 pro
2727 1300 2988 1364 multa

674 1403 1004 1467 (luorum
1082 1403 1455 1484 millium)
1525 1410 1790 1469 secutus
1862 1411 1959 1469 est
2023 1403 2244 1468 Livius
2311 1404 2619 1487 XXVIII,
2690 1411 2798 1487 39,
2873 1413 2984 1472 19:

673 1511 1025 1574 muneris
1074 1561 1085 1572 .
1126 1561 1138 1573 .
1185 1561 1196 1572 .
1246 1509 1448 1573 dena
1507 1511 1771 1576 millia
1816 1512 2008 1591 aeriS,
2059 1518 2126 1578 et
2170 1512 2374 1592 XXX,
2425 1517 2482 1592 5,
2532 1519 2598 1577 3:
2660 1514 2988 1599 Septem

671 1617 939 1682 millia
985 1617 1342 1682 itineris.
1416 1617 1560 1682 vid.
1612 1619 1899 1684 Gramm.
1948 1640 2107 1685 meae
2153 1620 2296 1685 Lat.
2335 1619 2366 1702 ,ξ
2416 1624 2604 1686 285a
2647 1630 2804 1703 not,
2849 1621 2983 1688 Cic.
3043 1709 3052 1713 -

676 1726 853 1789 verr.
903 1725 1017 1803 ΙΙΙ,
1066 1730 1144 1789 75
1195 1733 1261 1790 et
1308 1731 1386 1790 76
1435 1733 1500 1790 et
1552 1733 1690 1791 140.
1784 1725 2029 1809 (1861.)
2455 1812 2460 1817 ἢ

846 1831 1003 1918 Cap.
1057 1838 1154 1912 56,
1203 1838 1269 1896 7;
1340 1833 1415 1898 Is
1464 1833 1846 1917 (Laetorius)
1891 1837 2197 1919 —ipse
2244 1838 2324 1900 in
2370 1839 2983 1903 accusationem

673 1940 921 2025 Appii
1000 1941 1498 2025 familiaeque
1565 1943 2171 2031 superbissimae
2240 1965 2329 2008 ac
2397 1944 2985 2010 crudelissimae

674 2049 750 2111 in
822 2048 1144 2131 plebem
1203 2050 1637 2125 Romanam
1698 2072 2034 2115 exorsus
2091 2058 2212 2115 eto.
2328 2048 2615 2133 Cogente
2674 2074 2830 2118 usus
2885 2053 2985 2117 lo-

670 2155 917 2237 quendi
984 2158 1127 2239 lege
1199 2157 1617 2222 scribendum
1686 2179 1827 2222 esse
1897 2158 2160 2222 sublata
2230 2161 2727 2242 praepositione:
2810 2162 2984 2243 ipse

673 2245 1282 2328 accusationem
1330 2287 1688 2344 exorsuS,
1738 2271 1891 2329 ante
1937 2265 2191 2348 aliquot
2237 2288 2444 2331 annos
2490 2267 2821 2347 adnotavi,
2864 2289 2986 2331 nec

674 2373 1068 2436 sententiam
1111 2379 1313 2451 mut0‚
1363 2373 1538 2454 quod
1584 2372 1873 2438 adscribi
1917 2373 2124 2453 vide0,
2168 2397 2332 2440 nove
2378 2374 2505 2440 hoc
2551 2374 2795 2439 dictum
2839 2397 2985 2440 esse

678 2499 797 2560 pro
859 2501 967 2558 eo,
1036 2480 1213 2563 quod
1274 2482 1389 2544 sit:
1472 2480 1549 2543 in
1620 2483 2238 2546 accusationem
2308 2482 2580 2547 dicere
2649 2503 2984 2548 exorsus

679 2584 887 2669 (quod
955 2586 1111 2651 mihi
1181 2586 1443 2671 quidem
1497 2611 1770 2672 prorsus
1828 2610 2012 2673 aeque
2067 2611 2304 2656 novum
2359 2590 2644 2656 videtur:
2717 2590 2988 2655 dicere

679 2696 756 2758 in
815 2696 1429 2760 accusationem
1486 2695 1877 2779 alicuius)
1937 2704 2053 2762 aut
2109 2701 2561 2763 orationem
2622 2720 2986 2763 exorsus.

678 2801 1062 2884 Praepositio
1121 2804 1198 2866 in
1246 2803 1328 2867 ab
1376 2805 1729 2887 incipiendi
1774 2806 1988 2870 verbis
2033 2806 2227 2888 plane
2273 2805 2606 2871 abhorret.
2714 2807 2988 2889 [Praece—

677 2916 868 2992 perat
914 2907 1301 2992 Creverius]
1405 2910 1561 2992 (Sed
1622 2912 1750 2976 duo
1810 2917 2132 2995 praeterea
2185 2914 2250 2976 in
2308 2912 2431 2977 hoc
2492 2916 2707 2998 capite
2771 2935 2987 2980 emen-

677 3017 897 3081 danda
943 3040 1083 3083 esse
1126 3026 1302 3082 recte
1350 3019 1725 3083 admoneor.
1789 3020 1962 3084 'Nam
2011 3019 2043 3101 ξ
2091 3026 2130 3083 4
2176 3021 2353 3103 quod
2399 3021 2730 3086 scribitur:
2781 3023 2988 3086 Huic

676 3126 989 3191 actioni
1190 3149 1423 3208 quum
1483 3150 1784 3192 summa
1829 3129 1902 3192 vi
1947 3129 2448 3193 resisterent
2494 3136 2775 3213 patres
2822 3150 2986 3207 nec,

674 3255 847 3316 quae
904 3256 1059 3297 una
1116 3234 1229 3298 vis
1288 3235 1385 3299 ad
1441 3236 1985 3300 resistendum
2036 3242 2236 3315 erat,
2292 3243 2377 3300 ut
2422 3237 2988 3301 intercederet

674 3341 991 3423 aliquis
1040 3363 1128 3405 ex
1170 3341 1545 3425 collegio,
1595 3394 1606 3405 .
1649 3394 1659 3405 .
1703 3395 1713 3406 .
1762 3343 2053 3407 adduci
2099 3350 2400 3426 posset,
2448 3345 2590 3407 iure
2637 3344 2985 3426 Ussingius

675 3469 801 3511 non
867 3448 1078 3512 solum
1136 3445 1395 3530 ingrate
1443 3471 1829 3514 concurrere
1877 3472 2175 3515 summa
2219 3451 2291 3514 vi
2339 3458 2405 3515 et
2452 3474 2604 3515 una
2649 3452 2796 3531 vis,
2866 3451 2980 3516 sed

674 3555 1086 3637 apertissime
1121 3555 1292 3619 inter
1330 3577 1399 3618 se
1434 3578 1802 3640 repugnare
1840 3580 2139 3623 summa
2172 3560 2245 3623 vi
2279 3560 2724 3638 restitisse,
2761 3580 2982 3641 quum,

672 3683 815 3742 quae
861 3683 992 3725 una
1036 3662 1132 3726 vis
1181 3670 1373 3741 esset,
1431 3686 1561 3728 non
1607 3668 2037 3748 reperiretur;
2099 3667 2326 3750 itaque
2375 3666 2792 3730 scribendum
2840 3688 2982 3731 esse

673 3769 1009 3833 lenissima
1054 3771 1447 3834 mutatione:
1522 3793 1687 3854 quae
1746 3795 1900 3837 una
1943 3775 2061 3835 via
2105 3774 2201 3839 ad
2245 3775 2472 3838 rosit.
2573 3774 2672 3837 Ex
2717 3775 2844 3838 via
2889 3774 2983 3838 ad
3045 3795 3066 3810 ·

671 3897 869 3957 quum
914 3877 1161 3942 factum
1208 3884 1382 3943 esset
1427 3880 1631 3957 viad,
1680 3880 1847 3944 male
1895 3882 2259 3964 supplendo
2307 3889 2526 3947 ortum
2573 3889 2674 3947 est
2711 3883 2829 3946 vis
2866 3882 2980 3958 ad,

673 3982 753 4046 de
799 4005 927 4065 quo
975 3985 1193 4049 mendi
1238 4007 1476 4068 genere
1524 3986 1610 4051 ad
1657 3987 1706 4068 I,
1756 3991 1854 4068 39,
1903 3993 1937 4050 5
1989 3988 2236 4054 dictum
2283 3997 2401 4054 est.
2494 3990 2659 4054 Tum
2705 3989 2738 4072 ξ
2792 3996 2868 4054 14
2915 3992 2982 4054 in

673 4090 804 4154 his:
878 4097 957 4155 et
1017 4114 1467 4158 concursus
1525 4094 1938 4160 hominum
1996 4097 2073 4159 in
2129 4097 2384 4161 forum
2432 4119 2523 4162 ex
2566 4104 2743 4162 tota
2786 4097 2981 4162 urbc

671 4201 1109 4264 concitatae
1177 4201 1743 4267 multitudinis
1808 4203 2085 4281 fieret,
2153 4212 2330 4270 recte
2389 4203 2983 4269 Forchhammerus

671 4306 996 4370 intellexit
1061 4329 1330 4390 prorsus
1387 4310 1621 4375 vitiose
1679 4310 2017 4375 abundare
2072 4310 2472 4377 hominum
2532 4311 2985 4395 additumque,
