3230 5282
638 601 762 656 Lib.
799 601 963 655 xnv.
1409 550 1413 554 ¹
1726 593 1848 653 716

638 772 938 838 mutandi
983 775 1435 855 necessitates3
1483 796 1604 841 nec
1636 774 2168 842 Weissenbornio
2208 782 2478 841 conatus
2515 777 2679 841 bene
2717 778 2932 843 cessit.

641 879 1001 962 Cohaerent,
1037 904 1167 948 non
1212 883 1571 963 violavit,
1620 883 1734 949 sed
1777 883 2109 947 violabit
2151 890 2228 949 et
2263 885 2592 964 sinetis3
2641 884 2932 967 alioquin

641 991 814 1055 enim
859 1012 889 1055 s
910 990 1096 1057 istis
1143 992 1361 1057 Livius
1408 992 1798 1075 scripsisset.
1889 991 2139 1057 Deinde
2185 993 2550 1058 necessario
2597 993 2933 1076 sanguinis

638 1091 951 1164 Eumenis
995 1100 1240 1165 mentio
1287 1120 1434 1164 cum
1476 1098 1819 1166 homicidae
1852 1099 2112 1164 nomine
2149 1101 2451 1184 coniungi
2502 1099 2730 1180 debet,
2778 1122 2935 1184 quo-

639 1208 817 1271 niam
860 1228 990 1272 non
1035 1206 1501 1278 Samothraciae
1545 1208 1646 1271 vis
1688 1207 1962 1272 Eumeni
2017 1205 2247 1287 fiebat,
2315 1208 2430 1274 sed
2486 1208 2814 1273 maculam
2859 1230 2936 1274 ex

640 1315 782 1379 eius
828 1315 1002 1380 caede
1047 1315 1208 1381 alibi
1251 1322 1508 1381 tentata
1552 1321 1927 1400 susceptam
1964 1314 2273 1381 Euander
2308 1315 2667 1383 adferebat.
2737 1317 2937 1382 Recte

641 1423 844 1505 igitur
887 1422 1252 1489 Gronovius
1296 1423 1699 1508 pollutus;
1769 1423 1887 1489 sed
1934 1422 2374 1489 scribendum:
2444 1422 2598 1489 Cur
2664 1425 2936 1508 igitur,

642 1532 942 1614 inquit,
1000 1531 1578 1615 pollutuseam
1635 1531 2044 1597 homicida
2103 1533 2499 1614 sanguine
2556 1531 2941 1598 Eumenis

648 1638 1112 1722 violabit?¹)

814 1745 971 1831 Cap.
1019 1752 1077 1827 6,
1128 1753 1191 1811 1:
1239 1746 1607 1813 Ceterum
1653 1755 1880 1813 tanto
1924 1747 2286 1813 facinore
2332 1750 2409 1813 in
2455 1750 2781 1814 unicum
2825 1772 2943 1814 re·

639 1855 927 1920 -lictum
997 1857 1333 1920 amicum
1400 1855 1697 1921 amisso
1784 1876 1924 1939 per
2002 1862 2128 1922 tot
2203 1876 2436 1922 casus
2514 1865 2941 1942 expertum

641 1999 729 2009 —
759 1963 1265 2029 abalienavit
1300 1964 1628 2029 animos.
1680 1961 1788 2029 Sic
1817 1963 2041 2044 codex,
2079 1963 2248 2029 unde
2285 1965 2390 2030 fit:
2437 1964 2811 2032 facinore
2856 2003 2946 2015 —

645 2072 1019 2139 admisso.
1111 2071 1705 2153 (Weissenbornius
1775 2073 2230 2153 commisso;
2297 2072 2610 2158 Grynaeus
2667 2074 2938 2141 aberra·

644 2179 879 2261 verat.)
926 2179 1081 2245 Mox
1129 2179 1224 2262 (2)
1262 2201 1380 2263 pro
1415 2178 2037 2264 Oroandemque
2085 2178 2546 2248 Cretensem
2591 2182 2946 2249 videndum

643 2308 726 2352 ne
772 2286 969 2352 scribi
1015 2286 1279 2354 debeat:
1329 2286 1776 2353 Oroandem
1819 2289 2097 2373 itaque
2143 2286 2629 2357 Cretensem.

814 2394 968 2479 Cap.
1032 2401 1088 2475 7,
1155 2401 1192 2459 2
1269 2417 1401 2462 non
1473 2395 1892 2461 scribendum
1959 2417 2100 2462 esse
2166 2404 2398 2463 tanta
2475 2399 2938 2479 multitudo,

647 2503 763 2567 sed
809 2503 987 2587 quod
1031 2524 1265 2587 reapse
1311 2505 1379 2568 in
1424 2503 1649 2568 codice
1698 2511 1827 2582 est,
1895 2509 2210 2569 tantum
2276 2505 2537 2586 (tantu
2603 2508 2826 2574 littera
2880 2529 2945 2572 ι

654 2611 852 2677 semel
921 2611 1213 2696 scripta),
1277 2610 1699 2677 manifestum
1755 2617 1854 2677 est
1919 2632 2117 2694 quum
2173 2634 2250 2678 ex
2309 2635 2380 2679 re
2451 2614 2629 2699 (nam
2694 2623 2762 2682 et
2825 2616 2947 2684 alii

649 2742 782 2785 non
826 2721 1112 2787 minores
1167 2721 1491 2787 exercitus
1539 2726 2007 2787 concurrerant
2061 2721 2145 2786 ad
2190 2724 2569 2807 spectacula
2623 2731 2688 2789 et
2730 2726 2945 2791 multo

655 2829 864 2894 maior
905 2830 972 2894 in
1039 2829 1200 2895 urbe
1267 2828 1668 2910 multitudo),
1723 2835 1864 2893 tum
1932 2849 2011 2892 ex
2078 2850 2184 2908 eo,
2243 2830 2454 2913 quod,
2523 2853 2669 2916 quae
2720 2833 2945 2899 Livius

650 2936 941 3017 subiicit,
989 2939 1207 3003 omnia
1251 2939 1582 3022 pertinent
1628 2936 1710 3001 ad
1760 2937 2117 3021 spectaculi
2164 2940 2679 3021 magnitudinem
2726 2940 2942 3008 decla-

650 3046 945 3110 randam.
1036 3044 1068 3129 §
1116 3051 1154 3109 4
1201 3046 1360 3131 quid
1425 3066 1623 3110 unum
1691 3045 2017 3109 sententia
2071 3046 2469 3129 postularet,
2525 3048 2689 3113 vidit
2746 3048 2943 3115 homo

650 3153 984 3217 rarissime
1044 3154 1117 3235 in
1172 3152 1599 3220 coniectando
1645 3151 1830 3231 felix,
1889 3152 2240 3219 Douiatius
2305 3155 2563 3236 (nullo
2622 3179 2944 3224 suorum

650 3260 811 3327 alio
879 3262 1168 3327 comite
1237 3281 1450 3340 quan
1518 3260 1704 3346 qui.)
1805 3260 2045 3327 Omnes
2122 3263 2235 3327 alii
2311 3266 2582 3331 comites
2660 3266 2938 3333 levaturi

699 3514 750 3582 ¹)
784 3515 1057 3571 Extremo
1111 3520 1296 3588 capite
1332 3516 1388 3587 (9
1428 3517 1511 3582 12)
1549 3515 1805 3584 suspicor
1852 3514 2075 3569 Livium
2107 3534 2223 3572 non
2258 3517 2504 3575 infinite:
2560 3521 2779 3577 Huius
2833 3524 2935 3580 rei

787 3602 1047 3655 crimen
1097 3629 1164 3640 —
1218 3603 1591 3663 avertitur,
1645 3600 1744 3655 ned
1779 3601 2042 3655 avertit
2074 3604 2379 3674 scripsisse,
2418 3622 2587 3674 quum
2621 3611 2936 3677 presertim

788 3686 1131 3757 adiungatur
1166 3687 1236 3744 de
1289 3688 1483 3743 eodem
1517 3688 1751 3745 Perseo:
1806 3690 2130 3747 Ceterum
2181 3718 2251 3730 —
2302 3691 2750 3748 abalienavit.
2823 3695 2935 3750 Sn-

785 3771 1014 3839 piseime
1065 3772 1244 3842 (quod
1279 3775 1390 3829 iam
1428 3788 1597 3845 supra
1632 3794 1686 3846 p.
1727 3777 1831 3830 490
1863 3775 2196 3846 significavi)
2248 3777 2534 3843 librarius,
2586 3780 2828 3835 maxime
2878 3782 2935 3835 in

784 3855 931 3910 libro
960 3857 1125 3913 XLV.
1164 3859 1618 3916 terminationem
1643 3862 1921 3931 passivam
1956 3863 2141 3917 tertiae
2170 3862 2470 3917 verborum
2497 3867 2936 3932 personne.er

786 3939 1004 3996 addidit
1032 3942 1252 4011 (XLIV,
1292 3946 1342 4010 3,
1379 3947 1411 3999 3
1447 3948 1920 4016 appellantur,
1960 3950 2010 4015 7,
2043 3950 2081 4001 4
2113 3953 2443 4016 movetur,
2487 3951 2564 4011 17,
2601 3952 2636 4000 7
2670 3953 2930 4022 cogita·

785 4032 1061 4094 rentur,
1098 4030 1181 4094 29,
1218 4030 1250 4082 5
1285 4028 1754 4101 fallebantur;
1801 4030 1970 4101 XLV,
2009 4034 2059 4099 2,
2094 4037 2128 4088 4
2162 4032 2514 4103 ferentur,
2549 4037 2599 4102 8,
2635 4039 2670 4089 2
2705 4035 2931 4093 decre·

786 4113 1005 4182 vitur,
1045 4116 1095 4180 4,
1130 4117 1167 4167 4
1219 4114 1511 4184 legitur,
1564 4119 1615 4185 6,
1651 4119 1685 4172 6
1739 4118 2138 4185 mittuntur,
2192 4120 2244 4187 6,
2298 4122 2336 4173 4
2386 4120 2814 4188 pervenitur,
2870 4124 2924 4175 11

787 4203 842 4252 et
882 4201 943 4252 12
979 4200 1320 4269 repetitur
1353 4228 1423 4240 —
1458 4202 1784 4271 sciretur,
1823 4205 1876 4271 7,
1914 4205 1948 4257 2
1983 4207 2044 4258 et
2076 4204 2110 4256 8
2144 4205 2639 4259 occurritur—
2674 4205 2929 4261 efficie-

787 4284 1014 4352 batur,
1071 4286 1122 4353 8,
1167 4289 1192 4337 1
1232 4284 1700 4342 adduceretur
1737 4293 1793 4343 et
1827 4290 1860 4342 5
1893 4289 2268 4357 praebetur,
2324 4290 2377 4357 9,
2417 4291 2449 4345 3
2485 4292 2924 4345 numerabun-

786 4373 895 4421 tur
931 4378 986 4422 et
1026 4370 1105 4424 sic
1144 4369 1433 4441 deinceps;
1488 4376 1556 4426 ut
1585 4370 1919 4427 forentur
1952 4371 2137 4429 effecit
2182 4380 2240 4429 et
2287 4374 2704 4443 decrevitur,
2759 4377 2833 4431 sic
2872 4378 2921 4443 9,

786 4456 820 4507 4
857 4455 1333 4523 continuitur).
