3230 5282
561 624 684 679 nib.
726 623 923 677 xxvi
1253 589 1264 596 ’
1664 609 1786 670 388

563 818 633 860 10
681 797 804 860 nisi
851 817 931 860 ex
976 794 1338 859 sceleribus
1383 795 1628 858 victum
1675 793 1987 859 habuisse
2035 795 2214 860 dicit.
2317 794 2546 879 Neque
2593 815 2880 878 praesens

563 904 895 987 participii
972 911 1233 986 tempus
1304 901 1829 984 (tolerantes)
1895 910 2075 968 recte
2145 903 2389 968 dicitur
2455 905 2583 969 nisi
2651 905 2731 968 de
2800 924 2877 968 eo
2990 914 2997 920 ’

564 1018 774 1088 statu,
838 1013 905 1075 in
953 1031 1081 1095 quo
1126 1016 1286 1074 tunc
1332 1011 1545 1093 ipsum
1592 1018 1802 1075 erant.
1905 1012 2139 1095 Itaque
2186 1019 2266 1078 et
2312 1019 2462 1096 post
2505 1012 2877 1096 plerique

563 1142 644 1185 ex
688 1139 721 1183 e
767 1127 1056 1185 extremo
1104 1125 1319 1183 ortum
1365 1125 1486 1197 est,
1543 1126 1620 1183 ut
1665 1140 1717 1183 0.
1771 1125 1868 1196 12,
1932 1124 2008 1183 18
2055 1127 2120 1185 et
2167 1120 2349 1199 alibi,
2397 1122 2739 1205 oratioque
2785 1121 2879 1185 sic

392 1239 536 1309 (81’7)
574 1229 923 1294 decurrere
991 1227 1215 1292 debet:
1296 1226 1704 1310 capitalia
1772 1229 1952 1294 ausi
2020 1228 2426 1312 plerique,
2497 1250 2735 1312 quum
2800 1229 2879 1293 iu

563 1336 1056 1402 civitatibus
1101 1336 1271 1400 suis
1317 1355 1406 1398 ac
1452 1334 1603 1399 sub
1649 1336 1972 1418 legibus
2020 1337 2423 1414 vixerant,
2483 1345 2596 1415 et,
2654 1345 2878 1420 post-

562 1467 792 1528 quam
859 1466 992 1509 eos
1045 1479 1134 1488 -
1188 1444 1528 1509 fortuna
1600 1442 1897 1508 simil-is
1968 1444 2622 1527 conglobaverat
2678 1445 2879 1528 Aga-

562 1553 950 1637 thyrnam,
998 1574 1137 1636 per
1179 1552 1637 1616 latrocinia
1680 1587 1767 1596 —
1810 1553 2054 1617 vitam
2100 1553 2584 1617 tolerantes.
2674 1554 2878 1618 Recte

562 1663 735 1726 inter
780 1682 851 1726 se
898 1659 1331 1744 respondent:
1392 1661 1604 1738 ausi,
1666 1680 1901 1744 quum
1942 1695 2029 1705 ——
2074 1662 2450 1725 vixerant
2494 1666 2592 1725 et:
2652 1666 2879 1743 post-

561 1791 795 1852 quam
830 1805 914 1814 ——
950 1768 1606 1851 conglobaverat,
1651 1767 2137 1833 tolerantes.
2204 1768 2389 1852 [Quae
2425 1766 2879 1834 Weissenbor-

561 1879 708 1942 nius
749 1878 1039 1961 opponit,
1071 1898 1201 1942 non
1237 1876 1565 1958 intellego.
1614 1876 2003 1942 Rectissime
2038 1876 2107 1941 hi
2144 1876 2445 1943 homines
2469 1877 2755 1941 universi
2781 1875 2878 1940 di-

564 1993 801 2051 cuntur
846 1985 1106 2050 exsules
1136 2020 1208 2029 —
1243 1985 1353 2066 qui
1401 1985 1575 2049 enim
1620 1985 1818 2048 aliter
1842 2006 2064 2050 omnes
2087 1984 2482 2069 Agathyrnae
2508 1985 2771 2050 essent?
2794 2019 2882 2031 --

565 2102 630 2159 et
676 2094 969 2170 obaerati,
1031 2114 1336 2176 magnam
1383 2099 1599 2157 autem
1650 2099 1905 2176 partem
1953 2093 2154 2157 etiam
2202 2094 2269 2157 in
2317 2093 2694 2158 civitatibus
2742 2094 2880 2157 suis

565 2201 878 2286 capitalia
923 2203 1064 2286 ausi
1111 2223 1253 2266 esse
1300 2206 1367 2266 et
1411 2222 1599 2280 nunc,
1667 2207 2019 2285 postquam
2064 2201 2509 2285 Agathyrnam
2557 2202 2875 2280 venerint,

563 2312 798 2394 rapina
843 2307 1200 2390 vixisse.]¹)
1668 2384 1674 2391 ,
2198 2384 2215 2400 ⁸

738 2417 894 2501 Cap.
942 2422 1059 2496 41,
1123 2422 1197 2481 17
1254 2417 1350 2499 (111
1408 2417 1708 2482 oratione
1756 2415 2084 2501 Scipionis
2129 2417 2306 2500 apud
2351 2417 2592 2481 milites
2639 2416 2877 2500 Hispa·

563 2525 885 2606 nienses):
933 2524 1140 2602 Quid
1177 2526 1435 2608 igitur
1469 2526 1726 2590 minus
1764 2526 2215 2604 conveniat,
2261 2525 2585 2604 milites,
2631 2545 2878 2608 quam,

566 2657 805 2720 quum
861 2635 1042 2699 aliae
1103 2655 1345 2717 super
1402 2634 1609 2700 alias
1669 2633 1943 2699 clades
2001 2633 2615 2700 cumularentur
2661 2655 2749 2699 ac
2796 2632 2874 2699 di

564 2764 812 2827 prope
870 2743 1032 2826 ipsi
1092 2764 1261 2807 cum
1309 2742 1765 2807 Hannibale
1813 2748 2154 2817 starent,
2215 2764 2350 2807 vos
2396 2743 2524 2807 hic
2568 2778 2652 2787 ——
2698 2763 2874 2806 sus-

564 2852 921 2915 tinuisse
977 2850 1388 2916 labantem
1448 2851 1860 2915 fortunam
1904 2850 2193 2935 populi
2237 2851 2604 2929 Romani,
2669 2870 2875 2914 nunc

564 2958 912 3038 eosdem,
981 2960 1169 3041 quia
1235 2958 1418 3022 illic
1485 2959 1750 3024 omnia
1818 2958 2181 3023 secunda
2247 2959 2595 3039 laetaque
2656 2963 2873 3034 sunt,

564 3068 852 3132 animis
921 3066 1340 3133 deficere?
1405 3066 1642 3151 Inepta
1708 3073 1812 3131 est
1876 3067 1945 3130 in
2011 3066 2113 3131 his
2183 3067 2491 3132 extremis
2552 3065 2877 3150 particula

564 3176 846 3240 causalis
925 3175 997 3259 (q
1014 3175 1204 3257 uia);
1296 3196 1508 3259 neque
1600 3175 1772 3239 enim
1864 3175 2217 3257 quisquam
2295 3174 2445 3238 ideo
2530 3173 2878 3238 deficiebat

564 3285 802 3361 animo,
849 3282 1026 3363 quod
1069 3305 1173 3348 res
1218 3284 1286 3347 in
1318 3282 1518 3347 Italia
1562 3283 1728 3346 laetae
1772 3290 2019 3363 essent3
2078 3284 2358 3347 miratur
2400 3282 2640 3366 Scipi0,
2684 3302 2879 3361 nunc,

564 3413 765 3474 quum
821 3391 990 3455 laetae
1049 3390 1184 3454 illic
1240 3413 1346 3456 res
1395 3392 1556 3469 sint,
1626 3390 1907 3456 deficere
1963 3391 2225 3469 animis,
2296 3391 2410 3474 qui
2467 3389 2878 3471 gravioribus

565 3498 971 3583 temporibus
1029 3521 1162 3563 non
1218 3497 1598 3564 defecerint.
1700 3497 1937 3582 Itaque
1997 3519 2077 3562 ex
2130 3519 2334 3562 nunc
2389 3533 2476 3542 —
2519 3499 2713 3581 quia
2766 3496 2879 3562 n'e-

565 3607 857 3672 cessario
912 3605 1316 3671 faciendum:
1387 3627 1596 3672 nunc
1641 3641 1729 3651 --
1772 3628 1944 3672 011111
1999 3608 2157 3671 iam
2214 3604 2453 3688 (cfiia’)
2513 3605 2695 3672 illic
2752 3611 2875 3672 cet.

567 3713 800 3796 [Paulo
845 3721 1001 3779 ante
1048 3712 1110 3796 (ξ
1164 3712 1270 3795 12)
1315 3713 1366 3778 F
1372 3713 1826 3779 orchhammer
1882 3720 2061 3779 recte
2106 3715 2415 3792 miratur,
2474 3735 2592 3779 cur
2636 3713 2876 3779 Siciliae

565 3823 776 3887 maior
834 3844 990 3905 pars
1053 3821 1373 3888 defecisse
1430 3822 1714 3902 dicatur,
1789 3816 1981 3903 quasi
2037 3821 2233 3887 Italia
2289 3823 2502 3888 omnis
2549 3822 2880 3901 defecerit,
2987 3874 2991 3878 .

567 3951 766 4013 quum
821 3930 889 3993 in
934 3930 1133 3996 Italia
1189 3930 1395 3995 multo
1459 3930 1681 4013 plures
1726 3930 1951 3997 fideles
1999 3931 2161 3996 socii
2208 3930 2604 4011 manserint,
2671 3930 2738 3994 in
2782 3928 2880 3996 Si·

565 4038 737 4114 cilia,
795 4038 910 4121 qui
955 4036 1090 4103 fere
1136 4039 1256 4103 soli
1305 4039 1463 4104 socii
1511 4035 1796 4117 fuerant,
1854 4039 2245 4122 Syracusani
2293 4037 2668 4103 defecerint.
2772 4038 2881 4101 Vi-

547 4342 555 4351 ·
624 4319 669 4385 ¹)
708 4316 741 4386 §
777 4320 841 4371 10
866 4325 1020 4372 recte
1057 4318 1368 4388 discipulus
1397 4317 1651 4386 Siesbyei
1686 4318 2085 4372 animadvertit
2111 4318 2469 4372 scribendum
2498 4335 2644 4372 esse:
2683 4334 2882 4386 quum

703 4432 772 4443 —
819 4403 1196 4458 multitudo
1249 4405 1404 4457 visa
1447 4408 1621 4455 esset
1666 4408 1732 4456 et
1778 4404 2042 4458 clamor
2086 4433 2155 4444 —
2205 4404 2610 4471 accidisset3
2648 4422 2719 4470 v.,
2756 4419 2881 4471 quae

704 4489 966 4543 dicentur
1000 4489 1074 4543 ad
1109 4488 1311 4555 XLIV,
1352 4491 1431 4556 18,
1469 4491 1516 4542 3.
1591 4488 1787 4556 (1876.)
