3230 5282
1463 623 1585 685 757

367 831 370 834 ·
446 810 479 861 3
532 811 588 861 et
621 806 788 873 XLV,
846 810 926 874 10,
967 810 1047 873 13,
1101 807 1196 861 ubi
1250 825 1362 861 non
1424 807 1498 862 da
1549 807 1606 861 P.
1647 808 1747 862 595
1782 826 1829 861 v.
1867 809 1937 861 22
1982 825 2205 862 comma
2258 813 2388 878 poet
2436 825 2524 862 0ae
2576 825 2677 877 po-

446 893 748 963 pignora
817 899 877 947 et
945 893 1025 948 ad
1093 893 1366 962 piacula
1427 893 1498 948 de
1620 891 1879 949 nendum.

445 979 698 1048 pluribus
769 983 885 1045 eet,
950 978 1048 1033 sed
1100 980 1179 1033 ad
1231 980 1499 1048 pignus,
1552 978 1611 1033 P.
1648 981 1819 1033 ooov.
1849 980 1883 1032 2
1918 979 1989 1032 ab
2024 979 2137 1034 imo
2173 996 2275 1048 pro
2310 978 2538 1033 Atilio
2575 996 2680 1033 scr.

448 1064 528 1118 ad
560 1065 919 1135 piaculum.
1621 1064 1930 1118 Atilium.

380 1150 438 1204 P.
469 1153 568 1205 516
597 1153 856 1220 v.15pro
886 1155 1103 1220 panut
1133 1167 1236 1203 scr.
1269 1155 1497 1219 nupta.
1555 1149 1612 1202 P.
1650 1151 1753 1203 606
1787 1168 1837 1203 v.
1874 1151 1908 1202 7
1942 1167 2047 1219 pro
2100 1150 2260 1204 illus
2304 1167 2407 1204 scr.
2454 1151 2680 1218 illius,

379 1236 437 1290 P.
470 1238 570 1291 534
596 1255 646 1289 v.
676 1239 710 1291 9
744 1252 848 1305 pro
875 1236 1200 1305 cuiuspet
1229 1234 1354 1288 tioi
1394 1252 1497 1290 nor.
1624 1253 1673 1288 v.
1716 1238 1778 1290 19
1812 1251 2032 1289 comma
2075 1241 2206 1305 pont
2252 1235 2407 1290 dieo
2465 1253 2678 1307 ponen-

449 1323 642 1377 cuiun
678 1321 955 1391 petitio.
1624 1319 1772 1374 dum.

379 1409 437 1463 P.
474 1410 577 1465 536
610 1426 661 1463 v.
705 1409 770 1462 18
816 1423 1035 1462 comma
1075 1412 1204 1475 post
1249 1406 1502 1476 opinor
1553 1406 1612 1460 P.
1651 1408 1753 1461 610
1787 1425 1836 1460 v.
1873 1409 1940 1461 23
1987 1423 2206 1463 comma
2250 1411 2380 1477 poet
2424 1405 2681 1461 adlatis

447 1493 785 1566 ponendum.
1404 1511 1408 1517 ·
1623 1492 1963 1561 ponendum,
2014 1511 2061 1547 v.
2096 1494 2209 1549 imo
2257 1509 2359 1548 scr.
2397 1493 2677 1563 provin·

379 1581 437 1635 P.
476 1583 578 1635 537
612 1598 666 1634 n.
708 1583 732 1632 1
773 1583 909 1634 extr.
948 1596 1052 1632 scr.
1091 1577 1496 1647 significan·
1624 1578 1810 1632 ciam.
2643 1638 2659 1656 ·

449 1672 579 1721 tur.
1554 1663 1613 1717 P.
1650 1666 1755 1718 618
1788 1681 1837 1717 v.
1876 1666 1911 1719 8
1946 1681 2166 1720 comma
2201 1670 2260 1719 et
2295 1669 2425 1720 ante
2463 1682 2679 1735 sump-

381 1749 1500 1820 P.547v.Sabimoproindiciturscr.
1623 1755 1757 1803 tam
1803 1754 1861 1804 et
1903 1754 2035 1820 post
2084 1754 2422 1821 sumptam
2468 1767 2681 1820 ponen-

447 1837 923 1893 interdicitur.
1626 1835 1776 1889 dum.

379 1923 437 1977 P.
476 1926 577 1978 549
629 1940 679 1976 v.
722 1924 785 1977 12
836 1926 967 1992 post
1016 1922 1504 1993 impedimenta
1555 1920 1614 1975 P.
1652 1922 1748 1975 621
1791 1939 1842 1976 n.
1881 1922 1972 1975 im.
2023 1922 2103 1976 eie
2150 1938 2252 1977 scr.
2292 1921 2403 1977 cio.
2452 1920 2521 1976 de
2564 1920 2681 1975 Inv.

449 2009 748 2079 (ponamin,
1623 2005 1706 2074 Π,
1746 2009 1861 2074 152,
1898 2024 1975 2061 or.
2015 2024 2130 2077 agr.
2167 2006 2241 2075 Π,
2276 2009 2345 2062 85
2382 2011 2488 2061 cet.

381 2095 439 2149 P.
461 2097 557 2149 551
588 2113 636 2148 v.
659 2096 726 2147 22
752 2099 884 2163 post
911 2097 1139 2148 tamen
1170 2093 1379 2149 excidit
1395 2093 1500 2148 de.
1557 2091 1614 2146 P.
1652 2093 1754 2147 653
1790 2110 1839 2146 v.
1896 2095 1957 2147 16
2001 2110 2221 2147 comma
2271 2098 2403 2162 post
2452 2092 2683 2146 millia

381 2181 441 2235 P.
479 2183 580 2235 569
618 2199 666 2234 v.
704 2182 770 2234 23
806 2178 930 2233 add.
972 2178 1077 2233 Gfr.
1117 2197 1242 2235 ann.
1281 2179 1353 2232 ad
1390 2178 1501 2233 Cic.
1626 2177 1897 2233 deleatur.

447 2266 609 2321 Finn.
645 2264 712 2334 V,
748 2266 818 2319 20
850 2282 904 2335 p.
941 2266 1062 2320 637.
1556 2262 1617 2317 P.
1653 2265 1755 2317 696
1800 2282 1851 2317 v.
1903 2264 1938 2317 8
1990 2280 2208 2318 comma
2257 2269 2390 2333 post
2441 2280 2683 2333 equom

380 2353 440 2407 P.
481 2353 583 2406 574
616 2370 665 2405 v.
704 2353 738 2404 4
773 2350 844 2404 ab
881 2351 992 2403 imo
1029 2351 1225 2405 verba:
1267 2348 1400 2404 Cfr.
1436 2378 1503 2389 —
1623 2354 1885 2419 ponatur.

449 2438 778 2491 dicuntur
813 2436 1117 2490 deleantur.
1556 2434 1614 2488 P.
1653 2437 1751 2489 701
1789 2453 1840 2490 v.
1878 2437 1911 2490 5
1946 2437 2016 2490 ab
2052 2435 2164 2490 imo
2201 2451 2308 2505 pro
2346 2451 2529 2490 amor
2578 2453 2680 2490 scr.

381 2523 438 2578 P.
478 2526 573 2578 581
621 2540 669 2575 v.
708 2523 742 2577 6
785 2522 857 2576 ab
902 2522 1015 2576 imo
1061 2526 1330 2592 punctum
1373 2526 1505 2593 post
1625 2539 1831 2576 oram.

451 2608 707 2664 vitiose
740 2607 1075 2680 ponendum.
1555 2606 1613 2661 P.
1660 2609 1764 2663 734
1805 2626 1854 2662 v.
1900 2609 1962 2662 14
2008 2623 2226 2663 comma
2271 2611 2404 2677 pout
2447 2607 2681 2661 Athon

383 2695 441 2755 P.
481 2698 581 2750 589
615 2713 664 2749 v.
702 2697 737 2750 5
772 2694 980 2750 excidit
1022 2701 1090 2750 et
1138 2700 1267 2750 ante
1301 2694 1500 2750 haud.
1622 2699 1877 2764 ponatur,
1910 2698 2042 2764 pout
2075 2692 2258 2747 Atho
2295 2692 2560 2747 deleatur.
