3230 5282
1433 570 1556 631 303
2317 582 2441 636 Lib.
2479 582 2655 635 XXII.

344 753 431 830 ei,
499 752 682 836 quod
736 752 1062 834 sequitur,
1133 752 1273 817 diu
1323 754 1744 837 imperare
1803 756 2225 821 contrarium.
2326 754 2649 820 Poterant

341 861 509 925 inter
553 882 625 926 se
672 861 1075 943 comparari,
1137 860 1321 927 nullo
1368 861 1658 941 adiecto,
1714 863 2033 927 vincere
2090 868 2156 926 et
2212 863 2652 946 imperare;

343 970 652 1053 quoniam
697 968 1204 1033 diuturnitatem
1247 969 1509 1053 imperii
1534 969 1745 1036 Fabio
1793 977 1860 1034 et
1904 971 2203 1052 patriciis
2247 970 2654 1054 propositam

341 1076 601 1142 Baebius
647 1075 1068 1158 significavit,
1127 1077 1330 1141 etiam
1387 1078 1679 1143 victoriae
1727 1077 1978 1161 aliquid
2023 1078 2090 1141 in
2137 1077 2368 1144 eodem
2413 1098 2651 1160 genere

343 1185 716 1269 (temporis)
775 1185 1180 1249 contrarium
1237 1184 1729 1268 adiungendum
1785 1191 1961 1265 erat3
2028 1185 2097 1249 id
2155 1186 2251 1250 sic
2296 1184 2648 1250 efficietur:

342 1295 474 1377 qui
530 1300 815 1356 nature
881 1293 1208 1356 vincere
1266 1312 1498 1375 quam
1554 1292 1691 1358 diu
1751 1294 2154 1377 imperare
2214 1292 2464 1358 malit.
2555 1294 2654 1358 Ex

342 1409 515 1466 ture
561 1400 815 1465 factum
858 1420 1059 1478 vere,
1107 1400 1341 1465 deinde
1376 1402 1629 1483 magis
1664 1422 1743 1466 ex
1779 1420 1916 1479 ma,
1962 1400 2288 1482 quomodo
2325 1400 2450 1464 hoc
2485 1400 2653 1464 libro

344 1530 395 1573 c.
446 1514 544 1588 14,
606 1512 646 1572 2
703 1508 1025 1590 quidam
1080 1507 1408 1573 fuerant
1453 1529 1533 1573 ex
1580 1510 2074 1591 quieverant
2115 1515 2184 1573 et
2232 1512 2339 1589 16,
2409 1516 2450 1572 4
2494 1508 2654 1572 for-

344 1625 547 1682 tunae
584 1614 896 1696 (minas)
944 1637 1023 1680 ex
1059 1616 1213 1682 For
1258 1614 1598 1697 (miana)‚
1647 1616 1728 1681 de
1773 1636 1903 1700 quo
1951 1637 2189 1699 genere
2237 1615 2373 1681 dixi
2417 1638 2479 1699 p.
2507 1620 2651 1679 207.

345 1721 474 1807 [Sic
519 1725 653 1789 iam
700 1721 1120 1806 Kiehlius.]¹)

511 1832 673 1914 Cap.
703 1836 801 1911 36,
851 1836 886 1893 7
935 1831 1030 1911 (in
1078 1833 1570 1897 enumeratione
1617 1831 2068 1915 prodigiorum
2116 1854 2171 1898 a.
2222 1835 2345 1895 216
2392 1852 2450 1896 a.
2501 1830 2652 1894 Chr.

343 1939 821 2020 nuntiatorum)
877 1940 945 2003 in
998 1937 1051 2002 P
1110 1940 1478 2023 ceterisque
1532 1939 1723 2005 bonis
1782 1940 1879 2004 sic
1934 1941 2250 2004 scribitur
2307 1938 2510 2022 (quod
2568 1938 2653 2003 ad

342 2057 638 2116 nostram
703 2068 843 2112 rem
909 2045 1254 2129 pertinet):
1334 2045 1524 2110 Nam
1583 2050 1680 2111 'et
1745 2046 2002 2111 Romae
2067 2082 2156 2091 —
2225 2054 2304 2111 et
2366 2046 2654 2110 Ariciae

340 2158 812 2223 nuntiatum
847 2161 1025 2220 erat
1062 2153 1593 2237 -lapidibus
1638 2153 2030 2237 pluvisse,
2078 2161 2157 2220 et
2200 2153 2450 2219 multo
2487 2174 2654 2217 cru-

344 2287 478 2332 ore
546 2266 777 2345 signa
841 2264 923 2327 in
993 2261 1317 2328 Sabinis
1383 2261 1646 2327 caedes
1704 2282 1953 2345 aquas
2008 2264 2234 2328 fonte
2294 2260 2654 2326 callidos

340 2393 752 2447 manasse3
819 2369 898 2433 id
967 2369 1286 2453 quidem
1355 2372 1597 2435 etiam
1653 2405 1741 2415 —-
1785 2372 2038 2453 magis
2104 2369 2509 2448 terrebat3
2578 2375 2656 2433 et

341 2486 416 2548 in
484 2484 614 2547 via
680 2479 1094 2543 fornicata
1160 2512 1248 2522 —
1314 2479 1527 2543 tacti
1608 2468 2227 2563 exanimatique
2305 2477 2650 2543 fuerant.

340 2591 667 2674 Prodigii‚
726 2585 901 2670 quod
945 2588 1012 2651 in
1059 2586 1246 2670 aquis
1289 2585 1433 2667 fuit,
1491 2594 1745 2652 rectam
1785 2586 2326 2670 significationem
2365 2583 2655 2650 Alschef-

339 2703 515 2769 skius
546 2695 875 2782 repperit:
923 2694 1144 2759 fonte
1192 2693 1462 2760 calido
1498 2694 1814 2776 gelidas
1845 2715 2239 2761 manasse.
2307 2693 2654 2758 Difficilius

343 2821 441 2877 eet
473 2812 766 2882 inventu,
808 2802 969 2883 quid
1007 2802 1130 2867 sub
1168 2801 1424 2867 caedes
1459 2802 1688 2867 lateat.
1756 2802 2248 2885 Bezzenberger
2280 2823 2492 2885 nuper
2525 2801 2655 2864 loci

344 2939 581 2984 nomen
630 2912 901 2977 subesse
946 2917 1151 2989 ratus,
1209 2931 1409 2992 quum
1467 2911 1645 2993 apud
1704 2910 1986 2975 Plinium
2034 2908 2368 2974 Caedicii
2413 2910 2654 2986 vicu8‚

345 3023 750 3091 Caedicius
801 3037 1149 3100 campus,
1195 3023 1262 3081 et
1305 3018 1374 3081 in
1420 3018 1847 3100 inscriptione
1894 3018 2118 3099 aliqua
2163 3017 2381 3083 coloni
2414 3014 2655 3081 Caedi-

346 3132 587 3208 ciani,
625 3148 774 3192 cum
809 3124 1222 3189 Sinuessanis
1257 3127 1608 3205 coniuncti,
1642 3126 2081 3203 nominentur,
2115 3125 2382 3207 scripsit
2413 3124 2492 3187 in
2530 3121 2656 3186 Sa-

345 3241 594 3315 binis,
637 3232 936 3300 Caediis
983 3253 1252 3313 aqum,
1305 3241 1701 3315 secutusque
1747 3239 1849 3298 est
1872 3232 2460 3299 Weissenbornius.
2529 3229 2658 3294 Sed

348 3353 795 3434 praeterquam
841 3340 1019 3423 quod
1059 3361 1100 3404 a
1138 3340 1375 3406 Caediis
1411 3341 1657 3424 oppido
1694 3340 2106 3420 Caedicius,
2155 3337 2659 3404 Caedicianus

348 3478 480 3520 non
557 3458 739 3518 recte
816 3446 1085 3530 fingitur
1151 3446 1404 3531 (itaque
1472 3447 1890 3513 Woelfflinus
1960 3446 2340 3514 Caediciis
2409 3465 2657 3529 aquas

350 3561 649 3645 scripsit,
716 3555 913 3640 paulo
979 3555 1240 3638 longius
1310 3555 1713 3635 discedens),
1781 3577 1993 3640 neque
2060 3557 2126 3620 in
2198 3554 2526 3620 Sabinis
2593 3558 2663 3617 et

348 3668 677 3742 Caediis,
744 3663 951 3727 totius
1003 3665 1290 3746 regionis
1348 3685 1587 3728 nomen
1635 3671 1705 3727 et
1756 3665 1951 3728 unius
2006 3662 2225 3740 viculi,
2282 3670 2462 3727 recte
2508 3683 2661 3726 con-

411 3927 465 3991 ¹)
501 3925 559 3978 C.
597 3926 694 3990 36,
738 3926 772 3976 4
809 3924 1129 3976 necessario
1176 3924 1387 3991 requiri
1424 3922 1764 3977 infinitivum
1801 3921 2044 3986 fuisse,
2091 3922 2267 3976 sensit
2301 3921 2409 3974 Iac.
2449 3919 2664 3974 Perizo-

493 4011 646 4075 nius;
694 4008 861 4062 huius
905 4007 1052 4061 enim
1089 4008 1271 4076 verbi,
1317 4009 1415 4062 ubi
1451 4025 1553 4078 pro
1589 4008 1902 4079 praedicato
1938 4008 2393 4076 praepositionem
2433 4005 2663 4058 adiunc-

493 4101 610 4150 tam
645 4095 843 4159 habet,
896 4109 1077 4161 neque
1120 4093 1455 4148 indicativus
1501 4111 1685 4163 neque
1730 4092 2039 4148 infinitivus
2083 4091 2384 4162 (praeteriti
2431 4105 2663 4158 praeser-

497 4180 617 4245 tim)
667 4178 853 4232 omitti
903 4178 1020 4231 ullo
1069 4179 1237 4233 modo
1285 4185 1489 4248 potest.
1576 4178 1688 4234 Sed
1726 4180 1879 4247 quod
1913 4177 2399 4233 Weissenbornius
2435 4189 2666 4228 summoe

497 4266 770 4319 universes
826 4279 896 4315 ex
952 4264 1299 4333 singulorum
1356 4267 1625 4332 generum
1681 4265 1928 4318 numeris
1973 4255 2563 4318 collectionem'recte
2611 4264 2669 4312 et

501 4349 693 4404 ordine
731 4346 1102 4416 significatam
1138 4350 1264 4402 tolli
1300 4355 1479 4402 totam
1516 4349 1670 4415 vult,
1718 4349 1889 4418 longe
1933 4365 2000 4403 ea
2045 4347 2289 4416 suspicio
2337 4345 2562 4398 aberrat
2596 4344 2668 4396 ab

500 4433 1027 4500 additamentorum,
1065 4450 1188 4503 quae
1224 4435 1285 4488 in
1319 4434 1468 4488 Livii
1504 4434 1797 4489 codicibus
1832 4431 2346 4503 deprehenduntur,
2382 4442 2600 4497 genere.
