3230 5282
1419 635 1538 695 177
2351 648 2474 701 Lib.
2511 647 2633 703 VII.

319 825 555 898 tamen,
603 826 850 901 praeter
896 817 1025 883 duo
1071 817 1250 882 bella
1296 838 1611 901 prospere
1659 827 1847 900 gesta
1893 820 2161 884 tertium
2209 840 2356 883 cum
2402 819 2634 884 Tibur-

323 925 492 990 tibus
549 923 771 990 fuisse.
887 925 1011 1003 Qui
1080 925 1335 991 duobus
1389 925 1580 990 bellis
1638 947 1995 1009 eorumque
2054 933 2290 992 eventu
2346 927 2634 992 breviter

319 1033 686 1115 significato
756 1033 993 1098 deinde
1062 1035 1417 1117 separatim
1484 1033 1565 1098 de
1625 1040 1908 1118 utroque
1966 1035 2128 1099 dicit
2141 1086 2155 1115 ‚
2221 1035 2347 1099 hac
2403 1035 2632 1099 adiun-

317 1141 508 1225 gendi
565 1139 779 1206 forma
834 1143 934 1206 uti
987 1143 1221 1225 nequit
1278 1139 1420 1222 (cfr.
1467 1142 1662 1207 modo
1711 1163 1765 1206 6.
1818 1148 1846 1205 1
1859 1147 1916 1222 7,
1969 1148 1997 1205 1
2050 1142 2193 1224 sq.).
2292 1142 2631 1208 Facillimo

319 1251 581 1332 negotio
651 1267 873 1314 verum
939 1251 1333 1314 restituetur
1345 1300 1360 1329 ‚
1437 1251 1746 1314 retractis
1813 1250 2072 1315 duabus
2137 1250 2377 1314 litteris
2394 1300 2407 1330 ,
2488 1271 2632 1333 quae

316 1359 570 1423 omissae
617 1364 788 1435 sunt,
837 1357 1016 1439 quod
1060 1356 1304 1421 eaedem
1349 1356 1452 1421 bis
1502 1357 1869 1423 scribendae
1918 1363 2137 1422 erant:
2197 1358 2255 1421 D
2270 1380 2314 1421 u
2327 1380 2364 1422 o
2410 1358 2453 1423 b
2469 1358 2634 1423 ella

318 1486 410 1530 eo
456 1466 667 1531 anno
713 1486 1107 1549 prospere
1154 1472 1401 1547 gesta.
1493 1463 1684 1529 Cum
1729 1464 2211 1530 Tiburtibus
2258 1484 2487 1542 usque
2536 1466 2632 1530 ad

321 1573 828 1638 deditionem
882 1578 1340 1656 pugnatum.
1423 1573 1756 1638 Sassula
1814 1594 1902 1638 ex
1961 1573 2085 1637 his
2140 1574 2332 1638 urbs
2391 1581 2635 1656 capta

320 1680 723 1764 (ceteraque,
772 1701 919 1763 quae
965 1680 1050 1744 ad
1095 1680 1403 1745 Tiburtes
1448 1680 1829 1763 pertinent).
1911 1679 2290 1764 Sequuntur
2333 1680 2433 1745 his
2482 1702 2633 1746 con-

319 1790 553 1852 traria:
637 1787 726 1852 In
785 1787 1426 1871 Tarquinienses
1496 1787 1790 1852 acerbe
1860 1789 2220 1852 saevitum
2288 1796 2409 1853 cet.
2428 1839 2442 1868 ,
2510 1791 2631 1853 etsi

318 1897 638 1959 orationis
695 1893 911 1959 forma
954 1896 1451 1960 accommodata
1496 1896 1582 1959 ad
1627 1897 1931 1979 proxima
1976 1901 2076 1960 est
2093 1919 2106 1958 ε
2156 1895 2209 1958 Τ
2222 1917 2255 1959 r
2267 1897 2290 1959 i
2304 1917 2345 1960 u
2360 1919 2424 1960 m
2438 1920 2479 1980 p
2494 1896 2537 1959 h
2552 1918 2592 1961 a
2606 1931 2632 1942 -

317 2010 478 2067 tum
544 2003 639 2068 de
710 2002 1222 2082 Tiburtibus;
1304 2003 1468 2068 alio
1486 2004 1677 2085 quin
1744 2004 1968 2068 mitis
2033 2004 2389 2068 victoria
2456 2004 2629 2070 fuit.

317 2110 404 2175 Et
461 2133 505 2175 u
517 2133 548 2176 s
562 2133 605 2193 q
618 2132 663 2174 ιι
680 2132 715 2175 6
773 2111 883 2173 1116
941 2111 1149 2175 latere
1206 2117 1505 2176 senserat
1550 2112 1936 2176 emendator
1984 2111 2229 2176 codicis
2279 2110 2632 2176 Gaertneri-

314 2219 459 2297 ani3
530 2218 650 2283 sed
694 2217 1276 2283 Drakenborchius
1292 2270 1306 2298 ‚
1375 2219 1572 2283 homo
1636 2219 1884 2300 alioqui
1940 2220 2203 2283 minime
2258 2218 2633 2284 fastidiosa-

312 2348 459 2390 rum
494 2327 772 2404 aurium,
810 2325 889 2390 de
924 2328 1183 2407 ingrato
1217 2348 1377 2391 sono
1412 2327 1944 2409 interpolationis
1980 2326 2044 2407 (6
2057 2349 2100 2391 ιι
2113 2349 2177 2390 m
2210 2325 2261 2390 T
2278 2347 2363 2390 ar
2376 2349 2421 2412 q
2433 2349 2475 2391 u
2488 2327 2510 2390 i
2525 2350 2567 2390 n
2580 2328 2631 2390 i-

313 2434 655 2498 ensibus
724 2432 1377 2518 Tiburtibusque
1444 2433 1729 2518 usque)
1800 2435 1987 2518 queri
2055 2455 2251 2517 quam
2317 2434 2403 2498 ad
2466 2434 2633 2499 Livii

313 2542 636 2606 orationis
681 2540 963 2606 formam
1009 2542 1557 2607 considerandam
1604 2542 1880 2607 excitari
1924 2541 2176 2605 maluit.
2191 2540 2249 2623 ¹)

494 2648 652 2733 Cap.
714 2653 824 2729 20,
894 2654 962 2713 8:
1043 2650 1116 2714 It
1130 2672 1224 2733 aq
1240 2672 1284 2715 u
1297 2672 1332 2715 e
1400 2650 1632 2734 (quum
1700 2651 1780 2714 de
1839 2648 2187 2714 Caeritibus
2256 2650 2511 2714 veniam
2570 2657 2635 2714 et

319 2778 554 2841 pacem
601 2756 980 2840 petentibus
1027 2758 1202 2841 apud
1246 2758 1560 2842 populum
1606 2765 1827 2822 actum
1872 2757 2071 2839 esset)
2129 2780 2171 2840 p
2185 2778 2225 2821 a
2237 2781 2279 2821 x
2334 2780 2375 2840 p
2390 2780 2427 2823 o
2443 2781 2485 2841 p
2500 2780 2542 2822 u
2556 2758 2581 2822 l
2595 2779 2632 2823 o

317 2864 607 2930 Caeriti
665 2865 892 2945 data,
959 2866 1440 2949 indutiasqu
1459 2889 1494 2931 e
1551 2867 1630 2930 in
1690 2872 2006 2931 centum
2064 2886 2313 2931 annos
2370 2863 2632 2930 factas

313 2974 400 3036 in
480 2980 820 3038 senatus
900 2974 1365 3038 consultum
1442 2973 1744 3039 referri
1822 2973 2161 3057 placuit.
2294 2972 2634 3055 Nusquam

317 3081 587 3144 memini
662 3079 794 3144 dici
850 3082 930 3143 in
989 3087 1321 3146 senatus
1381 3083 1845 3147 consultum
1920 3081 2236 3165 aliquid
2303 3078 2633 3160 referri3

313 3208 472 3252 nam
541 3186 656 3253 SC.
719 3187 796 3251 fit
864 3195 933 3252 et
995 3189 1434 3272 perscribitur
1449 3240 1463 3269 ,
1541 3210 1647 3253 res
1714 3192 1779 3253 in
1848 3195 2000 3253 acta
2067 3195 2135 3253 et
2200 3187 2463 3251 tabulas
2530 3209 2634 3251 re-

311 3296 549 3361 fertur.
665 3296 795 3360 Sed
852 3296 975 3360 hoc
1034 3299 1409 3361 omittamus
1426 3321 1441 3376 ;
1511 3298 1656 3378 quis
1714 3296 1913 3362 fando
1972 3296 2249 3375 audivit,
2320 3294 2636 3377 populum

311 3404 625 3468 decresse
643 3455 657 3482 ‚
730 3403 888 3487 quid
955 3404 1021 3468 in
1082 3403 1195 3468 SC.
1254 3404 1617 3469 referretur
1634 3456 1647 3483 ,
1719 3411 1784 3469 et
1840 3404 2067 3487 populi
2125 3404 2392 3467 decreta
2448 3400 2633 3467 SCtis

311 3512 693 3595 perscripta
708 3512 739 3573 ¹?
819 3511 978 3588 Quis
1047 3513 1228 3594 pacis
1297 3514 1364 3575 in
1435 3519 1698 3576 centum
1756 3533 1961 3576 annos
2009 3511 2179 3574 datae
2223 3510 2417 3574 fidem
2464 3508 2632 3576 SCto

307 3620 654 3683 firmatam
711 3625 779 3682 et
823 3625 1136 3682 testatam
1182 3640 1261 3683 ac
1308 3641 1438 3683 non
1483 3619 1629 3702 lege
1678 3627 1744 3683 et
1787 3618 2070 3684 foederis
2117 3618 2364 3682 tabulis
2380 3620 2410 3681 Ῥ
2465 3618 2634 3682 Nam

373 3873 417 3939 ¹)
459 3871 600 3939 Cap.
622 3874 705 3939 23,
741 3873 774 3925 6
807 3889 910 3940 pro
947 3872 1164 3940 integi
1195 3872 1412 3940 (quum
1448 3873 1580 3925 1661
1613 3872 2010 3956 altitudine,
2042 3877 2181 3925 tum
2212 3873 2397 3925 vallo
2430 3872 2634 3924 etiam

455 3957 730 4024 integi),
769 3957 919 4025 quod
955 3956 1447 4010 Drakenborchius
1486 3975 1515 4010 e
1552 3957 1841 4010 codicibus
1875 3959 2180 4022 revocavit,
2226 3957 2396 4010 ceteri
2432 3956 2634 4010 deinde

449 4046 791 4107 tenuerunt,
847 4041 1259 4095 restituendum
1314 4047 1423 4107 est,
1480 4042 1630 4108 quod
1683 4042 1817 4097 inde
1864 4060 1897 4095 a
1938 4042 2220 4096 Frobenio
2274 4041 2344 4094 ad
2388 4041 2634 4094 Draken-

455 4126 758 4180 borchium
797 4127 1011 4180 editum
1048 4133 1185 4192 erat,
1222 4128 1396 4195 tegi3
1442 4127 1513 4179 in
1549 4145 1618 4179 ex
1657 4143 1699 4177 ιιι
1735 4127 2081 4195 praecedenti
2120 4133 2304 4180 ortum
2335 4130 2436 4180 est.
2485 4126 2631 4192 (Vid.

452 4211 531 4264 ad
569 4210 638 4276 V,
674 4214 759 4278 47,
796 4211 865 4277 6.)
947 4211 1141 4279 Coriis,
1178 4217 1351 4276 veste,
1391 4213 1532 4276 aliis,
1571 4229 1694 4280 qnae
1733 4214 2245 4281 superiniiciuntur‚
2294 4212 2634 4279 integitur

449 4295 702 4364 aliquid,
756 4297 1082 4350 intendente
1121 4298 1522 4366 praepositione
1561 4315 1682 4350 eam
1719 4297 2213 4366 significationem,
2267 4313 2391 4364 quae
2429 4298 2537 4349 iam
2575 4297 2633 4348 in

449 4382 634 4434 verbo
671 4381 900 4449 tegendi
937 4387 1040 4448 est,
1079 4387 1134 4434 et
1171 4383 1466 4436 certiorem
1502 4382 1800 4449 reddente;
1838 4383 2025 4451 armis,
2065 4382 2447 4447 munimentiS,
2485 4381 2634 4449 quic-

444 4466 597 4535 quid
635 4466 959 4536 oppositum
995 4466 1200 4520 infesta
1236 4476 1406 4534 arcet,
1444 4468 1740 4536 tegimur
1774 4472 2013 4534 tantum,
2050 4484 2165 4520 non
2201 4468 2340 4520 inte
2352 4467 2585 4535 gimur.

2110 4572 2172 4623 12
