3230 5282
481 584 607 640 Lib.
644 582 737 638 VI.
1580 566 1700 627 158

484 755 702 836 XXX,
768 758 874 835 12,
939 757 1015 818 15
1062 757 1130 817 et
1178 756 1274 832 16,
1320 751 1403 816 al.
1493 750 1684 816 Unde
1737 755 1960 814 tamen
2017 751 2224 815 enim
2270 756 2488 816 ortum
2532 751 2796 836 putabi-

485 864 676 929 mus?
745 862 1022 927 Poterat
1088 865 1404 944 suspecta
1467 880 1614 924 esse
1681 879 1883 942 prava
1939 858 2198 923 librarii
2256 858 2598 943 diligentia
2653 882 2800 926 sen-

485 972 731 1037 tentias
798 974 1064 1035 nectere
1126 968 1453 1033 studentis
1512 972 1579 1031 et
1636 966 1705 1031 in
1761 988 1840 1031 eo
1898 966 2298 1047 aberrantis,
2363 969 2492 1033 nisi
2552 976 2799 1034 certam

483 1079 707 1146 mendi
784 1077 1104 1160 originem
1182 1076 1561 1141 ostenderet
1630 1074 2053 1139 distributiva
2120 1076 2528 1159 pronominis
2581 1076 2800 1141 forma

483 1189 719 1266 rarior,
766 1207 962 1270 quam
987 1180 1214 1248 Cicero
1260 1184 1461 1248 semel
1502 1182 1709 1248 habet
1752 1181 1866 1264 (ad
1888 1183 2086 1247 Attic.
2112 1183 2257 1262 XII,
2306 1183 2433 1264 33).
2505 1182 2798 1269 Scripse-

484 1301 592 1361 rat
626 1295 799 1359 enim
819 1293 1073 1358 Livius:
1123 1291 1442 1362 (lauteni
1476 1292 1824 1355 clientes
1862 1291 2083 1355 circa
2119 1291 2485 1374 singulos
2518 1291 2799 1359 fuistis

483 1409 909 1487 patronos,
976 1406 1102 1464 tot
1163 1420 1367 1463 nunc
1424 1399 1820 1463 adversus
1876 1420 2113 1463 unum
2170 1398 2490 1464 hostem
2535 1401 2796 1466 eritis.

488 1510 873 1592 (Quoteni
915 1544 1004 1552 -
1049 1507 1442 1589 singuIOS,
1497 1512 1625 1571 tot
1666 1542 1754 1550 —
1797 1506 2078 1587 unum.)
2156 1506 2259 1570 Ex
2303 1509 2432 1572 eni
2475 1507 2714 1573 litteris
2759 1529 2802 1574 a

485 1624 691 1703 quot
736 1616 1074 1681 distractis
1119 1615 1368 1679 factum
1414 1620 1517 1679 est
1563 1615 1787 1678 enim.
1881 1612 2270 1696 [Senserant
2314 1616 2544 1679 vitium
2590 1613 2754 1697 alii.]

658 1723 815 1808 Cap.
864 1728 977 1803 20,
1038 1727 1074 1786 6
1133 1721 1212 1786 de
1272 1721 1358 1786 Μ.
1404 1722 1652 1786 Manlio
1712 1720 2015 1788 accusato
2082 1723 2176 1787 sic
2234 1723 2573 1788 scribitur:
2643 1722 2798 1788 Ho-

483 1835 733 1899 mines
809 1852 1064 1916 prope
1148 1830 1803 1914 quadringentos
1903 1830 2394 1914 produxisse
2473 1831 2799 1909 dicitur,

489 1941 788 2025 quibus
852 1940 1024 2004 sine
1081 1937 1360 2002 fenore
1423 1959 1823 2020 expensas
1868 1938 2256 2021 pecunias
2301 1939 2642 2004 tulisset
2683 1962 2801 2019 —3

485 2049 583 2114 ad
665 2049 825 2112 haec
893 2046 1189 2111 decora
1259 2065 1573 2129 quoque
1640 2044 1845 2110 belli
1912 2067 2067 2111 non
2134 2067 2800 2112 commemorasse

484 2161 824 2232 tantum,
884 2153 1021 2218 sed
1066 2154 1527 2236 protulisse
1575 2153 1823 2217 etiam
1868 2153 2474 2236 conspicienda,
2535 2154 2803 2237 spolia

481 2262 841 2327 hostium
889 2282 1266 2326 cae-sorum
1312 2260 1408 2324 ad
1454 2260 1832 2340 triginta,
1885 2283 2001 2340 —3
2060 2260 2156 2325 ad
2212 2259 2362 2347 hoc
2422 2267 2800 2325 servatos

486 2390 588 2434 ex
668 2368 1049 2434 hostibus
1130 2369 1345 2432 cives
1414 2368 1833 2450 produxit,
1910 2369 2127 2433 inter
2206 2390 2410 2451 quos
2479 2366 2547 2431 C.
2616 2368 2801 2433 Ser-

482 2477 776 2542 vilium
842 2476 1314 2556 magistrum
1383 2475 1739 2556 equitum
1795 2475 2211 2541 absentem
2267 2476 2800 2555 nominatum;

487 2591 568 2649 et
606 2581 841 2669 quum
880 2603 973 2649 ea
1008 2603 1349 2667 quoque,
1397 2603 1562 2667 quae
1594 2582 1817 2650 bello
1853 2589 2086 2667 gesta
2132 2589 2438 2663 essent,
2494 2618 2583 2628 —-
2629 2603 2795 2649 ora-

479 2692 706 2757 tione
753 2692 997 2755 etiam
1030 2690 1470 2773 magnifica
1501 2727 1589 2735 —
1622 2699 2173 2771 memorasset,
2218 2692 2575 2757 nudasse
2626 2712 2800 2775 pec-

478 2805 606 2863 tus
658 2834 733 2842 —
784 2804 863 2862 et
918 2799 1181 2864 Iovem
1224 2834 1310 2843 —
1371 2798 1813 2865 devocasse
1866 2835 1954 2844 —
2011 2805 2566 2883 precatusque
2626 2820 2800 2864 esse

480 2912 602 2972 cet.
665 2905 999 2972 Orationis
1037 2912 1436 2971 structuram
1474 2914 1540 2971 et
1567 2909 2041 2972 sententiarum
2068 2907 2533 2972 cohaerentiam
2557 2907 2799 2989 planis-

488 3016 722 3080 simam
791 3014 1142 3099 perturbat
1212 3020 1279 3079 et
1330 3014 1628 3079 funditus
1685 3016 1921 3080 evertit
1978 3016 2360 3080 interiectus
2415 3015 2648 3079 mediis
2703 3015 2803 3078 in-

478 3121 771 3191 finitivis,
818 3123 1212 3187 indicativus
1272 3121 1691 3205 produxit,
1759 3144 1879 3204 pro
1938 3145 2071 3206 quo
2130 3123 2418 3188 editores
2478 3129 2632 3186 ante
2687 3121 2799 3185 AJ-

477 3230 906 3312 sohefskium,
973 3230 1273 3295 Rhenani
1330 3230 1782 3294 coniecturam
1842 3231 2070 3309 secuti,
2133 3252 2411 3314 prorsus
2481 3229 2801 3295 violenter

479 3339 971 3422 produxisse
1030 3338 1541 3416 substituerant,
1607 3338 1909 3421 neglecta
1963 3359 2117 3401 vera
2164 3337 2457 3402 eiusdem
2502 3336 2804 3402 Rhenani

479 3446 870 3528 suspicione,
917 3444 985 3508 id
1029 3444 1301 3508 verbum
1348 3445 1433 3508 ab
1478 3445 1962 3528 interpolatore
2008 3445 2340 3525 additum3
2407 3466 2538 3509 non
2583 3450 2797 3510 atten-

482 3551 673 3616 derat
740 3553 940 3631 enim,
1011 3553 1125 3635 qui
1195 3552 1481 3631 addidit,
1547 3551 1724 3617 hunc
1793 3573 2056 3635 quoque
2113 3553 2560 3617 accusativum
2619 3552 2800 3633 (ser-

477 3665 709 3723 vatos
766 3695 853 3702 —
907 3658 1150 3739 cives)
1219 3680 1260 3722 a
1340 3681 2011 3726 commemorasse
2079 3659 2396 3743 pendere,
2481 3660 2663 3744 quod
2737 3661 2794 3724 si

480 3765 855 3830 confirmari
922 3787 1088 3849 opus
1146 3774 1354 3846 esset,
1442 3768 1605 3832 satis
1666 3768 2046 3833 ostenderet
2100 3768 2349 3832 mentio
2411 3766 2480 3832 C.
2546 3767 2806 3832 Servilii

480 3873 794 3937 absentis,
899 3872 1058 3954 (Sed
1117 3873 1383 3939 sublato
1441 3875 1979 3940 manifestissimo
2039 3873 2495 3941 additamento
2553 3877 2805 3940 residet

479 3985 703 4043 tamen
763 3980 1072 4044 mendum
1129 4003 1260 4046 non
1318 3982 1531 4047 minus
1586 3982 2042 4062 manifestum3
2110 4005 2264 4048 nam
2319 4004 2535 4066 neque
2591 3985 2801 4067 passi-

478 4109 595 4151 vus
676 4087 1033 4152 infinitivus
1102 4088 1310 4170 (esse
1389 4091 1562 4154 enim
1640 4091 2015 4156 necessario
2089 4091 2387 4170 auditur,
2466 4113 2547 4156 ne
2602 4090 2803 4155 Man-

478 4194 611 4258 lius
694 4195 952 4259 dicatur
1026 4218 1695 4263 commemorasse
1756 4196 2191 4262 Servilium
2262 4200 2800 4280 nominatum)

478 4323 694 4385 neque
799 4305 1214 4370 accusativus
1316 4305 1453 4370 ullo
1542 4306 1742 4371 modo
1838 4306 1906 4368 in
1989 4307 2310 4372 orationis
2401 4312 2806 4371 structuram

482 4409 734 4474 includi
813 4416 1050 4493 potest.
1174 4411 1324 4477 Una
1410 4412 1638 4477 littera
1712 4418 1972 4478 mutata
2046 4421 2231 4479 recta
2311 4414 2528 4479 omnia
2606 4412 2803 4478 fient:
