3230 5282
1565 658 1686 719 343
1719 680 1722 683 ·
2085 648 2090 653 ’
2420 672 2543 726 Lib.
2581 673 2778 728 xxlv.

466 864 623 908 num
678 836 1018 908 transtulit
1076 842 1432 906 recellendi
1488 847 1739 906 motum
1797 842 1882 906 ad
1942 842 2153 908 solum
2199 843 2282 908 ab
2329 844 2539 909 altera
2585 854 2777 928 parte

466 951 839 1016 tollenonis.
912 948 1319 1015 Coniecturae
1366 948 1447 1012 de
1492 949 1712 1013 verbis
1759 949 2090 1014 mutandis
2136 951 2413 1034 prolatae
2458 953 2619 1017 nihil
2668 975 2777 1018 ex-

476 1059 767 1140 pediunt.
862 1058 1178 1138 (1862.)²)

641 1165 799 1249 Cap.
862 1170 971 1245 36,
1041 1167 1131 1229 32·
1190 1164 1346 1229 Sub
1424 1164 1637 1229 idem
1712 1163 1935 1229 forte
2002 1173 2320 1250 tempus
2388 1176 2465 1234 et
2531 1191 2774 1235 naves

466 1274 724 1355 longae
780 1274 900 1338 LV
948 1271 1759 1355 Carthaginiensium
1817 1294 1988 1338 cum
2044 1274 2504 1340 Bomilcare
2560 1277 2773 1341 clas-

461 1383 581 1446 sis
649 1383 727 1446 in
797 1402 1159 1463 magnum
1217 1387 1537 1463 portum
1595 1381 2044 1463 Syracusas
2102 1404 2193 1445 ex
2250 1381 2422 1447 alto
2483 1383 2775 1448 decur-

422 1479 661 1568 'rere,
720 1498 796 1554 et
839 1490 1189 1553 Romana
1242 1489 1436 1552 item
1483 1488 1817 1567 classis,
1875 1489 2078 1552 XXX
2125 1491 2772 1573 quinqueremes»,

461 1596 865 1680 legionem
922 1597 1258 1681 primam
1316 1596 1702 1660 Panormi
1760 1618 2239 1680 exposuere.
2353 1598 2498 1662 Non
2559 1600 2772 1664 solum

458 1705 664 1769 mirus
722 1712 853 1782 est,
898 1703 1033 1786 'qui
1090 1704 1388 1786 fingitur,
1455 1704 1803 1769 verborum
1860 1703 2056 1771 ordo:
2138 1704 2769 1789 Carthaginien-

457 1813 669 1876 sium'
710 1834 882 1876 cum
927 1812 1391 1877 Bomilcare
1443 1811 1764 1889 classiS‚
1821 1832 2025 1893 quum
2073 1813 2449 1896 praepositio
2497 1813 2583 1877 ad
2629 1836 2769 1879 ver-

458 1920 610 1983 bum
656 1920 1016 1999 referatur,
1084 1920 1198 1984 sed
1246 1919 1615 1997 inaudituS,
1684 1920 1751 1982 in
1809 1920 1928 1983 tali
1988 1920 2252 2002 quidem
2309 1920 2575 2002 reliquae
2624 1944 2769 1986 sen-

454 2029 680 2092 tentiae
724 2028 967 2109 forma3
1022 2026 1135 2092 sed
1194 2049 1325 2092 non
1372 2027 1587 2090 minus
1632 2048 1936 2110 perverse
1983 2050 2221 2093 naves
2267 2028 2386 2092 LV
2434 2027 2757 2094 Cartha·
2793 2048 2941 2115 (280)

455 2136 950 2217 giniensium
998 2136 1295 2199 classis
1333 2133 1672 2217 (quoniam
1716 2157 1846 2199 non
1892 2134 2303 2217 significatur
2347 2158 2501 2219 pars
2539 2136 2767 2202 classis

456 2244 771 2307 universae
851 2250 1004 2308 ante
1084 2244 1639 2321 commemoratae)
1718 2264 1839 2325 pro
1921 2242 2187 2306 classe
2253 2243 2375 2308 LV
2441 2247 2766 2323 navium

455 2349 779 2415 dicuntur.
848 2351 1080 2434 Itaque
1125 2352 1192 2413 in
1238 2334 1709 2415 recentissimis
1756 2349 1946 2415 codd.
1982 2351 2442 2433 interpolando
2487 2351 2763 2440 factum:

453 2479 624 2522 cum
668 2458 872 2522 Boni.
922 2458 1215 2522 classis
1262 2457 1680 2539 praefecto.
1773 2457 2171 2540 Simpliciter
2214 2458 2575 2524 tollendum
2622 2469 2765 2525 erat

452 2566 751 2631 classis
809 2586 1073 2644 nomen,
1130 2564 1257 2628 huc
1313 2586 1393 2629 ex
1450 2566 1746 2649 proximo
1808 2587 2029 2637 versu,
2084 2566 2200 2631 ubi
2243 2573 2422 2631 recte
2469 2569 2762 2651 ponitur,

452 2675 725 2739 illatum.
819 2673 954 2757 [Sic
999 2672 1426 2755 Kaestnerus]
1871 2664 1885 2674 ⁴

623 2782 781 2866 Cap.
834 2787 931 2862 39,
989 2786 1026 2845 9
1078 2783 1185 2860 (de
1232 2783 1432 2846 motis
1478 2782 1930 2847 Hennensium
1977 2783 2155 2848 caede
2202 2784 2571 2849 Siculorum
2622 2787 2762 2848 ani-

450 2888 630 2970 mis):
689 2899 768 2955 et
824 2891 1021 2973 quia
1067 2889 1280 2954 caede
1326 2889 1668 2954 infanda
1710 2890 2108 2955 rebantur
2151 2913 2303 2955 non
2350 2892 2759 2956 hominum

447 3003 790 3076 tantum,
862 2998 1000 3062 sed
1066 2998 1310 3062 etiam
1380 2997 1710 3061 deorum
1777 2996 2041 3061 sedem
2100 2997 2487 3063 violatam
2547 3020 2758 3076 esse,

450 3112 610 3170 tum
655 3128 871 3185 ver0,
931 3106 1063 3188 qui
1121 3107 1364 3169 etiam
1423 3111 1605 3170 ante
1666 3104 1899 3169 dubii
1958 3105 2319 3183 fuerant,
2381 3105 2757 3170 defecere

449 3212 544 3276 ad
590 3212 922 3278 Poenos
1025 3214 1174 3278 Non
1221 3213 1465 3290 solum,
1524 3212 1635 3293 qui
1680 3213 1813 3276 iam
1859 3204 1985 3292 (sic
2031 3211 2157 3276 dici
2206 3212 2581 3295 oportebat,
2629 3235 2756 3278 non

448 3321 720 3398 etiam)
769 3328 923 3385 ante
971 3320 1156 3385 dubii
1202 3320 1487 3397 fuerant,
1547 3319 1947 3394 defecerunt,
2008 3319 2124 3384 sed
2169 3327 2409 3402 praeter
2456 3339 2585 3398 eOS,
2646 3323 2759 3404 qui

446 3427 1117 3493 iamdestinaverant
1164 3427 1459 3507 deficere,
1506 3427 1707 3492 etiam
1751 3428 1818 3506 ii,
1868 3429 1977 3509 qui
2025 3433 2222 3492 antea
2267 3427 2755 3507 dubitaverant,

312 3565 335 3582 ·
445 3543 664 3600 utrum
709 3535 964 3600 Poenos
1010 3537 1430 3601 Romanosne
1492 3542 1943 3617 sequerentur.
2050 3534 2481 3601 Scribendum
2538 3538 2757 3620 igitur,

446 3643 958 3726 transpositione
1015 3644 1226 3708 facta:
1297 3650 1461 3708 tum
1529 3665 1716 3708 vero
1776 3644 2026 3707 etiam
2086 3645 2219 3726 qui
2277 3652 2467 3709 ante
2525 3645 2754 3709 dubii

446 3747 799 3828 fuerant,
861 3759 983 3815 cet.
1092 3752 1186 3815 De
1244 3752 1672 3816 correctionis
1729 3771 1967 3832 genere
2016 3750 2148 3814 dixi
2194 3751 2276 3815 ad
2327 3752 2530 3830 XXII,
2577 3757 2634 3831 2,
2683 3757 2753 3832 63

446 3857 674 3922 eodem
731 3867 908 3923 recte
952 3880 1144 3923 usum
1190 3858 1515 3924 Roellium
1562 3859 1699 3924 dixi
1744 3860 1810 3922 in
1857 3859 2051 3923 huius
2094 3859 2247 3924 libri
2297 3880 2351 3922 e.
2400 3862 2499 3938 28,
2548 3865 2606 3936 9,
2653 3863 2755 3926 usi

445 3964 559 4029 alii
619 3974 795 4032 recte
858 3974 1011 4031 sunt
1068 3989 1121 4031 c.
1169 3972 1283 4045 47,
1345 3973 1380 4030 5
1429 3965 1686 4048 (quam
1743 3966 1837 4030 ob
1895 3987 2175 4030 noxam
2219 3967 2752 4033 Romanorum

445 4079 587 4137 aut
643 4073 853 4156 quod
910 4076 1275 4139 meritum
1320 4076 1772 4139 Poenorum
1829 4095 1978 4156 pro:
2049 4074 2260 4157 quod
2319 4082 2458 4139 aut
2516 4077 2753 4139 meri-

501 4345 551 4408 ¹)
590 4343 718 4412 Cap.
758 4348 841 4410 34,
893 4347 954 4398 12
1001 4364 1070 4399 ex
1106 4346 1192 4399 his
1230 4347 1507 4414 vestigiis:
1568 4346 2592 4415 omnisquaeipseseadversaut
2629 4344 2752 4398 fieri

580 4429 768 4482 debet:
792 4432 1147 4497 omnisque
1175 4449 1327 4501 spes
1360 4448 1434 4485 eo
1461 4431 1916 4498 versa,ut(non
1949 4431 2029 4484 ad
2057 4429 2161 4498 id).
2204 4429 2317 4499 [Sic
2338 4428 2748 4496 Boettcher-us]
