3230 5282
1483 625 1608 686 469
2334 636 2458 690 Lib.
2496 635 2694 690 XXXI.

394 804 564 883 Quid
612 807 822 889 igitur
867 806 1027 871 fiet?
1095 807 1422 872 Vitiosum
1479 806 1643 886 illud
1702 813 1939 870 erant
1983 808 2077 871 sic
2124 808 2559 890 corrigemus,
2627 814 2703 872 ut

393 913 582 976 simul
635 916 979 978 sententiae
1025 916 1257 979 vitium
1303 916 1605 980 tollatur:
1677 914 1856 977 Haec
1913 934 2005 977 ea
2063 920 2347 979 aestate
2410 915 2503 979 ab
2551 916 2702 979 Ro-

392 1021 650 1085 manis
697 1020 1251 1106 Philippoque
1296 1029 1533 1107 gesta
1577 1030 1800 1084 terra.
1904 1020 2215 1086 Classis
2262 1043 2304 1085 a
2349 1019 2703 1105 Corcyra

392 1134 514 1192 cet.
618 1128 767 1211 Ipse
813 1131 1214 1196 narrationis
1261 1132 1583 1195 transitus
1630 1136 1908 1213 paratur
1954 1140 2019 1193 et
2064 1136 2333 1194 notatur
2377 1150 2701 1195 concursu

391 1235 505 1299 illo
554 1233 903 1301 verborum
950 1245 1174 1302 terra
1220 1246 1287 1302 et
1332 1238 1730 1319 classis.¹)

564 1342 722 1427 Cap.
782 1348 893 1422 47,
959 1348 1029 1408 6:
1103 1345 1173 1409 L.
1233 1346 1558 1424 Furius,
1632 1344 1866 1409 simul
1933 1343 2144 1426 quod
2210 1346 2288 1408 in
2358 1344 2701 1408 Etruria

389 1450 606 1515 nihil
675 1458 858 1516 erat
922 1454 1069 1531 rei,
1149 1453 1358 1537 quod
1426 1460 1778 1535 gereret,
1857 1452 2095 1516 simul
2168 1451 2481 1516 Gallico
2549 1453 2699 1516 tri-

389 1558 676 1642 umpho
760 1560 1217 1639 imminenS,
1316 1582 1543 1644 quem
1633 1560 1976 1624 absente
2059 1559 2396 1624 consule
2479 1560 2695 1623 irato

389 1672 640 1750 atque
718 1667 1146 1733 invidente
1225 1667 1560 1734 facilius
1640 1668 2068 1749 impetrari
2146 1687 2380 1749 posse
2448 1674 2695 1744 ratuS,

388 1775 707 1839 Romam
752 1775 1181 1857 inopinato
1232 1798 1467 1859 quum
1513 1775 1907 1854 venisset,
1976 1782 2345 1839 senatum
2401 1776 2477 1837 in
2537 1775 2696 1838 aede

387 1882 747 1947 Bellonae
791 1882 945 1947 hab
964 1884 1099 1948 uit.
1194 1882 1602 1948 Structuram
1650 1884 1965 1947 orationis
2012 1881 2264 1947 turbari
2310 1883 2696 1966 pronomine

389 2011 639 2074 quem,
688 1989 1055 2056 Gronovius
1103 1991 1581 2068 animadvertit,
1626 2012 1746 2054 nec
1792 1990 2152 2074 quidquam
2201 1991 2258 2053 ei
2294 1990 2388 2054 rei
2422 1990 2695 2054 remedii

389 2098 625 2162 adtulit
671 2098 1241 2163 Weissenbornius
1289 2098 1383 2178 (in
1429 2099 1527 2163 ed.
1577 2098 1887 2179 Teubn.),
1956 2099 2066 2180 qui
2124 2105 2239 2162 aut
2290 2104 2516 2161 ratus
2574 2118 2693 2179 pro

387 2214 612 2269 ratus
671 2213 798 2270 est
853 2206 1138 2288 positum
1196 2227 1337 2271 esse
1395 2206 1589 2285 dixit,
1662 2205 1837 2288 quod
1894 2206 2110 2287 ipsum
2168 2205 2234 2267 in
2290 2224 2493 2287 prosa
2549 2226 2695 2269 ora·

390 2315 566 2377 tione
614 2311 754 2377 fieri
800 2314 1058 2395 nequit,
1118 2319 1195 2377 ut
1242 2313 1336 2378 sic
1380 2315 1443 2377 in
1494 2313 1824 2378 sententia
1867 2312 2141 2376 relativa
2187 2314 2528 2377 omittatur
2573 2318 2699 2376 est

391 2419 541 2500 (vid.
583 2443 643 2503 p.
676 2423 804 2481 Υ322
853 2419 939 2483 ad
985 2420 1248 2500 XXVII,
1300 2426 1396 2494 12,
1445 2421 1532 2502 2),
1582 2421 1816 2485 deinde
1863 2421 2236 2484 necessario
2283 2441 2413 2484 non
2459 2428 2689 2485 ratus
2726 2432 2868 2501 (374)

390 2533 537 2605 est,
596 2526 711 2591 sed
757 2528 1094 2592 rebatur
1139 2528 1485 2593 dicendum
1532 2535 1692 2605 erat,
1738 2536 1853 2592 aut
1898 2528 2150 2592 Livium
2197 2529 2290 2593 sic
2336 2528 2697 2611 scripsisse,

388 2636 574 2718 quasi
645 2635 1065 2701 subiecturus
1134 2645 1338 2702 esset:
1425 2638 1744 2702 Romam
1826 2638 2081 2714 venit,
2164 2636 2340 2719 quod
2408 2637 2696 2702 omnium

387 2743 648 2807 minime
694 2743 851 2826 fingi
899 2745 1210 2828 oportuit,
1258 2746 1566 2826 quoniam
1613 2754 1757 2810 tota
1800 2744 1940 2809 haec
1987 2745 2296 2827 periodus
2344 2746 2695 2827 diligenter

386 2851 470 2915 ad
513 2851 683 2915 Livii
728 2851 1270 2916 consuetudinem
1315 2853 1722 2918 conformata
1769 2860 1886 2931 est,
1931 2861 2081 2935 post
2126 2853 2318 2935 plura
2363 2855 2697 2936 praemissa

442 3119 495 3185 ¹)
533 3119 589 3172 Si
639 3137 931 3174 censuram
978 3122 1280 3176 scriberem
1326 3129 1385 3177 et
1430 3123 1671 3176 aliorum
1718 3124 1949 3177 inventa
1993 3138 2384 3191 persequerer,
2439 3124 2496 3176 in
2543 3140 2589 3176 e.
2626 3124 2692 3175 46

527 3222 789 3272 quererer
839 3207 1081 3274 primum
1136 3206 1168 3275 ξ
1228 3211 1291 3260 10
1346 3209 1572 3262 retineri
1627 3208 1927 3261 manifesto
1982 3224 2300 3276 perversam
2356 3209 2690 3270 orationem,

525 3306 690 3357 quam
727 3309 839 3344 una
873 3291 1064 3346 littera
1098 3297 1317 3346 mutata
1353 3294 1404 3359 (f
1433 3312 1534 3362 pro
1573 3293 1610 3360 Ι)
1651 3300 1709 3347 et
1743 3294 1976 3347 meliore
2013 3294 2465 3362 interpunctione
2493 3294 2694 3362 Kreys-

523 3375 697 3443 sigius
726 3376 865 3441 (sive
895 3378 1018 3444 quis
1048 3378 1187 3432 alius
1216 3384 1415 3432 auctor
1442 3377 1548 3444 est)
1577 3379 1822 3431 sanavit:
1851 3379 1993 3431 tela
2021 3380 2417 3447 ingerentes
2447 3386 2512 3433 et
2543 3396 2695 3448 pon-

523 3461 681 3514 dere
733 3463 1005 3530 ingenti
1046 3479 1222 3516 saxa.
1300 3462 1683 3518 Faciebant
1726 3469 1795 3517 et
1833 3464 2197 3517 cuniculos
2244 3470 2309 3518 et
2354 3449 2728 3533 quidquid·

451 3541 457 3546 ’
522 3547 716 3600 aliud
761 3546 994 3615 priore
1041 3551 1557 3618 oppugnatione
1602 3555 1962 3618 expertum
2007 3550 2386 3618 profuerat.
2475 3550 2692 3604 Deinde

520 3649 636 3684 non
674 3632 857 3683 minus
894 3633 1153 3698 mirarer,
1200 3635 1257 3688 in
1295 3634 1327 3703 ἓ
1369 3640 1428 3688 11
1469 3636 1703 3689 retineri
1738 3652 1860 3687 eam
1898 3635 2265 3703 scripturam,
2311 3637 2371 3689 in
2407 3654 2531 3705 qua,
2583 3637 2690 3689 nisi

522 3717 634 3768 vim
678 3716 876 3781 facias,
930 3717 1266 3773 Macedones
1314 3719 1517 3773 Oreum
1572 3721 1742 3773 tutati
1801 3720 2061 3774 dicantur
2104 3721 2691 3788 praesentioribus

523 3802 764 3854 animis
829 3807 895 3855 et
957 3804 1554 3873 castigationibus
1619 3807 1816 3874 regis.
1923 3804 2241 3859 Sustulerat
2307 3806 2569 3859 mendum
2624 3823 2692 3858 ex

524 3887 801 3940 uberrimo
856 3891 1401 3944 accommodationis
1458 3890 1529 3944 ad
1582 3892 1840 3959 proxima
1891 3889 2051 3944 fonte
2107 3898 2294 3944 ortum
2348 3892 2688 3944 Gronovius:

521 3974 897 4025 tuebantur
950 4002 1017 4010 —
1075 3978 1304 4028 urbem
1357 3994 1694 4044 arcesque
1740 4005 1807 4014 -
1853 3977 2059 4030 etiam
2104 3978 2690 4044 praesentioribus

524 4059 803 4121 animis,
853 4063 923 4111 et
959 4061 1454 4129 castigationis
1491 4063 1674 4130 regis
1711 4063 1775 4114 in
1815 4062 2113 4114 admissa
2150 4062 2349 4130 culpa
2385 4066 2455 4113 et
2492 4063 2692 4114 simul

521 4144 884 4207 minarum,
958 4146 1195 4198 simul·
1230 4148 1762 4215 promissionum
1835 4148 1900 4200 in
1977 4147 2280 4200 futurum
2343 4164 2687 4200 memores

519 4227 918 4281 Praesentiores
964 4231 1181 4283 animos
1227 4231 1473 4286 faciebat
1518 4232 1906 4299 castigationis
1952 4233 2257 4300 praeteritae
2302 4233 2690 4300 minarumque

519 4320 576 4366 et
610 4314 1050 4381 promissionum
1085 4318 1368 4370 memoria.
1452 4317 1561 4372 Sed
1605 4319 1727 4370 haec
1775 4317 1911 4369 mihi
1955 4317 2340 4385 exemplorum
2390 4319 2520 4373 loco
2557 4320 2687 4381 sint,

518 4400 576 4452 in
615 4400 718 4451 bac
757 4416 978 4467 quoque
1017 4400 1226 4454 decade
1263 4403 1449 4456 omitti
1488 4420 1519 4455 a
1554 4420 1643 4455 me
1680 4403 1881 4487 aliena,
1920 4403 2028 4455 nisi
2069 4403 2163 4455 ubi
2191 4404 2488 4472 singularis
2521 4420 2691 4457 causa

520 4484 832 4538 accesserit.
