3230 5282
1349 593 1475 655 645
2226 605 2351 661 Lib.
2387 605 2557 661 XLII.

277 780 368 857 23,
438 781 531 857 12,
578 784 950 843 correctum
1004 798 1046 842 a
1088 777 1636 857 Weissenbornio,
1703 784 1768 843 et
1835 778 2078 843 similia
2144 777 2319 844 alibi.
2411 777 2476 862 (ξ
2520 783 2560 843 2

272 885 507 952 frustra
549 885 731 953 Livio
779 885 1134 970 adfingitur
1178 886 1463 969 elegans,
1507 887 1564 951 si
1608 884 1709 952 dis
1754 886 1992 970 placet,
2039 885 2443 967 Groecismus,
2489 894 2565 953 ut

273 1014 557 1078 negare
604 995 711 1060 sit
756 1016 876 1078 pro
923 1014 1225 1078 negare
1270 993 1530 1060 liceat
1576 994 1818 1061 dixisse
1862 1002 2164 1079 putetur,
2211 1016 2339 1078 quo
2387 994 2564 1062 Grae·

273 1103 464 1168 cismo
507 1124 699 1169 nemo
745 1104 814 1168 in
860 1123 1056 1187 prosa
1100 1104 1394 1169 oratione
1440 1124 1596 1169 usus
1644 1111 1764 1169 est.
1833 1103 2038 1170 Recte
2083 1103 2412 1170 Hearnius
2456 1105 2566 1170 sit

271 1231 346 1276 ex
409 1213 610 1277 satis
679 1211 790 1277 sit
847 1217 1058 1276 ortum
1121 1212 1398 1296 putavit.
1489 1210 1521 1295 §
1571 1216 1606 1277 3
1670 1233 1871 1297 quum
1912 1214 1982 1277 in
2027 1212 2253 1278 codice
2299 1213 2413 1277 sit:
2480 1218 2567 1277 ut

270 1340 647 1387 accusare
685 1320 964 1405 potius
1009 1341 1193 1385 vere
1239 1341 1468 1403 quam
1503 1320 2077 1386 conviciantur
2111 1320 2564 1399 videantur,

268 1449 391 1494 non
433 1430 532 1495 ita
567 1428 819 1494 difficili
853 1429 1118 1510 negotio
1154 1427 1297 1493 fieri
1332 1428 1574 1512 possit:
1623 1449 1854 1513 quam
1899 1429 2361 1494 conviciari
2405 1435 2566 1494 tur-

269 1537 479 1619 piter
522 1535 978 1616 videantur,
1023 1543 1099 1601 ut
1138 1535 1380 1602 litterae
1424 1537 1646 1621 piter
1691 1536 1775 1602 ob
1818 1535 2203 1603 nonnullam
2249 1537 2550 1603 similitu-
2587 1541 2736 1610 (534)

273 1643 481 1711 dinem
553 1643 929 1710 litterarum
993 1644 1175 1710 vide
1241 1644 1626 1727 interceptae
1704 1652 2038 1730 putentur.
2145 1642 2275 1710 Sed
2341 1644 2571 1710 eadem

269 1753 676 1836 neglegentia
721 1752 1031 1819 librarius
1095 1754 1163 1818 in
1209 1752 1656 1819 conviciari
1699 1755 2017 1838 praecepit
2061 1754 2341 1837 proximi
2383 1752 2571 1818 verbi

272 1860 761 1943 (videantur)
829 1861 1388 1941 terminationem,
1458 1881 1590 1944 qua
1655 1862 1883 1946 paucis
1950 1869 2099 1947 post
2163 1861 2378 1927 verbis
2445 1882 2566 1945 pro

265 1972 530 2051 gravis
590 1969 922 2053 publice
980 1971 1247 2054 scripsit
1301 1970 1652 2053 gravidae
1712 1969 2081 2055 publicae.
2171 1969 2446 2035 Frustra
2490 1991 2570 2034 ex

265 2077 507 2144 talibus
555 2079 942 2144 coniecturae
991 2076 1389 2163 captantur.)

430 2184 593 2271 Cap.
640 2192 743 2266 42,
795 2191 822 2250 1
875 2186 971 2268 (in
1017 2186 1248 2252 eadem
1293 2184 1649 2267 oratione):
1696 2187 1792 2252 At
1828 2207 2064 2270 quum
2109 2187 2570 2270 processis-

266 2315 423 2360 sem
482 2294 678 2361 inde
738 2295 836 2360 ad
881 2293 1166 2360 visend
1214 2315 1297 2360 as
1342 2294 1701 2360 Larisam
1746 2302 1826 2359 et
1869 2295 2230 2360 Antrona
2275 2301 2352 2360 et
2394 2294 2571 2360 Pte-

261 2401 465 2483 leon,
522 2404 791 2487 quoin
825 2403 1286 2488 propinquo
1321 2402 1572 2468 multo
1608 2410 1796 2468 ante
1843 2402 2131 2468 debita
2174 2409 2361 2468 vota
2402 2424 2572 2487 per-

262 2512 693 2591 solverem,
741 2510 1095 2596 Delphos
1143 2510 1694 2577 sacrificandi
1739 2532 1984 2577 causa
2030 2510 2374 2578 escendi.
2442 2510 2573 2578 Ne-

260 2643 382 2705 que
451 2643 609 2706 quo
656 2643 773 2705 pro
842 2627 959 2700 ut,
1003 2643 1135 2687 non
1181 2628 1496 2704 sequente
1564 2622 2042 2706 comparativo,
2108 2620 2330 2686 Livius
2387 2619 2571 2701 dixit,

261 2751 469 2814 neque
522 2731 590 2795 in
634 2731 1006 2814 propinquo
1032 2728 1466 2814 persolvenda
1500 2736 1655 2794 vota
1691 2736 1897 2806 erant,
1942 2727 2057 2794 sed
2079 2728 2354 2812 Delphis
2387 2730 2571 2813 ipsis.

263 2834 518 2904 Codex:
570 2847 646 2903 et
690 2837 1038 2923 Pycleon
1087 2838 1362 2919 quain
1407 2838 1866 2922 propinquo
1912 2835 2253 2921 Delphis
2315 2838 2573 2902 sacri-

260 2944 630 3013 ficandai
676 2967 923 3011 causa
965 2947 1216 3011 multo
1264 2952 1449 3010 ante
1496 2944 1774 3010 debita
1807 2952 1995 3011 vota
2028 2944 2573 3028 persolverem

265 3053 623 3141 Delphos
693 3053 1039 3120 escendi.
1128 3053 1361 3136 Itaque
1430 3061 1549 3118 aut
1627 3054 1719 3118 sic
1799 3052 2219 3118 scribendum
2281 3051 2571 3118 videtur:

264 3166 450 3248 quia
521 3166 599 3229 in
688 3163 1148 3247 propinquo
1227 3180 1427 3224 eran
1504 3161 2049 3227 sacrificandi
2126 3181 2409 3239 causa,
2497 3168 2575 3222 n

262 3273 517 3338 multo
608 3278 799 3337 ante
901 3269 1186 3336 debita
1284 3277 1473 3335 vota
1559 3269 2136 3353 persolverem,
2214 3268 2573 3352 Delphos

263 3380 617 3460 escendi‚
665 3386 782 3445 aut
821 3380 944 3444 sic:
991 3378 1179 3463 quia
1212 3379 1281 3443 in
1326 3379 1785 3461 propinquo
1830 3376 2128 3462 Delphi
2175 3385 2412 3455 erant,
2458 3397 2575 3442 sa-

265 3489 709 3554 crificandi
756 3508 1025 3565 causa,
1072 3494 1148 3549 n
1191 3509 1275 3552 m.
1312 3507 1370 3550 a.
1418 3486 1477 3551 d.
1525 3507 1581 3549 v.
1619 3484 2183 3570 persolverem,
2223 3486 2572 3551 escendi.

263 3595 435 3663 Nam
505 3598 778 3663 retineri
848 3603 1128 3678 utroque
1187 3595 1332 3661 loco
1388 3615 1625 3660 nomen
1674 3592 1995 3677 (Delphi
2049 3626 2137 3637 —
2180 3593 2574 3678 Delphos)

264 3726 394 3772 non
442 3711 674 3791 potest
741 3707 878 3770 sine
925 3703 1244 3770 orationis
1310 3704 1489 3769 vitio.
1578 3702 1761 3768 Infra
1807 3701 1839 3786 ἓ
1887 3706 1924 3767 6
1969 3704 2221 3783 nescio,
2280 3702 2398 3785 qui
2439 3701 2578 3767 fac-

264 3817 409 3879 tum
455 3816 575 3894 sit,
619 3823 712 3889 ut,
759 3834 957 3895 quum
1013 3813 1082 3876 in
1127 3811 1350 3877 codice
1405 3818 1581 3877 recte
1630 3813 1949 3895 scriptum
1994 3818 2203 3877 esset:
2272 3846 2359 3856 ——
2422 3810 2580 3875 Eu-

264 3942 566 3988 menem
634 3942 810 3987 esse
891 3919 1241 4004 [Vahlenio
1318 3927 1515 3985 teste:
1575 3917 2326 4002 Eumenenecesse];
2390 3938 2580 3983 con-

268 4032 703 4113 quiescere
750 4030 1016 4095 socios
1050 4036 1370 4095 vestros
1425 4049 1578 4093 non
1625 4048 1890 4112 posse,
1938 4026 2255 4112 Grynaeus
2322 4026 2576 4091 ederet:

263 4137 695 4205 Eumenem
754 4159 953 4216 esse,
1000 4157 1146 4202 nec
1190 4158 1465 4218 conqu.
1514 4157 1670 4203 soc.
1719 4143 2037 4202 vestros
2084 4155 2339 4219 posse.
2410 4132 2578 4217 [An-

265 4255 593 4327 tronas,
650 4256 726 4312 ut
772 4253 874 4311 est
927 4246 996 4310 in
1052 4245 1276 4311 codice
1334 4244 1439 4310 hic
1495 4253 1561 4311 et
1619 4265 1670 4309 c.
1731 4248 1829 4323 67,
1898 4247 1955 4323 9,
2021 4264 2153 4308 non
2218 4242 2580 4307 Antrona

269 4354 536 4420 Livium
592 4355 934 4439 scripsisse
993 4362 1274 4437 apparet
1332 4375 1410 4418 ex
1467 4350 1684 4418 Strab.
1731 4351 1854 4430 IX,
1923 4375 1986 4436 p.
2047 4353 2173 4414 432
2229 4348 2397 4427 Cas,
2443 4349 2580 4414 Ps.-

267 4462 608 4529 Demosth.
679 4462 962 4547 Philipp.
1031 4460 1138 4538 IV,
1210 4464 1247 4525 9
1314 4460 1734 4544 vestigiisque
1801 4458 2096 4525 codicum
2152 4458 2329 4542 apud
2388 4456 2579 4522 Diod.

278 4570 412 4637 Sic.
462 4570 599 4652 XX,
651 4575 768 4636 110
815 4570 956 4651 (cfr.
1003 4569 1265 4634 Advers.
1314 4570 1457 4636 crit.
1503 4567 1534 4632 1
1577 4591 1641 4652 p.
1691 4565 1892 4649 517).]
