3230 5282
688 617 809 670 Lib.
847 616 1014 669 XLII.
1776 603 1897 664 636

689 796 1204 872 exspectare3
1251 787 1364 853 sed
1410 788 1476 852 in
1523 788 1744 853 codice
1814 786 2152 852 scribitur:
2200 822 2283 831 —
2331 789 2575 852 armis
2622 787 2974 867 equitum

687 904 1062 963 eventum
1107 903 1610 980 exspectare,
1660 897 1726 959 in
1767 917 1897 978 quo
1933 894 2346 959 manifestum
2383 903 2485 960 est
2532 896 2736 959 latere
2783 915 2975 978 copu-

685 1005 814 1069 lam
883 1013 949 1069 et
1016 1025 1237 1070 vocem
1306 1004 1390 1068 ad
1446 1005 1838 1070 sententiam
1909 1006 2310 1087 aptissimam
2380 1014 2445 1068 et
2512 1026 2693 1088 pzene
2761 1024 2976 1068 neces-

685 1115 954 1193 sariam3
1004 1114 1359 1197 scripserat
1404 1114 1575 1178 enim
1623 1113 1869 1177 Livius:
1933 1113 2353 1177 abstinere
2398 1114 2642 1177 armis
2689 1121 2764 1176 et
2812 1115 2979 1196 qui·

684 1231 862 1288 etus
909 1229 1281 1287 eventum
1320 1229 1827 1305 exspectare.
1889 1222 2181 1286 Accedat
2228 1224 2427 1304 igitur
2464 1224 2587 1287 hoc
2623 1222 2982 1305 exemplum

683 1338 1139 1414 corruptarum
1191 1330 1273 1394 ab
1319 1329 1442 1393 hoc
1499 1329 1769 1394 librario
1829 1351 2055 1393 vocum
2125 1333 2459 1412 quiesco
2529 1340 2591 1395 et
2662 1332 2982 1413 quietus

569 1425 574 1430 ⁵
681 1441 780 1518 iis,
832 1461 975 1522 quae
1024 1461 1083 1521 p.
1133 1443 1254 1503 602
1315 1445 1380 1502 et
1434 1460 1496 1522 p.
1547 1442 1670 1501 617
1719 1437 1995 1502 collecta
2066 1450 2242 1516 sunt,
2291 1440 2815 1522 adiungaturque
2884 1439 2981 1503 his

684 1547 909 1625 XLIV,
960 1552 1014 1618 3.
1064 1552 1118 1625 3,
1164 1547 1277 1610 ubi
1324 1567 1401 1610 ex
1442 1549 1876 1630 posuerint
1937 1549 2597 1631 quieverintque.
2644 1547 2819 1629 quod
2865 1569 2979 1629 ego

680 1664 747 1721 et
761 1655 1117 1720 Vahlenius
1141 1656 1549 1719 restituimus
1569 1655 1810 1738 (neque
1837 1657 2003 1720 enim
2034 1667 2149 1728 est,
2169 1677 2286 1720 cur
2309 1678 2343 1720 r
2359 1678 2393 1720 e
2418 1657 2616 1720 verbo
2642 1677 2982 1740 praepona-

684 1765 878 1845 mus),
928 1772 1137 1828 ortum
1189 1771 1290 1828 est
1338 1752 1765 1846 posuerint
1811 1763 2287 1846 fuerimque.
2359 1763 2672 1846 (1864.)¹)
2738 1764 2981 1828 Deinde

678 1872 773 1956 §6
822 1894 965 1956 quae
1013 1874 1092 1937 de
1141 1872 1463 1936 Antiocho
1505 1871 1704 1954 Syriae
1749 1893 1902 1954 rege
1940 1874 2345 1937 scribuntur:
2394 1881 2470 1937 et
2508 1873 2981 1953 ambigendo

678 1983 773 2047 de
822 1980 1065 2046 Coele
1127 1981 1356 2065 Syria
1401 2001 1724 2046 causam
1772 1979 1970 2045 belli
2032 2002 2111 2045 se
2173 1981 2648 2046 habiturum
2696 1982 2982 2045 existi·

676 2090 948 2155 mabat
991 2097 1571 2172 gesturumque
1620 2088 1789 2152 sine
1847 2088 2019 2153 ullo
2078 2089 2683 2172 impedimentO,
2752 2110 2984 2154 occu·

677 2199 894 2282 patis
942 2198 1320 2262 Romanis
1388 2197 1466 2261 in
1534 2196 2061 2262 Macedonico
2111 2196 2356 2274 bello,
2415 2198 2493 2262 id
2541 2197 2872 2272 bellum,
2923 2204 2987 2261 et

676 2312 944 2390 propter
989 2326 1376 2369 concursum
1422 2305 1853 2387 inelegantem
1894 2315 2331 2370 extremorum
2371 2306 2604 2370 horum
2639 2305 2983 2370 verborum

682 2414 910 2496 (quum
956 2414 1318 2497 praesertim
1365 2412 1445 2477 id
1490 2412 1794 2478 bellum
1853 2414 2031 2479 aliud
2078 2415 2162 2477 sit
2222 2435 2299 2478 ac
2344 2414 2868 2494 Macedonicum)
2923 2420 2988 2478 et

675 2528 949 2605 propter
982 2521 1314 2585 obiectum
1351 2520 1457 2601 (id
1490 2521 1819 2604 bellum)
1871 2523 2030 2586 mire
2078 2523 2142 2586 in
2181 2530 2541 2587 extremum
2581 2523 2799 2588 locum
2834 2529 2987 2606 post

674 2626 998 2696 ablativos
1045 2631 1359 2695 reiectum
1392 2629 1808 2696 vehementer
1844 2630 2198 2711 offendunt,
2240 2630 2508 2696 confirm
2525 2639 2726 2717 atque
2762 2631 2985 2697 mendi

677 2740 1148 2823 suspicionem,·
1200 2738 1376 2821 quod
1444 2740 1509 2803 in
1558 2740 1780 2804 codice
1839 2762 1969 2804 non
2037 2740 2258 2805 bello
2329 2740 2409 2805 id
2477 2741 2795 2815 bellum,
2863 2732 2982 2805 sed

676 2848 892 2912 bello
963 2847 1168 2932 quod
1239 2846 1541 2912 bellum
1608 2848 1941 2913 scribitur.
2033 2849 2457 2932 Perspicuum
2506 2857 2626 2927 est,
2698 2851 2978 2933 primam

669 2958 1061 3021 sententiam
1108 2957 1446 3020 terminari
1503 2956 1600 3020 his
1646 2957 1891 3022 verbis:
1962 2958 2386 3040 occupatis
2446 2958 2828 3023 Romanis
2898 2961 2976 3021 in

668 3065 1190 3130 Macedonico
1250 3063 1496 3139 bello,
1553 3074 1627 3129 ut
1685 3065 1769 3129 ad
1816 3074 2239 3147 gesturum
2287 3065 2619 3130 obiectum
2666 3066 2978 3130 audiatur

671 3195 748 3238 ex
795 3175 1130 3256 superiore
1178 3173 1378 3238 belli
1428 3172 1779 3253 (causam
1826 3174 1936 3256 b.).
2030 3173 2277 3238 Deinde
2337 3174 2758 3239 scribendum
2804 3174 2979 3238 vide-

667 3290 810 3347 tur:
859 3284 1013 3353 (211ae
1060 3283 1356 3345 uellent
1396 3289 1698 3375 tamen,
1747 3284 2013 3348 omnia
2057 3317 2142 3327 —-
2187 3284 2480 3347 eximie
2540 3283 2975 3367 pollicitus

674 3397 868 3453 erat.
961 3388 1118 3471 (cfr.
1169 3389 1396 3468 XXIV,
1446 3396 1546 3469 40,
1596 3389 1684 3471 8.)
1753 3390 1851 3455 Ex
1897 3412 2064 3474 quae
2120 3391 2425 3465 uellen,
2478 3391 2676 3456 semel
2727 3393 2973 3474 scripto

670 3504 714 3572 t,
762 3496 951 3562 facile
999 3500 1154 3562 oriri
1202 3507 1466 3583 poterat
1522 3499 1734 3582 quod
1791 3498 2109 3564 bellum.
2201 3499 2415 3564 Unum
2461 3512 2679 3564 tamen
2728 3507 2973 3573 restat3

495 3616 636 3686 (525)
673 3626 825 3668 nam
860 3627 977 3688 pro
1016 3608 1300 3671 eximie
1334 3609 1400 3671 in
1435 3608 1657 3672 codice
1700 3615 1802 3672 est
1836 3608 2014 3672 exin
2035 3629 2087 3679 e,
2127 3607 2249 3671 hoc
2287 3616 2407 3687 est,
2446 3610 2696 3687 enixe,
2738 3628 2971 3689 magno

721 3878 765 3929 ¹)
805 3876 978 3930 Initio
1017 3880 1218 3947 capitis
1258 3877 1308 3947 (ἓ
1346 3878 1402 3943 2)
1458 3878 1610 3933 eius
1670 3885 1990 3949 corruptum
2042 3881 2147 3941 est,
2205 3881 2311 3934 nisi
2347 3881 2538 3936 Livius
2594 3883 2736 3936 miro
2784 3898 2970 3935 errore

802 3962 1046 4016 Persei
1086 3982 1286 4018 nomen
1327 3972 1456 4017 ante
1493 3982 1550 4017 se
1587 3966 1842 4034 posuisse
1878 3968 2111 4034 putavit.
2180 3967 2290 4020 Sed
2326 3969 2515 4037 regis
2556 3969 2818 4021 substitui
2856 3986 2969 4022 11011

804 4048 1012 4115 debuit,
1069 4067 1193 4117 quae
1251 4050 1560 4120 appellatio
1614 4069 1727 4105 non
1783 4051 1969 4106 Persei
2007 4053 2187 4121 magis
2245 4071 2411 4120 quam
2447 4054 2713 4107 Eumenis
2752 4060 2964 4108 cetero·

802 4152 1036 4203 rumque
1074 4141 1206 4190 erat.
1278 4137 1414 4190 Post
1468 4138 1743 4190 scelere
1788 4154 1904 4190 11011
1941 4137 2021 4190 ita
2058 4137 2360 4192 difficulter
2396 4139 2632 4193 Persei
2680 4138 2966 4209 depravari

802 4222 1004 4287 potuit.
1077 4223 1348 4277 Extremo
1387 4223 1571 4292 capite
1610 4221 1667 4291 (ἓ
1694 4226 1789 4275 12:
1831 4221 2257 4291 Odrysarum
2295 4242 2413 4277 rex
2446 4232 2514 4278 et
2551 4225 2632 4278 ad
2659 4224 2966 4279 Macedo·

739 4377 752 4389 .
800 4324 954 4359 num
1010 4309 1237 4376 partis
1293 4316 1469 4374 erat3
1525 4309 1603 4362 sic
1661 4310 1807 4363 enim
1863 4309 1920 4361 in
1969 4308 2164 4362 codice
2202 4311 2493 4375 scribitur)
2532 4311 2667 4378 quid
2701 4310 2872 4364 lateat
2906 4310 2965 4362 in

801 4398 869 4444 et
905 4393 999 4458 ad,
1037 4395 1260 4460 nesci03
1299 4394 1427 4445 iam
1465 4409 1578 4447 non
1617 4395 1823 4448 subest.
1896 4394 2020 4460 (Ad
2056 4393 2218 4448 Mac.
2268 4402 2510 4464 partes
2568 4398 2750 4449 ierat
2784 4411 2964 4464 neque

799 4476 1062 4532 Latinum
1101 4497 1278 4547 neque
1316 4484 1507 4547 aptum
1546 4496 1666 4532 esse
1701 4479 1969 4546 videtur.)
