3230 5282
597 632 723 690 Lib.
738 673 744 679 -
760 634 856 690 IV.
1696 622 1819 684 124

597 829 776 872 mum
840 813 1103 891 tempus
1169 806 1354 872 verbi
1418 808 1551 872 usi
1619 814 1807 873 sunt
1871 825 2144 891 prorsus
2210 828 2487 892 pravum
2549 812 2681 888 est3
2757 828 2917 873 nam

598 915 777 998 quod
820 915 1392 982 Weissenbornius
1449 935 1485 980 e
1529 915 1700 980 Livii
1763 915 1973 999 ipsius
2038 936 2324 1000 persona
2387 915 2514 981 hoc
2569 914 2703 980 dici
2755 914 2917 995 vult,

597 1024 711 1106 qui
765 1029 990 1108 potest
1043 1023 1184 1089 haec
1240 1024 1679 1089 concessionis
1733 1045 1890 1107 pars
1936 1044 1972 1089 e
2016 1023 2182 1088 Livii
2235 1044 2524 1108 persona
2580 1023 2760 1089 dici?
2802 1024 2913 1104 Et,

596 1134 653 1197 si
719 1138 974 1216 posset,
1041 1133 1155 1217 qui
1221 1138 1488 1216 poterat
1529 1131 1753 1197 Livius
1823 1131 1904 1197 de
1970 1130 2150 1197 illius
2215 1133 2563 1217 temporiS,
2634 1131 2716 1197 de
2782 1153 2915 1216 quo

592 1240 943 1321 narrabat,
1012 1241 1316 1306 instituto
1374 1260 1454 1305 ac
1507 1261 1690 1305 more
1747 1238 2041 1324 perfeeto
2096 1240 2196 1305 uti
2216 1290 2230 1319 ,
2293 1261 2427 1306 non
2481 1240 2917 1324 imperfecto?

598 1347 757 1424 Quae
823 1348 976 1412 hinc
1042 1348 1340 1413 nascitur
1409 1349 1727 1433 suspicio,
1808 1369 1954 1412 eam
2033 1347 2381 1414 confirmat
2459 1355 2529 1415 et
2603 1348 2915 1414 invictam

596 1455 758 1521 facit
834 1457 1043 1540 ipsius
1122 1456 1306 1522 verbi
1385 1462 1453 1521 et
1519 1455 2034 1522 constructionis
2099 1456 2423 1539 pravitas3
2514 1458 2664 1541 quis
2742 1457 2917 1522 enim

592 1586 887 1649 unquam
943 1563 1145 1629 fando
1203 1564 1483 1644 audivit,
1552 1563 1788 1629 Latine
1846 1563 2009 1628 dici:
2075 1564 2159 1627 in
2222 1562 2373 1629 hac
2428 1586 2512 1630 re
2569 1566 2690 1630 ita
2745 1564 2917 1630 uti—

591 1694 792 1750 mur,
861 1678 937 1737 ut
1004 1679 1212 1738 esset:
1296 1673 1444 1737 hac
1520 1673 1831 1737 utimur
1897 1672 2502 1737 consuetudine
2569 1678 2718 1738 aut:
2795 1673 2918 1739 ita

593 1781 992 1847 facimus?
1038 1781 1333 1846 Tertium
1380 1782 1664 1866 denique
1709 1780 1968 1846 accedit
2009 1779 2232 1844 mendi
2274 1802 2408 1845 non
2449 1780 2663 1845 minus
2707 1781 2914 1845 mani-

594 1889 836 1954 festum
900 1889 1244 1969 indicium,
1309 1911 1437 1954 vox
1491 1889 1801 1953 Plautina
1867 1887 2231 1972 adaeque,
2301 1908 2435 1972 qua
2498 1909 2689 1954 nemo
2756 1895 2911 1973 post

595 1996 783 2062 illum
830 2019 910 2062 ex
954 1998 1066 2077 iis,
1122 2018 1403 2080 quorum
1451 1998 1702 2081 scripta
1746 2001 2042 2077 exstant,
2098 2015 2310 2078 neque
2354 1996 2423 2060 in
2468 1997 2653 2079 poesi
2695 2017 2912 2081 neque

424 2121 566 2189 (104)
602 2106 668 2169 in
735 2126 937 2188 prosa
1002 2106 1297 2170 oratione
1362 2127 1522 2171 usus
1591 2103 1787 2186 est.¹)
1897 2104 1994 2169 Ac
2051 2125 2135 2169 ne
2178 2103 2456 2169 Plautus
2512 2104 2778 2189 quidem
2835 2125 2915 2170 eo

596 2212 974 2295 significatu
1017 2213 1088 2277 id
1134 2212 1518 2278 adverbium
1567 2213 1753 2293 dixit,
1811 2213 1925 2296 qui
1970 2212 2078 2276 hic
2121 2212 2516 2295 requiritur3
2575 2211 2656 2276 de
2701 2211 2911 2295 gradu

596 2322 772 2386 enim
815 2322 1042 2404 posuit
1088 2321 1246 2404 (quo
1294 2321 1478 2386 ducit
1524 2322 1725 2386 etiam
1770 2319 2015 2402 origo),
2075 2341 2206 2385 non
2252 2320 2333 2385 de
2379 2318 2574 2385 modo
2623 2319 2912 2402 (quem—

595 2428 1015 2495 admodum
1067 2464 1154 2473 —-
1212 2427 1591 2511 adaeque).
1705 2428 1837 2495 Sed
1904 2437 1981 2493 ut
2044 2429 2206 2493 vitia
2263 2434 2553 2509 exstant,
2610 2428 2709 2493 ita
2775 2430 2915 2494 veri

593 2537 884 2602 inventio
931 2535 1216 2601 difficilis
1262 2542 1381 2601 est.
1454 2534 1738 2618 [Invenit
1781 2538 2028 2602 maiore
2075 2558 2155 2601 ex
2198 2542 2390 2619 parte
2436 2535 2522 2602 M.
2550 2535 2911 2620 Seyffertus

594 2647 770 2729 (ann.
796 2645 1022 2731 philol.
1051 2646 1175 2710 vol.
1200 2645 1540 2710 LXXXIII
1561 2670 1627 2731 p.
1656 2646 1765 2728 68)
1793 2647 2102 2711 sissent
2143 2647 2468 2727 aequari,
2515 2645 2743 2710 addidi
2787 2667 2910 2728 ego

599 2758 782 2834 1861,
840 2755 1016 2837 quod
1062 2753 1431 2819 desiderari
1494 2775 1628 2818 non
1696 2760 1991 2838 poterat,
2061 2753 2430 2819 subiectum
2486 2753 2789 2819 infinitivi
2842 2755 2911 2818 in

590 2862 820 2945 primis
889 2861 1133 2928 litteris
1190 2863 1363 2942 eius,
1441 2862 1619 2945 quod
1680 2863 1805 2927 usi
1851 2860 2193 2940 scribitur,
2257 2860 2504 2943 latens,
2569 2867 2645 2926 ut
2687 2862 2909 2928 fieret:

593 2969 974 3036 creandis
1054 2970 1171 3033 lus
1250 2970 1541 3033 sissent
1605 2968 2012 3048 adequari,
2116 2966 2501 3053 Comparari
2565 2969 2757 3035 velim
2802 2970 2909 3034 si·

591 3080 760 3144 rint
806 3099 859 3142 c.
907 3083 1009 3157 24,
1059 3084 1098 3142 2
1144 3076 1655 3163 corruptum.]²)

762 3184 918 3271 Cap.
966 3192 1068 3267 48,
1119 3192 1185 3251 1:
1233 3186 1746 3252 Turbatores
1789 3184 2012 3266 vulgi
2058 3192 2295 3251 erant
2340 3185 2458 3269 Sp.
2498 3185 2901 3251 Maecilius

589 3302 971 3378 quartum
1051 3302 1129 3361 et
1194 3294 1574 3359 Metilius
1632 3292 1719 3376 (?)
1797 3293 2138 3358 tertium
2216 3293 2528 3358 tribuni
2608 3293 2905 3377 plebiS,

588 3403 818 3469 ambo
876 3402 1264 3468 absentes
1321 3402 1603 3466 creati.
1711 3401 1811 3466 Et
1855 3422 2095 3484 quum
2150 3403 2660 3485 rogationem
2716 3423 2903 3485 pro-

583 3510 1125 3592 mulgassent,
1194 3516 1282 3574 ut
1348 3527 1544 3590 ager
1610 3531 1700 3575 ex
1767 3509 2153 3575 hostibus
2223 3516 2518 3595 captus
2584 3510 2900 3574 viritim

586 3665 650 3672 ’.-

641 3730 686 3796 ¹)
726 3729 1060 3798 „Adaeque
1118 3728 1325 3797 gehort
1372 3747 1442 3781 zu
1488 3729 1600 3788 den
1651 3729 2050 3796 Ausdriicken,
2104 3730 2313 3784 welche
2359 3728 2552 3785 Livius
2595 3731 2745 3785 nach
2790 3729 2902 3785 den

718 3814 1031 3868 Komikern
1059 3819 1247 3867 zuerst
1273 3813 1637 3883 gebraucht“.
1678 3814 1822 3869 Usos
1853 3832 1919 3868 eo
1947 3815 2224 3870 vocabulo
2252 3815 2615 3884 antiquarios,
2645 3814 2894 3870 Fronto-

717 3917 847 3954 nem
894 3905 953 3954 et
987 3899 1305 3968 Apuleium,
1358 3899 1607 3954 ostendit
1641 3899 1921 3969 Hauptius
1961 3900 2093 3969 (ind.
2131 3902 2259 3954 lect.
2295 3900 2477 3955 Berol.
2516 3906 2634 3955 oest.
2674 3918 2720 3954 a.
2765 3902 2901 3953 1867

716 4003 769 4054 p.
814 3985 925 4052 10);
962 3984 1101 4039 nihil
1137 3985 1198 4038 id
1233 3984 1304 4038 ad
1339 3984 1580 4038 Livium.

634 4073 683 4138 ²)
723 4069 852 4140 Cap.
888 4073 974 4137 44,
1011 4073 1046 4123 4
1082 4071 1261 4139 quod
1297 4076 1450 4139 post:
1489 4069 1820 4138 Quidnam
1856 4071 1925 4123 id
1959 4072 2058 4125 rei
2097 4073 2289 4127 esse?
2328 4073 2464 4140 (non
2502 4071 2708 4136 esset)
2745 4069 2901 4124 addi·

717 4161 840 4210 tum
883 4161 1024 4225 puto
1068 4157 1141 4210 ad
1175 4155 1243 4209 id
1279 4157 1364 4223 (ut
1398 4157 1511 4226 qui
1547 4156 1680 4225 VII,
1725 4160 1820 4224 41,
1864 4154 1947 4223 6);
2002 4158 2409 4224 anacoluthon,
2465 4157 2618 4225 quod
2652 4156 2895 4223 fingunt,

716 4260 899 4310 neque
934 4242 1080 4295 Livii
1126 4258 1308 4311 neque
1355 4243 1684 4311 cuiusquam
1730 4242 2135 4297 consuetudine
2181 4249 2479 4298 excusatur
2525 4242 2584 4297 in
2635 4242 2897 4295 oratione

714 4331 867 4380 recte
912 4331 970 4380 et
1015 4327 1236 4395 ordine,
1292 4328 1341 4380 si
1384 4346 1555 4381 unam
1599 4329 1754 4382 illam
1798 4328 2057 4383 voculam
2092 4329 2413 4396 sustuleris,
2470 4327 2801 4382 decurrenti
2837 4333 2900 4381 et

715 4412 1060 4482 singularem
1109 4411 1343 4481 figuram
1387 4413 1621 4467 habenti
1669 4413 2194 4483 (interrogationem
2239 4431 2365 4468 cum
2411 4412 2783 4467 admiratione
2833 4416 2898 4465 et

713 4497 1105 4566 indignatione
1141 4497 1422 4553 infinitivo
1461 4498 1705 4567 elatam).
1779 4496 1899 4566 [Sic
1936 4499 2047 4552 iam
2083 4503 2302 4554 veteres
2340 4496 2655 4566 editiones]
