3230 5282
1486 598 1612 658 425
2369 611 2493 666 Lib.
2530 610 2702 665 XXX.

392 791 462 849 et
518 784 980 850 condicionum
1039 782 1440 847 diiunctione
1506 781 1651 846 fieri
1723 783 1983 866 nequit3
2053 803 2132 846 ne
2190 783 2368 866 apud
2429 783 2699 848 Graecos

393 891 664 974 quidem
719 892 789 955 in
847 889 1193 955 referenda
1249 889 1512 972 oblique
1558 891 1857 955 oratione
1907 911 1987 955 ea
2032 890 2278 975 ellipsis
2323 890 2543 955 locum
2585 892 2705 955 ha-

392 999 600 1078 beret,
663 1019 794 1080 qua
839 1006 994 1082 post
1037 1002 1086 1059 εἰ.
1125 1006 1225 1077 μέν
1269 997 1668 1062 audiendum
1712 998 2108 1082 relinquitur
2150 995 2211 1060 εὖ
2256 1003 2368 1074 ἔχει
2412 998 2703 1064 simileve

393 1106 587 1189 quid,
656 1112 972 1188 sequente
1016 1110 1066 1167 εἰ
1108 1112 1179 1167 δέ.
1289 1106 1524 1188 Itaque
1572 1113 1823 1171 certum
1870 1127 2016 1170 esse
2062 1112 2258 1188 puto,
2325 1113 2477 1189 post
2521 1129 2704 1172 sen-

394 1216 663 1279 tentia
730 1212 1051 1278 excidisse
1118 1212 1368 1298 aliquid
1429 1213 1640 1295 (velut
1698 1235 1862 1277 eam
1919 1212 2365 1297 promeret)
2426 1235 2703 1299 eamque

392 1323 701 1388 lacunam
743 1321 1103 1386 notandam
1150 1342 1316 1385 esse.

568 1428 726 1513 Cap.
776 1432 845 1507 6,
917 1433 953 1492 5
1023 1428 1133 1509 (de
1188 1427 1488 1492 incendio
1546 1435 1917 1493 castrorum
1972 1429 2427 1511 Punicorum):
2496 1433 2702 1514 igni-

392 1538 710 1619 busque
764 1537 847 1600 in
901 1538 1271 1621 proxima
1326 1542 1549 1601 tecta
1603 1537 2013 1602 coniectis
2060 1537 2334 1601 effusa
2378 1535 2704 1603 flamma

393 1646 651 1730 primo
705 1644 928 1708 velut
984 1664 1277 1727 sparsa
1321 1643 1703 1727 pluribus
1751 1643 1963 1709 locis
2009 1644 2350 1724 reluxit,
2410 1646 2702 1711 deinde

396 1774 538 1837 per
595 1752 995 1817 continua
1041 1771 1383 1834 serpens
1430 1774 1582 1816 uno
1629 1757 1966 1834 repente
2013 1753 2281 1816 omnia
2325 1753 2700 1819 incendio

393 1862 691 1925 hausit.
804 1859 1172 1925 Obscurum
1234 1865 1363 1938 est,
1431 1881 1559 1941 quo
1618 1860 1951 1943 pertineat
2004 1858 2169 1923 illud
2224 1860 2475 1940 velut,
2542 1882 2704 1943 quo-

392 1971 569 2034 niam
636 1989 768 2032 non
833 1965 1307 2049 comparando,
1376 1966 1492 2031 sed
1568 1987 1841 2050 prorsus
1909 1966 1995 2030 ad
2064 1968 2402 2031 veritatem
2469 1989 2704 2051 sparsa

391 2075 661 2140 flamma
706 2075 976 2152 dicitur,
1049 2095 1194 2157 quae
1251 2073 1549 2158 pluribus
1594 2074 1757 2138 locis
1804 2074 2074 2139 relucet.
2190 2074 2445 2157 Augent
2489 2078 2702 2160 suspi-

395 2185 651 2249 cionem
732 2182 991 2247 codices
1062 2181 1211 2265 (PM
1281 2179 1465 2246 Cant.
1525 2182 1825 2264 aliique),
1891 2183 2005 2263 qni
2073 2203 2364 2265 sparso
2433 2182 2698 2263 habent,

394 2292 480 2358 ad
559 2291 734 2375 quod
813 2290 1028 2355 audiri
1105 2310 1185 2353 ex
1263 2290 1565 2372 proxima
1645 2291 1975 2355 sententia
2043 2290 2427 2355 incendio
2497 2290 2702 2373 (quod

395 2400 722 2464 Gronovio
782 2396 1062 2481 placuit)
1121 2418 1334 2482 neque
1392 2398 1713 2462 sermonis
1772 2405 2015 2462 natura
2070 2399 2326 2482 patitur
2386 2405 2450 2462 et
2495 2396 2700 2463 nihilo

395 2508 617 2591 aptius
685 2507 813 2570 erit
876 2506 1115 2569 velut.
1240 2504 1503 2569 Excidit
1577 2506 2059 2570 substantivum
2128 2507 2345 2571 neutri
2412 2508 2701 2587 generis;

396 2615 614 2680 Livius
660 2613 1003 2697 scripsisse
1046 2613 1336 2678 videtur:
1406 2614 1689 2698 primo,
1745 2615 1970 2679 velut
2027 2636 2316 2699 sparso
2377 2616 2700 2695 semine,

397 2723 777 2807 pluribus
855 2722 1062 2787 locis
1139 2722 1463 2786 reluxit.
1593 2722 1763 2804 (Hoc
1834 2724 1986 2806 ipso
2055 2724 2270 2807 capite
2339 2722 2372 2806 ἓ
2444 2727 2479 2786 3
2548 2745 2699 2807 pro:

397 2830 693 2915 quibus
748 2829 953 2894 nihil
1013 2829 1317 2894 hostile
1373 2828 1422 2891 P
1469 2836 1535 2894 et
1592 2831 1708 2895 alii
1753 2829 2001 2895 habent
2045 2837 2334 2895 tantum:
2404 2830 2701 2913 quibus

395 2936 755 3018 hostile.)
883 2936 1258 3019 Sequuntur
1337 2937 1474 3001 haec
1552 2936 1614 3019 (ἓ
1696 2938 1795 3017 6):
1882 2939 2255 3003 Ambusti
2336 2937 2701 3002 homines

394 3048 921 3128 iumentaque
988 3044 1227 3109 foeda
1291 3045 1630 3127 primum
1697 3043 1914 3127 fuga,
1996 3044 2180 3109 dein
2251 3050 2526 3127 strage
2574 3044 2701 3109 ob-

391 3154 740 3218 ruebant
806 3153 1110 3217 itinera
1176 3158 1629 3236 portarum:
1724 3151 2139 3230 Obruuntur,
2222 3173 2367 3235 quae
2438 3158 2698 3216 exstare

396 3261 814 3344 conspicique
861 3259 1133 3339 debent3
1180 3260 1419 3324 itinera
1461 3260 1709 3342 viaeque
1754 3281 1883 3322 non
1930 3259 2315 3337 obruuntur,
2365 3258 2479 3323 sed
2525 3258 2702 3323 clau-

395 3370 659 3447 duntur,
708 3368 1086 3451 saepiuntur‚
1138 3368 1599 3447 obstruuntur3
1645 3367 2062 3432 scribendum
2109 3367 2668 3432 obstruebant.

567 3473 725 3558 Cap.
786 3480 854 3553 7,
904 3479 960 3538 6.
1018 3475 1233 3540 Locus
1264 3524 1268 3528 -
1301 3475 1500 3540 verbo
1568 3498 1700 3541 uno
1772 3482 1839 3539 et
1896 3475 2104 3540 altero
2165 3476 2409 3540 omisso
2466 3476 2532 3539 in
2591 3497 2698 3540 co-

395 3583 654 3648 dicibus
722 3583 972 3647 fractus
1042 3582 1187 3663 (ibi
1259 3583 1529 3647 tribus
1587 3604 1742 3648 una
1803 3583 1892 3647 de
1947 3604 2143 3667 pace
2203 3582 2352 3664 cet.)
2410 3584 2472 3646 in
2531 3582 2704 3648 hanc

392 3690 669 3757 formam
716 3690 1119 3774 supplendus
1165 3690 1450 3755 videtur:
1518 3691 1647 3754 Ibi
1704 3691 1971 3756 tribus
2034 3691 2480 3755 sententiis
2529 3711 2702 3755 cer-

397 3805 682 3879 tatum3
728 3819 884 3862 una
928 3833 1010 3842 ·--
1056 3797 1569 3878 decernebat,
1618 3799 1893 3864 altera
1924 3826 2011 3843 -ι-
2045 3799 2504 3877 revocabat,
2551 3806 2703 3863 ter-

393 3907 512 3971 tia
554 3941 642 3951 —-
686 3912 891 3985 erat3
947 3905 1493 3990 reparandum
1537 3941 1625 3951 -
1670 3907 2083 3973 censebat.
2170 3904 2417 3987 (1863.)

570 4011 726 4097 Cap.
778 4018 837 4093 8,
898 4017 965 4077 6:
1037 4011 1359 4097 Syphax
1427 4020 1506 4078 et
1561 4013 2031 4078 Hasdrubal
2090 4012 2329 4094 (aciem
2388 4013 2701 4078 adversus

391 4119 763 4203 Scipionem
819 4110 1278 4201 instruentes),
1344 4102 1793 4186 Numidicis
1861 4122 2256 4185 adversus
2324 4120 2704 4185 Italicum

393 4228 879 4309 equitatum,
949 4227 1754 4312 Carthaginiensium
1829 4235 2118 4294 contra
2190 4227 2704 4293 Masinissam

394 4335 713 4414 locatis,
762 4334 1224 4401 Celtiberos
1283 4337 1619 4401 mediam
1667 4338 1914 4402 aciem
1960 4337 2037 4400 in
2084 4336 2429 4401 adversa
2472 4336 2705 4417 signa

390 4429 811 4525 legionum
866 4463 1276 4528 accepere.
1377 4444 1605 4527 Neque
1665 4444 2111 4509 Numidicis
2172 4465 2289 4526 pro
2336 4442 2702 4506 Numidis
