3230 5282
1322 630 1438 691 195
2215 644 2336 699 Lib.
2376 643 2523 700 VIII.

260 817 512 899 utique
568 838 659 882 ex
713 816 948 899 plebe
997 824 1061 881 et
1106 838 1387 882 censor
1431 823 1859 882 crearetur
1903 817 2296 884 dirimantur
2340 840 2524 903 pror-

257 946 348 989 sus
387 926 560 991 alius
605 927 698 992 rei
745 916 1091 1005 mentione,
1140 947 1283 1009 quae
1329 933 1443 991 aut
1487 927 1946 1010 praemittenda
1979 928 2101 992 toti
2134 927 2299 1010 legis
2334 948 2525 1011 argu-

256 1042 447 1100 mento
516 1041 634 1100 aut
698 1036 1156 1119 postponenda
1220 1034 1457 1101 fuerat.
1568 1035 1908 1102 Postremo
1963 1036 2089 1101 hoc
2147 1057 2377 1119 quum
2435 1059 2523 1103 eo

256 1150 548 1209 ventum
609 1145 719 1208 sit
777 1151 844 1208 et
898 1145 1075 1210 verbi
1133 1151 1392 1228 tempus
1452 1166 1726 1228 pravum
1770 1144 1972 1210 habet
2017 1144 2163 1229 (pro
2209 1153 2525 1211 ventum

257 1254 480 1336 esset)
527 1260 595 1318 et
641 1253 882 1318 dicitur
926 1254 1114 1335 quasi
1163 1275 1203 1318 a
1247 1259 1714 1335 conquerente,
1786 1274 1861 1317 00
1918 1274 2125 1338 usque
2181 1275 2319 1318 rem
2377 1276 2524 1339 per-

256 1360 489 1427 ductam
553 1383 729 1441 esse,
798 1364 972 1444 quod
1030 1362 1266 1427 saltem
1327 1364 1392 1426 in
1450 1362 1592 1445 lege
1648 1360 1792 1426 fieri
1849 1362 2180 1444 nequibat.
2293 1363 2527 1428 Omnia

255 1469 364 1535 1000
412 1471 827 1537 incommoda
870 1473 1127 1555 peperit
1170 1490 1372 1555 genus
1416 1471 1730 1553 loquendi
1773 1470 1970 1554 paulo
2016 1472 2264 1553 rarius,
2327 1492 2525 1555 quum

255 1577 354 1643 hoc
404 1581 689 1663 primum
727 1580 880 1644 1000
927 1580 1101 1663 apud
1152 1580 1405 1644 Livium
1453 1579 1877 1659 obiiceretur,
1945 1601 2072 1644 non
2119 1580 2522 1645 intellectum

253 1698 307 1751 et
384 1689 467 1753 ob
570 1710 715 1753 eam
795 1709 1059 1753 causam
1137 1689 1436 1753 additum
1515 1688 2173 1771 interpretamentum
2253 1710 2523 1772 prorsus

253 1795 497 1877 salsum,
568 1819 699 1881 quo
746 1818 781 1861 e
826 1798 1285 1881 praepositione
1346 1819 1514 1862 cum
1560 1797 1930 1862 coniunctio
1976 1797 2154 1863 facta
2200 1802 2318 1862 est.
2420 1797 2524 1863 Sic

251 1907 394 1970 enim
438 1906 666 1970 Livius
738 1907 1094 1990 scripserat
1161 1906 1414 1971 duabus
1480 1906 1746 1970 vocibus
1804 1906 2153 1987 (ventum
2223 1905 2360 1988 sit)
2406 1907 2524 1970 mi·

253 2035 379 2078 nus:
439 2022 531 2079 ut
577 2015 796 2079 alter
841 2016 1125 2098 utique
1172 2037 1259 2079 ex
1306 2015 1562 2099 plebe,
1622 2035 1776 2077 cun
1822 2035 1925 2094 00,
1973 2020 2049 2076 nt
2094 2019 2524 2097 utrumque

252 2122 635 2203 plebeium
673 2123 860 2187 fieri
894 2123 1204 2200 liceret,
1250 2144 1534 2187 censor
1569 2130 2008 2202 crearetur,
2052 2122 2176 2187 hoc
2213 2129 2331 2203 est,
2379 2144 2521 2187 cum

253 2251 317 2294 ea
373 2233 792 2297 adiunctione
850 2239 916 2296 et
971 2232 1309 2309 cautione,
1379 2237 1453 2294 ut
1519 2238 1870 2313 utrumque
1937 2232 2137 2295 etiam
2195 2252 2523 2295 censorem

251 2339 554 2421 plebeium
625 2362 767 2405 esse
834 2341 1077 2405 liceret.
1168 2341 1273 2404 Ita
1341 2341 1511 2404 enim
1571 2340 1743 2405 alter
1797 2360 2088 2404 censurae
2144 2339 2329 2405 locus
2376 2363 2524 2425 pro-

252 2449 405 2530 prius
449 2449 730 2534 plebeiis
776 2447 1087 2528 dabatur,
1154 2455 1227 2512 ut
1283 2455 1561 2531 utroque
1619 2470 1699 2513 ne
1745 2448 2277 2529 excluderentur,
2345 2451 2524 2533 quod

253 2556 403 2621 idem
465 2580 733 2643 prorsus
793 2556 872 2623 de
931 2557 1271 2622 consulatu
1322 2559 1644 2622 sancitum
1693 2563 1861 2636 erat,
1919 2557 2041 2621 etsi
2085 2578 2315 2643 reapse
2363 2558 2527 2622 duos

251 2666 520 2748 plebeios
581 2668 884 2732 consules
940 2668 1147 2732 multo
1207 2668 1458 2732 demum
1522 2673 1674 2751 post
1719 2674 1974 2731 creatos
2020 2667 2281 2732 scimus
2395 2665 2521 2733 Sed

252 2777 402 2856 quod
460 2779 524 2841 in
573 2777 918 2841 consulatu
967 2776 1224 2841 duabus
1270 2776 1526 2860 legibus
1573 2775 1875 2841 effectum
1922 2782 2092 2854 erat,
2150 2775 2217 2839 id
2263 2776 2329 2839 in
2375 2795 2523 2839 cen·

253 2904 411 2964 sura,
464 2886 725 2968 longius
770 2887 896 2949 iam
944 2886 1305 2968 progressis
1351 2886 1561 2969 plebis
1608 2884 1872 2968 opibuS,
1929 2905 2058 2948 una
2102 2883 2524 2968 comprehen-

251 3012 371 3057 sum
414 3001 532 3058 est.
613 2993 754 3057 Iam
809 3001 987 3059 recte
1043 2993 1183 3058 haee
1229 2994 1339 3057 illo
1384 2994 1527 3058 loco
1575 2981 2075 3076 interponuntur
2121 2992 2204 3056 ad
2250 2992 2521 3057 eandem

251 3121 366 3165 rem
427 3084 494 3167 et
550 3103 942 3167 sententiam
999 3104 1427 3186 pertinentia3
1496 3103 1669 3168 idem
1740 3103 1910 3166 enim
1978 3102 2071 3167 sic
2143 3102 2339 3166 scribi
2407 3124 2522 3185 po-

252 3217 428 3275 terat:
495 3218 582 3276 ut
641 3211 853 3275 alter
905 3213 1191 3294 utique
1239 3235 1273 3274 e
1319 3212 1583 3296 plebe,
1655 3211 1724 3275 si
1783 3216 2047 3276 autem
2104 3231 2256 3292 quo
2314 3233 2520 3276 anno

250 3319 352 3383 ita
392 3320 846 3385 cecidisset
889 3321 1535 3404 placuissetque,
1592 3326 1933 3403 uterque
1979 3341 2264 3385 censor
2310 3341 2521 3385 crea·

251 3436 470 3494 retur.
585 3428 765 3493 Cum
834 3450 921 3493 eo
989 3435 1075 3493 ut
1139 3429 1264 3493 hac
1331 3428 1805 3512 significatione
1862 3430 1927 3492 in
1984 3428 2080 3493 rei
2140 3429 2519 3495 condicione

251 3538 598 3602 accuratius
644 3536 1016 3602 definienda
1059 3538 1278 3601 Livius
1322 3538 1465 3602 loco
1512 3527 1904 3622 propinquO,
1959 3558 2014 3601 c.
2067 3541 2164 3617 14,
2208 3537 2309 3603 bis
2355 3539 2521 3605 dixit

250 3643 301 3726 (ἓ
341 3650 376 3709 2
419 3666 590 3710 cum
632 3666 740 3724 e0,
784 3651 870 3709 ut
914 3645 1496 3725 sedes—esset,
1559 3644 1592 3728 ἓ
1640 3651 1678 3709 8
1725 3667 1894 3711 cum
1940 3667 2047 3727 eo,
2093 3653 2179 3712 ut
2223 3646 2507 3713 Antia·
2545 3664 2686 3735 (166)

252 3752 455 3819 tibus
501 3751 1147 3838 permitteretur)
1195 3760 1264 3818 et
1307 3753 1565 3818 duobus
1601 3761 1923 3838 praeterea
1954 3756 2114 3819 locis
2149 3755 2377 3836 (XXX,
2420 3763 2516 3838 10,

252 3865 336 3938 21,
373 3862 662 3942 xxxvl,
710 3867 768 3936 5,
819 3860 975 3943 3).¹)

299 4135 340 4202 ¹)
373 4133 522 4204 [Cap.
567 4137 649 4201 14,
690 4138 725 4189 6
763 4134 914 4203 quod
949 4135 1338 4188 Lachmannus
1385 4151 1453 4187 ex
1499 4152 1591 4201 e0,
1638 4135 1788 4203 quod
1836 4136 1893 4188 in
1937 4137 2228 4190 codicibus
2273 4143 2378 4190 est:
2436 4140 2517 4193 ad

370 4222 554 4273 mille
591 4238 873 4288 passum,
904 4221 1088 4274 effecit
1117 4220 1199 4274 ad
1234 4220 1417 4273 mille
1453 4220 1679 4288 pondo
1717 4238 1938 4275 assum
1971 4221 2277 4291 (assium),
2313 4224 2517 4279 iniuria

370 4307 568 4373 negavi
616 4322 780 4376 ppro
825 4306 1059 4376 pondo
1108 4307 1302 4375 scripti
1350 4306 1588 4375 vestigia
1634 4307 1865 4376 reperiri
1912 4308 1968 4361 in
2004 4309 2150 4362 Livii
2199 4309 2514 4377 codicibus;

371 4409 496 4445 nam
533 4391 614 4445 sie
647 4394 907 4447 scribitur
942 4393 997 4445 in
1033 4393 1324 4461 Bamberg.
1357 4391 1582 4460 XXXII,
1619 4395 1703 4460 27,
1743 4397 1787 4461 1,
1824 4394 1882 4448 10
1918 4394 2083 4448 Vind.
2104 4395 2270 4463 XLV,
2306 4398 2390 4463 44,
2430 4399 2510 4450 14.

374 4476 640 4531 Inusitate
681 4485 871 4534 tamen
917 4479 1143 4548 pondo
1182 4480 1431 4532 assium
1469 4478 1700 4546 ‹licitur3
1750 4480 1940 4547 itaque
1976 4480 2301 4536 dubitanter
2335 4482 2512 4536 edidi:

379 4564 454 4618 ad
490 4562 677 4621 mille
712 4563 1007 4635 assium]
1960 4636 2053 4691 13*
