3230 5282
637 594 763 650 Lib.
799 593 944 648 XLI.
1731 582 1854 643 606

814 765 971 851 Cap.
1040 770 1097 846 9,
1170 770 1242 830 11
1305 765 1446 847 (ubi
1493 774 1762 831 senatus
1809 766 2109 831 consulto
2155 771 2419 830 cautum
2485 772 2797 830 narratur
2861 764 2947 830 de

642 876 783 941 iure
826 874 1107 940 iurando
1151 876 1221 940 in
1274 875 1787 941 manumissione
1844 872 2191 958 exigendo)
2261 874 2584 939 edebatur
2638 896 2674 938 e
2720 873 2953 939 codice

644 984 788 1067 (qui
834 984 941 1048 hic
998 985 1131 1048 iam
1198 984 1488 1068 incipit):
1552 989 1640 1048 ut
1707 983 2102 1062 dictator,
2173 983 2482 1061 consul,
2547 983 2943 1061 interrex,

645 1113 956 1171 censor,
1003 1096 1323 1175 praetor,
1377 1092 1511 1175 qui
1564 1112 1766 1156 nunc
1823 1097 2066 1170 esset,
2122 1090 2333 1175 apud
2389 1111 2655 1155 eorum
2714 1110 2951 1171 quem

644 1207 799 1280 cet.,
867 1221 1041 1265 nunc
1098 1199 1437 1278 scribitur,
1506 1206 1581 1264 ut
1628 1197 1929 1283 Sigonius
1997 1199 2196 1263 scribi
2260 1198 2482 1263 iussit:
2554 1198 2690 1281 qui
2755 1204 2951 1262 tunc

645 1316 878 1373 esset.
969 1308 1096 1373 Sed
1143 1309 1236 1373 sic
1281 1329 1541 1392 quoque
1584 1308 1655 1371 in
1700 1307 1960 1373 obviam
2015 1307 2226 1372 eundo
2283 1306 2505 1371 fraudi
2559 1327 2679 1390 per
2721 1304 2955 1390 plures
3026 1389 3031 1400 .

643 1419 777 1482 iam
822 1438 1026 1482 annos
1069 1415 1372 1499 gliscenti
1416 1416 1818 1499 ineptissime
1875 1422 2147 1481 cavetur
2192 1415 2271 1480 de
2328 1415 2525 1480 unius
2584 1415 2734 1479 illus
2791 1414 2953 1479 anni

645 1525 1140 1609 magistratibus
1187 1524 1282 1605 (et
1325 1524 1421 1588 ita
1466 1530 1761 1603 cavetur,
1809 1531 1884 1589 ut
1929 1530 2407 1603 enumerentur,
2456 1525 2569 1607 qui
2613 1521 2727 1588 illo
2775 1542 2954 1586 anno
3054 1537 3065 1553 ¹

643 1655 775 1699 non
819 1633 1113 1713 fuerunt,
1170 1632 1456 1697 dictator
1513 1639 1581 1697 et
1635 1633 1972 1716 interrex),
2017 1634 2087 1697 in
2141 1632 2438 1697 futurum
2482 1631 2645 1696 nihil
2690 1630 2951 1715 prospi-

649 1744 837 1807 citur.
928 1742 1097 1806 Nam
1143 1740 1318 1822 quod
1376 1739 1950 1806 Drakenborchius
2018 1740 2154 1823 qui
2217 1747 2406 1806 tunc
2465 1746 2683 1805 esset
2748 1740 2845 1804 sic
2910 1758 2956 1802 a

651 1850 834 1915 Livio
882 1849 1171 1933 positum
1216 1854 1424 1932 putat,
1468 1856 1544 1914 ut
1586 1849 1655 1914 in
1687 1850 1834 1934 ipso
1882 1855 2147 1914 senatus
2187 1850 2485 1915 consulto
2532 1848 2963 1931 intellegatur

647 1958 877 2023 fuisse:
927 1959 1060 2041 qui
1103 1977 1311 2021 nunc
1357 1966 1478 2023 est
1522 1959 1825 2042 quique
1871 1957 2215 2041 posthac
2262 1959 2437 2037 erit,
2481 1957 2550 2021 id
2585 1957 2742 2038 (etsi
2775 1955 2963 2019 idem

650 2067 816 2131 alios
861 2066 1139 2130 sensisse
1187 2065 1512 2150 suspicor)
1557 2073 1697 2131 tam
1752 2072 1855 2131 est
1911 2065 2272 2131 absurdum
2329 2073 2396 2130 et
2449 2065 2830 2143 ridiculum,
2876 2068 2957 2128 ut

648 2173 813 2239 nihil
859 2174 1066 2256 magis
1113 2194 1254 2239 esse
1298 2176 1546 2258 possit3
1613 2196 1766 2239 nam
1819 2181 2014 2239 tunc
2077 2175 2146 2238 in
2202 2174 2533 2239 narrando
2577 2174 2695 2237 uni
2737 2192 2959 2236 nunc

649 2283 719 2346 in
766 2289 1032 2346 senatus
1077 2281 1379 2348 consulto
1425 2282 1802 2366 respondet.
1892 2282 2110 2346 Livius
2176 2280 2245 2346 id
2301 2283 2517 2366 ipsum
2572 2281 2952 2364 scripserat,

653 2388 827 2473 quod
858 2388 1430 2455 Drakenborchius
1475 2390 1691 2455 audiri
1734 2392 1964 2455 voluit:
2013 2391 2146 2472 qui
2180 2397 2375 2456 tunc
2412 2397 2633 2455 esset
2668 2390 2963 2467 quique

652 2497 963 2578 posthac
1029 2496 1333 2560 futurus
1400 2505 1626 2576 essen
1694 2498 1977 2563 alterum
2044 2499 2363 2563 orationis
2432 2498 2797 2563 membrum
2863 2498 2955 2563 ob

649 2605 827 2671 idem
869 2605 1140 2671 verbum
1185 2604 1289 2670 bis
1335 2607 1624 2691 positum
1681 2606 1954 2687 excidit,
2013 2608 2255 2673 erroris
2313 2628 2547 2691 genere
2601 2608 2669 2672 in
2724 2607 2830 2672 his
2873 2605 2958 2671 li-

653 2714 788 2780 bris
833 2714 1296 2799 perfrequenti.
1385 2715 1483 2780 De
1528 2716 1781 2798 reliquo
1836 2716 1982 2781 loco
2041 2721 2301 2780 tantum
2368 2716 2515 2782 dico
2574 2717 2677 2781 ius
2734 2717 2961 2779 iuran-

655 2823 839 2903 dum,
885 2829 1119 2889 contra
1171 2844 1249 2888 ac
1306 2821 1653 2888 Creverius
1710 2843 1987 2907 eumque
2044 2825 2250 2888 secuti
2305 2824 2419 2888 alii
2474 2824 2966 2901 existimarunt,

653 2933 1021 2997 necessario
1069 2938 1367 2997 exactum
1412 2953 1556 2996 esse
1601 2953 1643 2996 a
1685 2933 2179 3011 manumissore,
2225 2952 2356 2996 non
2391 2931 2474 2996 ab
2523 2954 2619 3011 e0,
2668 2933 2780 3015 qui
2818 2951 2958 2995 ma-

651 3041 1152 3121 numitteretur;
1219 3061 1373 3104 nam
1441 3046 1509 3104 et
1576 3039 1655 3103 de
1710 3040 2207 3105 manumissoris
2265 3041 2481 3105 animo
2550 3046 2617 3104 et
2682 3039 2961 3104 consilio

483 3149 626 3220 (498)
664 3149 805 3232 ipse
848 3148 1070 3213 iurare
1115 3147 1428 3227 debebat,
1476 3153 1542 3212 et
1594 3145 1760 3212 fides
1819 3147 2051 3212 haberi
2094 3147 2317 3231 aliqua
2358 3153 2625 3233 poterat
2654 3217 2664 3227 ,
2690 3149 2816 3213 civi
2859 3148 2965 3211 iu·

653 3257 862 3337 ranti‚
911 3257 1004 3335 ei,
1050 3256 1192 3337 qui,
1248 3256 1378 3320 nisi
1422 3257 1702 3334 iuraret,
1751 3276 1975 3320 servus
2022 3276 2367 3321 mansurus
2414 3262 2587 3336 erat,
2633 3255 2844 3335 nulla,
2891 3262 2965 3320 et

654 3386 796 3429 rem
841 3363 1103 3429 conficit
1145 3364 1575 3447 grammatica
1619 3364 1823 3444 ratio;
1869 3365 1936 3427 in
1983 3364 2196 3429 altera
2231 3365 2402 3430 enim
2435 3366 2763 3429 sententia
2793 3386 2967 3428 non:

657 3464 794 3556 q'ui
850 3493 1020 3537 eum
1084 3472 1708 3536 manumitteret
1761 3471 1958 3536 scribi
2004 3471 2248 3553 debuit,
2297 3472 2442 3537 sed:
2492 3474 2625 3558 qui
2670 3493 2752 3537 se
2796 3494 2959 3537 ma-

654 3581 1154 3645 numitteret.
1244 3579 1507 3663 Itaque,
1555 3580 1610 3645 si
1657 3584 1879 3645 cetera
1926 3601 2089 3645 sana
2134 3587 2314 3661 sunt,
2362 3580 2733 3646 subiectum
2776 3579 2965 3645 verbi

658 3687 891 3752 daret
938 3687 1313 3753 continetur
1355 3687 1476 3754 hac
1523 3689 1882 3754 sententia:
1929 3689 2062 3770 qui
2107 3710 2282 3753 eum
2325 3689 2963 3768 manumitteret,

655 3802 965 3879 recteque
1011 3817 1179 3860 eum
1223 3795 1508 3862 refertur
1551 3796 1638 3861 ad
1684 3798 1819 3878 qui
1866 3796 2354 3880 (interpositum
2388 3818 2428 3862 a
2465 3794 2771 3861 Creverio
2804 3800 2967 3879 post

659 3904 871 3989 apud
918 3924 1178 3967 eorum
1225 3902 1496 3986 quem),
1544 3910 1620 3969 ut
1655 3904 1780 3969 hoc
1818 3905 1884 3968 in
1918 3904 2331 3989 impeditiore
2372 3911 2641 3969 senatus
2678 3902 2961 3969 consulti

661 4014 957 4078 oratione
1017 4018 1082 4076 et
1126 4010 1433 4076 liberiore
1480 4013 1953 4078 sententiarum
2000 4014 2461 4078 coniunctione
2504 4012 2638 4077 fere
2683 4033 2805 4095 pro
2853 4011 2962 4076 si-

660 4122 847 4203 quis
908 4119 1293 4203 accipiatur.
1382 4119 1511 4185 Sed
1555 4120 1624 4185 id
1668 4119 1808 4186 fieri
1854 4123 2083 4205 nequit
2140 4122 2209 4186 in
2266 4121 2401 4186 his:
2470 4123 2608 4204 qui
2672 4120 2750 4184 id
2808 4141 2963 4184 non

659 4228 1012 4309 iuraret,
1069 4249 1239 4292 eum
1284 4249 1518 4293 manu
1551 4230 2033 4294 mittendum
2076 4251 2229 4294 non
2277 4235 2802 4309 censuerunt,
2846 4227 2959 4292 ubi

659 4338 1035 4402 necessario
1084 4359 1251 4401 eum
1298 4337 1384 4401 ad
1430 4338 1563 4420 qui
1605 4338 1909 4403 refertur.
1988 4338 2231 4402 Verum
2276 4339 2344 4402 in
2389 4339 2615 4404 codice
2661 4340 2756 4402 ita
2801 4335 2959 4400 scri-

657 4446 868 4511 bitur:
913 4481 1001 4489 —
1043 4466 1273 4510 manu
1333 4468 1486 4511 non
1542 4447 1927 4510 mitteren
1996 4446 2189 4529 quid
2246 4468 2403 4510 non
2457 4446 2731 4510 iurare
2789 4464 2965 4509 eum
