3230 5282
688 565 812 620 Lib.
847 564 1013 620 XLV.
1777 555 1899 615 750

685 745 830 803 tum
872 745 991 803 est.
1077 735 1500 826 Supererant·
1521 738 1690 802 enim
1737 743 1820 818 et,
1867 738 2041 820 quod
2085 737 2188 803 vel
2233 759 2266 803 e
2313 737 2566 823 Polybii
2609 741 2982 805 narratione

683 845 978 929 intellegi
1022 852 1240 930 potest
1258 897 1272 926 ‚
1332 846 1398 910 in
1445 846 1636 912 domo
1682 846 1921 930 patris,
1989 867 2384 929 quamquam
2436 848 2506 912 in
2567 847 2981 932 adoptionem

682 954 842 1032 dati,
886 955 1190 1021 vivebant
1235 955 1364 1020 duo
1409 953 1547 1034 filii,
1594 975 1819 1018 verum
1861 955 2121 1020 nomine
2157 952 2498 1021 Cornelius
2532 954 2753 1041 Scipio
2801 956 2982 1030 alter,

680 1062 851 1128 alter
895 1062 1137 1148 Fabius
1181 1062 1503 1128 Maximus
1522 1114 1536 1142 ,
1603 1068 1837 1127 neuter
1890 1061 2152 1128 Paulus.
2242 1063 2386 1129 Hoc
2441 1086 2677 1130 nomen
2731 1065 2802 1129 in
2857 1064 2981 1130 hac

681 1171 915 1236 saltem
962 1171 1156 1237 domo
1202 1171 1593 1236 exstinctum
1637 1178 1878 1254 praeter
1920 1177 2178 1255 patrem
2223 1179 2388 1238 erat.
2461 1170 2672 1255 1864]

849 1277 1008 1363 Cap.
1057 1285 1159 1359 40,
1205 1282 1241 1344 9
1290 1277 1398 1361 (de
1432 1278 1504 1343 L.
1539 1279 1811 1360 Paulo):
1858 1278 2147 1345 Paucis
2193 1288 2379 1365 post
2427 1273 2669 1346 diebu
2689 1303 2740 1358 S,
2787 1281 2983 1347 data

676 1408 717 1453 a
759 1388 845 1452 M.
892 1388 1246 1481 Antonio
1293 1393 1386 1452 tr.
1434 1387 1535 1471 pl.
1587 1388 2003 1467 contione,
2072 1409 2304 1471 quum
2362 1389 2453 1455 de
2511 1390 2685 1455 suis
2729 1388 2978 1455 rebus

672 1497 931 1579 gestis
978 1517 1184 1562 more
1244 1504 1692 1578 ceterorum
1757 1497 2342 1580 imperatorum
2399 1498 2978 1574 disseruisset,

671 1603 1239 1670 memorabilis
1286 1605 1459 1669 eius
1507 1605 1783 1670 oratio
1831 1611 1909 1670 et
1942 1604 2186 1688 digna
2221 1606 2591 1690 principe
2625 1604 2978 1671 Romano

671 1711 850 1778 fuit.
916 1712 1064 1778 Non
1100 1733 1304 1796 quum
1338 1712 1780 1790 disseruisset,
1830 1711 1947 1778 sed
1982 1713 2049 1778 in
2083 1714 2242 1797 ipsis
2273 1713 2470 1780 rebus
2508 1713 2982 1794 edisserendis3

671 1841 822 1885 nam
847 1842 1071 1886 earum
1106 1821 1555 1887 recensionem
1588 1821 1913 1904 integ-ram
1947 1821 2169 1901 habet,
2206 1843 2353 1907 quae
2389 1823 2701 1905 sequitur,
2737 1823 2977 1888 oratio.

670 1927 831 1996 Cod.
910 1929 1286 1995 dedisset
1362 1928 1928 1995 remorabilis.
2032 1929 2481 2013 Significatur:
2573 1951 2814 2013 quum
2889 1966 2979 1978 —-

670 2037 1161 2118 dissereret,
1206 2037 1867 2118 memorabilis.¹)

842 2143 999 2229 Cap.
1047 2150 1149 2226 41,
1197 2151 1237 2210 4
1282 2145 1378 2227 (in
1425 2145 1495 2209 L.
1545 2144 1734 2210 Pauli
1781 2144 1860 2211 de
1908 2146 2042 2211 suis
2101 2146 2299 2212 rebus
2360 2147 2564 2229 gestis
2610 2145 2969 2227 oratione):

665 2254 859 2337 quia
924 2253 1617 2338 inexpugnabilia
1685 2259 1958 2318 castra
2023 2252 2120 2334 (in
2175 2254 2317 2320 cod.
2386 2254 2510 2319 hoc
2575 2253 2973 2320 vocabulum

664 2360 1012 2444 omittitur)
1056 2359 1401 2428 hostium
1449 2366 1682 2426 erant
1716 2382 1974 2445 neque
2010 2363 2193 2446 cogi
2232 2382 2591 2446 pugnare
2629 2369 2969 2446 poterat

658 2490 830 2549 rex,
898 2470 1112 2535 inter
1170 2468 1550 2553 praesidia
1605 2471 1777 2534 eius
1845 2470 2144 2535 saltum
2203 2470 2298 2535 ad
2354 2470 2678 2536 Petram
2735 2473 2969 2536 evasi

661 2582 739 2644 et
784 2577 885 2643 ad
941 2598 1288 2663 pugnam
1341 2598 1526 2661 rege
1585 2578 1757 2644 acie
1818 2578 1992 2643 vici.
2080 2577 2349 2647 Addunt
2394 2578 2546 2645 inde
2592 2599 2634 2645 a
2682 2579 2964 2664 Grynaeo

661 2693 964 2753 coacto*
1008 2685 1133 2769 (ad
1196 2707 1544 2771 pugnam
1611 2705 1801 2768 rege
1864 2687 2201 2768 coacto).
2294 2687 2423 2753 Sed
2468 2687 2819 2753 admodum
2867 2689 2969 2753 in-

656 2795 850 2862 ficete
895 2795 1020 2861 hoc
1065 2795 1166 2861 ad
1208 2815 1556 2879 pugnam
1601 2815 1788 2877 rege
1834 2801 2117 2860 coacto
2155 2795 2500 2861 subiicitur
2534 2794 2668 2861 illis
2702 2816 2970 2880 neque

659 2906 844 2989 cogi
889 2924 1254 2987 pugnare
1297 2908 1641 2987 poterat
1693 2924 1846 2967 rex.
1938 2901 2070 2968 Sub
2116 2903 2357 2968 litteris
2403 2924 2752 2988 pugnam
2797 2903 2969 2969 latet

656 3033 892 3077 nomen
935 3011 1091 3091 loci,
1139 3032 1268 3094 quo
1315 3032 1539 3076 carere
1597 3012 1892 3075 narratio
1939 3011 2045 3075 vix
2101 3018 2352 3095 potest,
2412 3011 2972 3093 scribendumque

657 3127 790 3187 est:
836 3126 916 3185 et
961 3119 1056 3185 ad
1102 3119 1411 3201 Pydnam
1457 3138 1723 3201 regem
1770 3120 1945 3184 acie
2004 3120 2181 3184 vici.
2273 3118 2333 3203 (ἓ
2385 3126 2413 3184 l
2466 3141 2544 3185 ex
2589 3119 2685 3185 ob
2732 3140 2971 3201 quam

655 3228 1085 3295 felicitate
1131 3227 1272 3293 fieri
1313 3227 1638 3293 debebat:
1685 3233 1762 3291 et
1808 3247 1966 3309 qua
2010 3226 2470 3308 felicitate.)

826 3334 984 3420 Cap.
1032 3340 1133 3415 42,
1184 3340 1252 3400 6:
1321 3334 1632 3400 Paucos
1702 3342 1886 3419 post
1953 3335 2158 3415 dies,
2229 3356 2461 3420 quam
2529 3336 2687 3401 haec
2756 3343 2971 3417 acta,

653 3444 916 3529 legati
981 3444 1078 3510 ab
1148 3440 1395 3527 Cotye
1461 3478 1549 3509 -,
1611 3452 2031 3509 venerunt.
2124 3442 2372 3510 Codex:
2442 3465 2675 3528 quam
2740 3442 2969 3509 haec-

651 3558 886 3617 tanta
930 3552 1206 3635 legati.
1259 3550 1726 3631 ‚Scribendum
1770 3573 2002 3635 quam
2047 3551 2214 3617 haec
2259 3560 2445 3617 acta
2491 3557 2760 3630 erant3
2805 3572 2969 3617 nam

650 3660 884 3726 vitiose
950 3660 1020 3725 in
1084 3659 1210 3724 hac
1278 3660 1619 3724 sententiae
1676 3660 1885 3725 forma
1928 3659 2195 3724 verbum
2251 3660 2735 3726 substantivum
2779 3660 2970 3743 apud

655 3768 1078 3851 participium
1144 3767 1488 3833 omittitur.
1579 3765 1738 3849 (cfr.
1810 3767 1891 3832 ad
1950 3766 2211 3847 XXVII,
2273 3772 2328 3846 5,
2386 3772 2423 3832 9
2480 3791 2543 3851 p.
2593 3768 2765 3847 321.)
2856 3767 2967 3832 Ex

697 4006 746 4071 ¹)
785 4002 826 4144 Ξ
875 4008 900 4058 1
928 4008 1251 4144 azaz-est
1304 4002 1581 4143 ῦῖοηονίιί.
1628 4003 1972 4059 emendatio:
2031 4021 2158 4074 qua
2210 4003 2566 4144 (profffluae,
2624 4004 2749 4059 cod.
2805 4005 2959 4073 que)

791 4107 1005 4239 ἔξω
1041 4105 1460 4231 3252333‘332
1492 4094 2197 4242 {sffiffifflfflssi
2227 4096 2673 4246 b3113‘330‘33'm
2696 4088 2961 4230 {3:32¹}

784 4261 934 4328 nis).
1005 4261 1187 4316 Aliter
1220 4259 1318 4329 VI,
1357 4263 1442 4328 42,
1480 4264 1512 4316 5
1548 4260 1763 4329 (semel)
1801 4261 1991 4316 Livius
2028 4260 2190 4315 dixit:
2245 4261 2582 4316 bellatum
2625 4278 2770 4316 cum
2806 4260 2956 4315 Gal·

779 4344 867 4399 lis
913 4346 1099 4400 circa
1142 4347 1494 4410 Anienem,
1543 4347 1611 4402 de
1648 4346 1796 4402 bello
1835 4364 1946 4401 una
1979 4361 2169 4416 pugna
2203 4344 2483 4402 confecto·
