3230 5282
1410 593 1530 653 183
2338 605 2462 659 Lib.
2499 604 2620 659 VII.

319 778 629 842 mutanda
706 777 994 843 editores
1061 776 1305 860 aliique
1373 776 1526 840 inde
1592 796 1634 840 a
1703 775 2033 841 Gronovio
2102 797 2248 841 cum
2316 778 2622 860 gravibus

319 886 645 949 erroribus
725 891 1068 968 satagunt3
1152 906 1231 949 ea
1297 883 1670 948 huiusmodi
1715 890 1869 948 est:
1952 906 2223 949 somno
2300 907 2623 969 gravem

323 993 793 1070 Quinctium
862 1014 1387 1077 oppressum,
1455 991 1662 1055 nihil
1735 992 2106 1071 medium,
2177 1000 2315 1057 aut
2374 994 2621 1076 impe-

323 1101 516 1164 rium
575 1107 818 1184 atque
873 1101 1254 1165 honorem
1318 1107 1482 1180 aut,
1549 1100 1684 1164 ubi
1730 1100 2204 1179 restitaret,
2273 1107 2623 1181 mortem,

321 1210 393 1272 ni
452 1216 975 1293 sequeretur,
1035 1209 1650 1287 denuntiantes»,
1718 1208 1797 1270 in
1871 1214 2139 1273 castra
2194 1215 2622 1291 pertraxe-

319 1325 516 1381 runt.
601 1317 860 1382 Primus
908 1317 1271 1381 Gronovius
1320 1315 1455 1381 ubi
1502 1323 1568 1380 et
1612 1317 1677 1380 si
1722 1315 1895 1379 idem
1941 1336 2081 1379 esse
2126 1316 2399 1398 putavit,
2448 1317 2625 1398 quod

321 1430 549 1489 contra
617 1431 736 1490 est.
862 1425 1166 1502 Quinctio
1235 1422 1476 1488 milites
1545 1423 1706 1488 nihil
1775 1423 2058 1487 medium
2126 1423 2624 1501 denuntiabant,

319 1532 427 1596 sed
494 1541 616 1597 aut
681 1534 1025 1616 imperium
1093 1539 1293 1614 atque
1361 1531 1676 1595 honorem
1725 1531 1837 1611 (—
1880 1531 1988 1595 hic
2042 1530 2203 1593 nihil
2260 1552 2423 1614 opus
2484 1538 2626 1596 erat

325 1639 474 1704 addi
533 1641 976 1720 condicionis;
1044 1639 1109 1703 id
1181 1641 1349 1704 enim
1416 1641 1635 1723 ipsum
1692 1637 2039 1703 offerentes
2095 1639 2447 1704 veniebant
2509 1637 2623 1720 —)

318 1755 455 1828 aut,
537 1750 798 1831 quoties
864 1749 1170 1813 resistere
1240 1745 1837 1827 conaretur.(quod
1895 1747 2129 1829 saepius
2186 1768 2334 1810 eum
2389 1746 2625 1812 fecisse

319 1856 512 1922 verbo
580 1856 1062 1939 frequentativo
1121 1861 1188 1920 et
1246 1854 1659 1919 coniunctivo
1720 1853 1915 1917 modo
1974 1854 2316 1918 sententiae
2372 1861 2627 1937 tempo-

321 1965 471 2029 ralis
524 1965 982 2048 significatur),
1029 1970 1327 2041 mortem,
1374 1963 1441 2026 ni
1488 1968 1896 2045 sequeretur.
1998 1960 2176 2025 Nihil
2221 1963 2465 2026 rectius
2512 1968 2629 2027 aut

321 2074 630 2156 apertius.
757 2073 821 2137 Is
902 2093 1160 2154 quoque
1242 2071 1513 2149 erravit,
1595 2070 1705 2151 qui
1773 2068 2041 2133 Hertzio
2119 2071 2474 2152 persuasit,
2555 2079 2629 2135 ut

323 2202 802 2265 oppressum
877 2186 1202 2263 tanquam
1273 2178 1567 2260 spurium
1647 2182 1929 2241 notaret.
2052 2177 2293 2243 Somno
2359 2200 2620 2261 gravem
2659 2195 2800 2262 (155)

321 2295 795 2372 oppresserunt
840 2294 907 2352 et
951 2290 1018 2352 in
1063 2293 1281 2351 castra
1325 2291 1811 2369 pertraxerunt.
1916 2285 2084 2349 Ante
2143 2287 2362 2350 omnia
2406 2288 2632 2369 quieta

321 2403 536 2461 mente
583 2396 1026 2461 accedendum
1076 2400 1178 2460 est
1223 2395 1307 2458 ad
1351 2394 1550 2479 locos¹
1580 2394 1647 2456 in
1696 2394 2130 2475 suspicionem
2181 2395 2541 2477 vocatos.¹)

489 2503 649 2587 Cap.
699 2509 816 2583 40,
873 2508 910 2567 2
969 2510 1035 2568 et
1096 2507 1132 2566 3
1192 2501 1284 2582 (in
1333 2500 1564 2566 eadem
1610 2500 2049 2581 narratione):
2118 2501 2414 2586 Itaque
2475 2505 2628 2567 iam

324 2610 604 2692 duceS,
675 2613 834 2677 iam
900 2611 1207 2676 milites
1265 2610 1650 2694 utrinque
1709 2629 2203 2693 congressus
2262 2630 2629 2693 quaerere

375 2837 421 2904 ¹)
459 2837 735 2892 Eiusdem
787 2838 988 2906 capitis
1024 2836 1056 2905 ξ
1093 2839 1156 2902 6,
1212 2837 1478 2904 quoniam
1517 2853 1621 2903 pro
1662 2852 1759 2901 ec,
1817 2835 1969 2902 quod
2006 2836 2065 2888 in
2101 2835 2392 2890 codicibus
2430 2836 2625 2889 scribi-

453 2928 580 2976 tur:
637 2940 895 2977 nervos
958 2922 1507 2977 coniurationis
1559 2921 1843 2975 eiectos
1893 2925 2048 2973 arte
2096 2921 2421 2974 consulis
2473 2938 2626 2975 cer-

454 3013 735 3072 nentes,
784 3025 816 3060 a
850 3008 1260 3062 recentioribus
1299 3006 1594 3072 (BekkerO,
1645 3006 2126 3071 WeissenborniO,
2163 3006 2414 3071 Hertzio)
2453 3007 2628 3058 adno-

454 3099 615 3147 tatur
663 3092 900 3147 Puteani
948 3094 1272 3146 coniectura
1321 3097 1686 3158 exsectos,
1739 3091 2021 3144 omittitur
2067 3090 2349 3143 Gebhardi
2397 3095 2456 3143 et
2492 3089 2629 3143 Gro-

452 3179 642 3244 novii,
697 3195 807 3246 qua
859 3196 971 3231 uno
1029 3183 1248 3231 tantum
1300 3176 1506 3230 litterae
1558 3177 1733 3231 ductu
1781 3177 2005 3243 longius
2052 3179 2237 3227 tracto
2277 3172 2313 3240 (Ι
2353 3192 2454 3244 pro
2495 3175 2532 3241 Ι)
2570 3174 2635 3228 fit

452 3265 763 3330 electos,
814 3263 996 3316 dicam
1035 3264 1093 3316 in
1129 3268 1470 3326 transcursu,
1519 3263 1667 3315 hanc
1705 3278 1889 3314 veram
1929 3266 1984 3314 et
2020 3265 2231 3314 certam
2268 3276 2404 3313 esse.
2490 3259 2634 3313 Nam

453 3355 670 3417 praeter
704 3349 908 3402 Lucilii
945 3348 1362 3410 testimonium,
1412 3364 1609 3400 versus
1647 3346 1877 3399 modulo
1916 3344 2163 3412 firmum,
2214 3345 2308 3412 qui
2348 3350 2405 3399 et
2440 3362 2629 3399 exse·

454 3450 619 3487 care
667 3439 723 3486 et
773 3434 1047 3486 elidere
1085 3433 1362 3496 excludit,
1415 3432 1565 3500 apud
1603 3431 1933 3485 Ciceronem
1982 3449 2098 3484 non
2147 3430 2328 3483 solum
2374 3431 2433 3483 in
2471 3430 2633 3483 Tuso.

449 3519 556 3583 111,
584 3521 666 3583 34,
697 3521 766 3572 83
800 3519 979 3573 codex
999 3518 1287 3572 Parisinus
1312 3523 1504 3586 aperte
1531 3518 1731 3570 habet:
1774 3517 2040 3584 stirpes
2076 3515 2542 3583 aegritudinis
2566 3541 2634 3552 -

454 3604 812 3672 eligendae
863 3608 1060 3670 sunt,
1116 3603 1214 3656 sed
1262 3608 1319 3655 et
1367 3603 1436 3656 de
1472 3602 1657 3655 Divin.
1697 3601 1776 3668 Π,
1831 3603 1926 3666 72,
1969 3603 2080 3666 149,
2119 3601 2218 3654 ubi
2253 3601 2313 3654 in
2348 3601 2509 3654 codd.
2549 3605 2637 3655 est

452 3687 766 3758 (stirpes)
805 3689 1202 3755 eiiciendae,
1239 3688 1417 3741 multo
1455 3688 1676 3741 facilius
1712 3687 1778 3739 fit
1814 3686 2153 3754 eligendae
2190 3686 2338 3753 (nam
2371 3686 2635 3755 eligere

455 3779 515 3827 et
570 3775 830 3828 eiicere
881 3775 1191 3843 saepissime
1239 3773 1684 3838 confunduntur)
1723 3789 1891 3839 quam
1929 3771 2332 3824 excidendae
2372 3777 2466 3824 aut
2503 3773 2630 3825 eli-

452 3859 716 3926 dendae,
755 3863 814 3912 et
850 3867 985 3912 orat.
1025 3858 1079 3911 11
1116 3859 1184 3912 de
1220 3860 1327 3928 leg.
1367 3876 1481 3927 agr.
1522 3861 1614 3926 33,
1652 3860 1736 3924 91,
1774 3857 1871 3909 ubi
1909 3857 2120 3910 editur:
2175 3857 2495 3910 nervis—
2522 3873 2630 3909 ex-

454 3945 711 4010 sectis,
757 3944 817 3998 in
856 3944 1145 3998 codicibus
1184 3945 1465 4011 scribitur,
1504 3949 1567 3997 ut
1602 3941 1712 4007 hic,
1751 3942 2030 4008 eiectis,
2068 3941 2176 3995 hoc
2215 3946 2316 4008 est,
2355 3942 2632 3995 electis.

451 4029 563 4082 Est
610 4029 786 4098 igitur
819 4029 880 4082 in
914 4029 1002 4082 his
1040 4030 1181 4083 locis
1219 4030 1496 4098 eligere
1533 4028 1622 4094 id,
1672 4027 1825 4095 quod
1863 4026 2194 4082 Germanice
2233 4027 2634 4095 ausrupfen,

454 4113 864 4184 auszupfen
927 4114 1160 4179 dicitur,
1247 4113 1531 4182 quomodo
1608 4112 1789 4166 Varro
1863 4117 1922 4166 et
1986 4111 2295 4166 Columella
2358 4112 2634 4178 herbas,

454 4199 783 4267 gramina
826 4198 1100 4269 eligere
1149 4200 1426 4253 dixerunt.
1499 4198 1672 4252 Aliud
1720 4202 1832 4264 est,
1884 4198 1993 4251 etsi
2043 4204 2377 4267 cognatum,
2428 4215 2635 4252 nervos

456 4284 810 4351 incidere,
848 4284 1125 4340 elidere
1163 4285 1327 4358 (νεῦρα
1366 4294 1618 4350 lactiflua,
1655 4281 1991 4356 νευροκοπεῒν).
2050 4282 2190 4336 Cum
2226 4283 2411 4337 nervis
2451 4284 2636 4336 eiec-

457 4374 481 4421 t
495 4370 512 4422 i
527 4388 553 4422 s
601 4369 929 4438 pravissime
977 4375 1376 4441 comparantur
1431 4388 1464 4423 a
1479 4388 1508 4424 c
1521 4369 1592 4423 ul
1610 4370 1674 4423 ei
1723 4367 1933 4436 (alicui)
1994 4386 2023 4421 e
2037 4387 2074 4421 x
2087 4387 2116 4423 c
2132 4386 2167 4420 u
2183 4385 2207 4421 s
2222 4369 2291 4421 si.
2376 4365 2633 4435 [Advers.

454 4455 590 4507 Crit.
629 4454 682 4507 Π
715 4472 770 4524 p.
808 4454 955 4523 205]
