3230 5282
1434 666 1554 725 547
2178 675 2300 727 Lib.
2340 672 2647 727 XXXVIII.

339 846 482 913 Hoc
529 849 982 913 animadverso
1032 849 1451 930 intellegitur,
1501 868 1645 932 pro
1691 847 2005 911 viribus
2054 866 2129 909 eo
2178 847 2538 928 pertinere,
2585 852 2659 908 ut

342 979 472 1020 non
519 957 689 1020 idem
737 957 820 1020 ab
870 957 1176 1020 omnibus
1238 963 1558 1039 quattuor
1614 956 1877 1038 populis
1932 974 2246 1017 numerus
2302 953 2495 1016 datus
2554 953 2660 1030 sit,

346 1066 703 1145 eodemque
747 1065 1412 1147 spectarevioenos
1437 1070 1706 1125 antem.
1778 1063 2010 1144 Itaque
2050 1060 2135 1125 ad
2172 1060 2345 1124 hanc
2381 1059 2659 1124 formam

344 1173 567 1236 Livius
615 1172 1000 1254 scripserat:
1052 1171 1395 1235 Obsides
1441 1171 1630 1235 inde
1676 1173 2122 1253 imperatos
2161 1190 2301 1251 pro
2348 1166 2657 1231 viribus

346 1282 638 1363 inopes
684 1278 1000 1363 populi,
1048 1279 1562 1358 qnadraginta
1609 1278 1973 1354 Pronnoi,
2019 1279 2344 1341 vicenos
2392 1280 2661 1338 autem

349 1386 630 1450 Cranii
699 1393 775 1450 et
840 1386 1229 1450 Palenses
1299 1393 1377 1450 et
1446 1386 1725 1451 Samaei
1799 1387 2217 1449 dederunt.
2317 1381 2666 1446 Aberravit

347 1494 601 1557 librarii
647 1492 875 1557 oculus
923 1514 962 1556 a
1007 1495 1225 1576 priore
1270 1515 1538 1559 numero
1587 1496 1671 1559 ad
1708 1494 2007 1558 alterum.
2076 1490 2435 1555 Numerum
2471 1490 2648 1572 prio·
2684 1495 2833 1564 (444)

353 1623 490 1665 rem
556 1602 880 1664 incertum
938 1622 1079 1664 esse
1140 1609 1417 1691 apparet
1463 1601 1630 1681 (XL,
1675 1601 1877 1679 XXX,
1938 1598 2060 1681 X);
2118 1619 2239 1661 nec
2292 1597 2507 1661 minus
2563 1597 2661 1659 in-

352 1716 600 1772 certum
659 1715 777 1786 est,
813 1708 880 1770 in
918 1708 1213 1771 codicum
1254 1709 1582 1791 scriptura
1629 1709 2039 1773 Grannoni
2085 1706 2422 1769 lateantne
2484 1702 2662 1767 Cra-

354 1816 470 1878 nii
519 1835 601 1878 an
660 1814 1058 1890 Pronnaei,
1107 1823 1183 1878 ut
1238 1818 1448 1897 primo
1518 1816 1661 1881 loco
1722 1816 1941 1880 Cranii
2011 1814 2331 1880 nominati
2400 1812 2660 1874 fuerint.

354 1922 836 2000 (Dederunt,
904 1929 979 1986 ut
1044 1922 1253 1986 multa
1319 1924 1386 1985 in
1443 1922 1516 2000 B,
1563 1923 1815 1987 librarii
1878 1921 2292 2004 neglegentia
2350 1921 2663 1984 omissum

353 2029 629 2092 videtur.
720 2030 1028 2113 Alioquin
1076 2037 1339 2113 poterat
1386 2029 1615 2093 scribi:
1666 2030 1781 2095 XL
1817 2030 2192 2093 Pronnaei
2240 2027 2663 2103 dederunt,

353 2139 694 2201 vicenos
744 2145 1016 2202 autem
1065 2139 1218 2219 cet.)

531 2243 688 2327 Cap.
720 2249 817 2322 38,
846 2250 904 2308 8.
954 2244 1110 2320 Quae
1134 2248 1199 2310 in
1233 2245 1496 2310 foedere
1531 2268 1679 2309 cum
1705 2244 2025 2310 Antiocho
2053 2245 2132 2308 de
2157 2245 2418 2308 navium
2442 2264 2664 2307 nume-

357 2373 451 2426 re,
502 2374 690 2433 quem
739 2352 984 2417 habere
1029 2354 1166 2433 regi
1211 2352 1462 2430 liceret,
1510 2355 1758 2435 scripta
1792 2358 1998 2430 erant,
2048 2372 2125 2415 ea
2159 2358 2224 2415 et
2265 2351 2441 2434 apud
2477 2349 2665 2430 Poly·

360 2459 543 2522 bium
605 2457 838 2539 (XXII,
885 2458 993 2540 26)
1056 2467 1121 2523 et
1181 2460 1357 2542 apud
1401 2461 1654 2551 Livium
1717 2467 2029 2541 corrupta
2076 2464 2142 2522 et
2188 2456 2461 2522 confusa
2506 2477 2667 2534 esse,

361 2567 620 2629 etiamsi
664 2565 851 2630 nulla
895 2568 1239 2648 utriusque
1286 2569 1627 2651 scriptoris
1685 2567 2093 2650 comparatio
2153 2564 2300 2643 fiat,
2348 2565 2541 2629 facile
2588 2585 2668 2628 ex

359 2673 505 2755 ipsa
551 2695 621 2737 re
669 2680 735 2738 et
780 2675 992 2738 verbis
1028 2682 1386 2757 appareat3
1435 2676 1733 2740 adhibita
1769 2685 1990 2740 autem
2027 2676 2143 2739 illa
2178 2675 2668 2756 comparatione

359 2780 770 2845 manifestius
805 2781 913 2860 fit3
939 2803 1068 2863 quo
1106 2804 1307 2863 quum
1347 2784 1622 2847 accedat
1658 2784 1721 2846 in
1759 2783 2109 2865 generibus
2146 2782 2405 2846 navium
2443 2778 2668 2861 appel-

360 2888 847 2971 lationibusque
886 2889 1304 2969 ambiguitas,
1332 2890 1653 2972 equidem,
1693 2911 1906 2972 neque
1941 2890 2095 2971 quid
2122 2889 2431 2970 Polybius
2454 2905 2665 2969 neque

362 2995 518 3077 quid
568 2996 790 3059 Livius
839 2998 1208 3077 scripserit,
1257 3018 1376 3079 pro
1425 3004 1605 3060 certo
1654 2998 1933 3061 inveniri
1980 3018 2170 3078 posse
2217 3002 2412 3077 put03
2470 2993 2668 3056 attin-

362 3121 509 3182 gam
556 3108 777 3165 tamen
842 3102 1066 3183 aliqua
1112 3124 1190 3165 ex
1237 3112 1425 3186 parte
1470 3102 1644 3166 hunc
1700 3104 1935 3181 locum,
1985 3123 2257 3186 quaeque
2315 3099 2474 3164 mihi
2519 3119 2669 3182 pro-

365 3207 610 3271 babilia
657 3209 1032 3285 videantur,
1093 3210 1381 3273 breviter
1442 3210 1675 3273 dicam.
1768 3210 2056 3273 Primum
2103 3209 2281 3292 apud
2326 3207 2668 3289 Polybium

364 3316 714 3379 manifesto
766 3323 1073 3398 corrupta
1132 3324 1285 3381 Sunt
1342 3316 1485 3379 illa:
1553 3324 1688 3396 μηδὲ
1732 3324 2200 3398 τριακοντάκωπον
2244 3324 2406 3391 ἐχέτω
2452 3320 2666 3376 ἐλαυνό-

361 3450 536 3502 μενον,
584 3424 650 3487 in
695 3424 933 3506 quibus
978 3445 1243 3506 prorsus
1279 3423 1573 3488 abundat
1609 3425 2047 3507 participium,
2097 3444 2433 3506 quumque
2468 3423 2670 3485 maio-

365 3552 507 3594 rum
552 3533 820 3595 navium
866 3531 997 3612 (τῶν
1043 3532 1458 3612 καταφράκτων)
1508 3533 1783 3613 exiguus
1819 3531 1927 3595 ille
1964 3532 2247 3615 quidem,
2296 3530 2410 3594 sed
2446 3536 2669 3594 tamen

366 3637 600 3718 aliquis
644 3660 959 3703 numerus
1006 3640 1146 3721 regi
1194 3639 1610 3716 concedatur,
1660 3640 1987 3704 minorum
2030 3640 2442 3722 possessione
2489 3658 2672 3719 pror-

365 3762 474 3807 sus
521 3746 580 3808 ei
646 3746 974 3810 indicitur.
1067 3746 1295 3827 Neque
1354 3746 1510 3809 ferri
1555 3754 1781 3829 potest
1822 3752 1958 3825 μηδὲ
2000 3753 2152 3811 ante
2186 3744 2439 3825 ’πολέμου
2485 3749 2672 3815 ἕνεκεν,

367 3852 540 3933 quod
586 3854 678 3917 sic
723 3853 982 3931 dicitur,
1029 3854 1217 3933 quasi
1265 3854 1406 3917 eius
1452 3853 1610 3917 belli
1657 3874 1875 3931 causa,
1924 3853 2103 3937 quod
2135 3853 2277 3936 ipse
2309 3851 2672 3917 Antiochus

366 3958 513 4023 aliis
562 3960 866 4025 illaturus
913 3961 1017 4038 sit,
1065 3959 1211 4043 plus
1271 3960 1539 4024 concedi
1597 3982 1857 4042 aequum
1903 3963 2021 4041 sit;
2086 3983 2240 4025 nam
2295 3959 2672 4024 huiusmodi

367 4065 558 4130 bellis
606 4068 1031 4131 interdictum
1078 4070 1215 4150 regi
1273 4068 1506 4146 fuisse,
1551 4068 1750 4150 paulo
1809 4075 2028 4132 autem
2083 4070 2425 4145 maiorem,
2486 4068 2540 4131 si
2587 4066 2670 4129 ab

368 4172 512 4236 aliis
562 4176 699 4256 ipse
746 4181 1269 4257 oppugnaretur,
1337 4174 1713 4239 libertatem
1770 4181 1836 4239 et
1878 4177 2194 4240 maiorem
2248 4176 2510 4239 navium
2554 4194 2672 4238 nu-

366 4300 617 4344 merum
685 4302 1074 4347 concessum
1129 4303 1299 4360 esse,
1359 4289 1424 4346 et
1479 4287 1722 4346 natura
1776 4283 1872 4347 rei
1920 4282 2214 4347 declarat
2260 4290 2325 4346 et
2368 4283 2670 4364 Appiani,

367 4384 506 4450 haec
552 4389 618 4450 in
666 4388 926 4452 brevius
974 4388 1444 4468 contrahentia
1491 4390 1938 4454 testimonium
1984 4388 2152 4472 (Syr.
2204 4389 2311 4469 39)
2359 4395 2425 4455 et
2470 4390 2672 4470 ipsius

365 4492 549 4556 Livii.
642 4495 832 4575 Apud
879 4497 1133 4559 Livium
1178 4504 1398 4560 autem
1456 4496 1589 4575 (ut,
1651 4497 1891 4560 omissa
1950 4503 2318 4560 ceterorum
2377 4496 2674 4560 codicum

2113 4614 2210 4665 35*

353 4834 1408 5168 Γ
1854 5092 2183 5166 .-

1668 5152 1827 5241 Ἂ-
