3230 5282
1342 648 1461 709 19'7
2238 661 2361 715 Lib.
2399 660 2546 716 vm.

287 855 462 917 eaque
511 856 643 899 una
689 840 791 900 est
835 856 1050 913 causa,
1107 856 1222 899 cur
1265 834 1392 899 via
1437 840 1702 900 strata
1747 835 2020 916 dicatur,
2076 857 2207 900 non
2252 835 2379 900 via
2424 834 2548 917 (ad

285 942 616 1008 dextram
697 944 888 1027 vise).
1012 944 1160 1009 Una
1235 942 1458 1008 littera
1525 944 1827 1009 detracta
1889 943 1995 1024 fit,
2080 944 2254 1027 quod
2326 944 2546 1009 Livius

286 1058 588 1133 posuerat:
637 1060 848 1116 extra
891 1054 1095 1117 viam
1141 1052 1583 1135 stratam.¹)

410 1160 579 1244 Cap.
645 1166 754 1237 16,
829 1165 904 1225 12
962 1166 1029 1224 et
1091 1165 1196 1224 13:
1288 1160 1717 1226 Dictatore
1786 1162 2122 1226 comitia
2189 1160 2540 1225 habente

287 1269 631 1334 consules
700 1271 959 1334 creati
1027 1275 1213 1333 sunt
1277 1269 1349 1333 T.
1410 1268 1824 1349 VeturiuS,
1895 1268 2014 1353 Sp.
2061 1269 2544 1335 Postumius.

292 1375 420 1442 Etsi
502 1378 706 1442 belli
764 1399 946 1461 pars
1004 1399 1169 1441 cum
1231 1377 1621 1443 Sidicinis
1676 1377 2075 1458 restabat,
2144 1383 2407 1445 tamen
2461 1416 2546 1427 —

286 1486 791 1551 rettulerunt.
892 1488 1060 1551 Ante
1106 1492 1185 1550 et
1229 1486 1441 1567 (etsi)
1490 1485 1748 1565 excidit,
1803 1486 1979 1570 quod
2023 1486 2252 1552 abesse
2297 1491 2544 1571 nequit,

291 1614 636 1674 pronomen:
707 1595 814 1674 El,
872 1595 1028 1659 etsi
1081 1630 1197 1674 —,
1253 1595 1779 1659 rettulerunt.
1893 1594 2034 1659 vid.
2082 1616 2228 1679 quae
2286 1596 2366 1661 de
2422 1597 2543 1679 IV,

289 1707 420 1780 48,1
476 1703 803 1768 adnotata
848 1710 1019 1767 sunt.
1111 1701 1355 1784 (1861.)

413 1811 575 1895 Cap.
640 1817 746 1892 18,
810 1816 914 1876 12:
982 1811 1273 1896 Itaque
1339 1810 1720 1874 memoria
1777 1832 1866 1874 ex
1921 1811 2354 1878 annalibus
2409 1837 2535 1882 re·
2573 1826 2713 1898 (167)

289 1922 539 2001 petita,
609 1922 691 1985 in
758 1919 1372 1984 secessionibus
1441 1919 1837 2001 quondam
1901 1919 2168 2002 plebis
2237 1922 2544 1989 clavum

290 2027 359 2090 ab
394 2030 806 2094 dictatore
850 2029 1115 2107 fixum,
1164 2027 1740 2110 alienatasque
1777 2027 2197 2092 discordia
2229 2039 2542 2099 mentes

291 2134 654 2203 hominum
728 2158 816 2201 eo
885 2137 1211 2220 piaculo
1281 2141 1703 2219 compotes
1772 2136 1897 2199 sui
1963 2135 2309 2218 fecisse,
2377 2139 2543 2205 dic-

292 2250 589 2312 tatorem
658 2246 870 2311 clavi
926 2245 1244 2328 figendi
1304 2266 1546 2310 causa
1601 2244 1870 2309 creari
1925 2244 2258 2328 placuit.
2372 2247 2542 2325 Quid

293 2357 687 2435 requireretur
743 2355 829 2420 ad
889 2355 1207 2419 orationis
1264 2354 1572 2433 formam,
1644 2353 1851 2418 sensit
1904 2353 2100 2418 solito
2156 2356 2543 2438 prudentior

292 2461 728 2542 Alschefskiu8‚
788 2465 902 2547 qui
947 2463 1208 2529 factas
1254 2484 1433 2527 esse
1480 2463 1547 2525 in
1591 2461 1931 2527 codicibus
1976 2463 2249 2528 inveniri
2294 2465 2540 2532 mallet.

293 2568 820 2639 Weissenbornius
866 2577 1118 2653 tamen,
1187 2577 1261 2636 ut
1305 2572 1538 2650 ceteri,
1597 2571 2099 2637 dictatorem
2143 2572 2362 2654 audit,
2418 2574 2543 2640 hac

295 2685 607 2747 structura:
678 2680 773 2746 ab
832 2681 1246 2747 dictatore
1303 2679 1614 2766 clavum
1672 2680 1925 2744 fixum
1983 2687 2061 2746 et
2113 2717 2201 2727 —
2243 2682 2541 2750 fecisse

297 2785 726 2873 (dictatorem),
793 2791 859 2854 in
925 2812 1122 2872 quam
1177 2790 1430 2853 Livium
1490 2790 1557 2853 in
1614 2796 1753 2854 tam
1809 2787 1986 2854 facili
2040 2797 2109 2854 et
2161 2789 2342 2856 brevi
2397 2813 2540 2857 sen-

293 2899 464 2961 tentia
501 2899 785 2965 incidere
829 2900 1123 2982 potuisse
1169 2919 1440 2982 prorsus
1484 2920 1670 2980 nego.
1772 2897 1997 2981 Neque
2042 2899 2203 2965 satis
2249 2921 2329 2964 ex
2372 2902 2541 2965 anti-

294 3025 526 3083 quorum
590 3007 926 3073 hominum
996 3007 1290 3090 Liviique
1358 3007 1663 3089 opinione
1729 3007 1872 3090 ipse
1938 3006 2225 3072 dictator
2290 3015 2539 3075 mentes

293 3113 375 3175 sui
410 3122 728 3199 compotes
772 3116 1005 3180 fecisse
1051 3115 1325 3193 dicitur,
1394 3136 1538 3197 quae
1602 3112 1777 3179 facto
1836 3114 2094 3197 piaculo
2141 3116 2274 3180 sive
2321 3115 2538 3181 divino

291 3224 514 3287 numine
592 3225 724 3288 sive
804 3224 1088 3289 obscura
1165 3229 1418 3288 naturse
1494 3224 1555 3288 vi
1636 3223 2041 3288 convaluisse
2117 3223 2538 3307 putabantur.

296 3325 395 3392 Pro
454 3330 741 3397 fecisse
802 3355 843 3397 a
897 3331 1078 3397 Livio
1146 3332 1518 3397 huiusmodi
1586 3331 1854 3413 aliquod
1919 3330 2186 3395 verbum
2251 3333 2540 3416 positum

291 3439 572 3520 suspicor,
606 3440 795 3522 quale
832 3448 934 3505 est
967 3441 1544 3522 conquievisse.
1605 3438 1835 3521 [Recte
1860 3438 2199 3505 Creverius
2233 3446 2300 3505 et
2332 3462 2540 3526 nuper

293 3541 606 3627 Seyffertus
640 3549 914 3629 fuisse,
949 3547 1077 3614 hoc
1111 3554 1231 3629 est,
1264 3547 1535 3614 factas
1571 3570 1765 3628 esse,
1803 3547 1916 3614 cfr.
1934 3547 2224 3629 XXXIV,
2250 3553 2349 3628 21,
2379 3548 2536 3633 7.]²)

330 3813 370 3878 ¹)
405 3815 569 3872 Paulo
607 3828 728 3876 ante
768 3821 819 3891 (ὃ
856 3823 908 3887 4)
945 3823 1207 3875 vitiosum
1246 3826 1356 3887 est,
1404 3822 1552 3889 quod
1590 3822 1814 3889 legitur:
1884 3821 2191 3894 Suessam
2242 3840 2531 3876 commu·

401 3905 604 3969 nisse,
647 3925 789 3976 quae
836 3925 1005 3961 nunc
1040 3909 1349 3961 Aurunca
1385 3908 1763 3975 appellata3
1818 3925 1948 3960 nam
1984 3922 2144 3960 nune
2180 3908 2538 3976 appellata

399 3995 496 4041 est
540 4007 641 4058 pro
681 3994 1070 4062 appellatur
1115 3993 1226 4046 dici
1274 4010 1388 4047 11011
1433 3997 1680 4062 poterat3
1733 3982 1948 4046 rectum
1985 3997 2156 4046 esset:
2203 4010 2344 4060 quse
2381 4000 2537 4062 post

397 4074 457 4124 A.
494 4079 838 4143 appellata
883 4085 984 4132 est
1030 4083 1154 4146 aut,
1208 4083 1271 4132 ut
1305 4097 1348 4133 0.
1392 4082 1478 4145 19,
1514 4082 1571 4145 4,
1628 4095 1785 4146 quae,
1838 4079 2182 4132 Auruncis
2219 4082 2534 4150 receptis,

396 4158 457 4210 A.
496 4165 852 4229 appellata.
939 4164 1143 4231 Recte,
1189 4169 1252 4219 ut
1295 4165 1540 4231 videtur,
1586 4165 1645 4219 in
1680 4164 1817 4218 Lov.
1854 4167 1888 4217 4
1924 4165 2192 4218 scribitur
2236 4182 2267 4218 e
2311 4166 2531 4221 coniec-

398 4250 520 4297 tura
554 4249 958 4315 appellatur.

325 4327 369 4391 ²)
398 4327 478 4382 De
513 4347 560 4383 0.
605 4333 679 4400 18,
711 4337 745 4387 ’1
780 4335 894 4388 dixi
930 4336 989 4388 in
1024 4334 1313 4404 prooemio
1349 4353 1400 4404 p.
1439 4338 1505 4388 27
1541 4341 1655 4390 not.
1738 4334 1793 4388 C.
1830 4337 1913 4401 20,
1950 4338 1984 4388 7
2020 4336 2377 4391 scribendum
2415 4355 2534 4391 esse

397 4415 460 4467 in
496 4433 774 4473 carcere
811 4420 1175 4489 asservari,
1220 4439 1336 4477 non
1371 4421 1437 4476 in
1472 4439 1814 4480 carcerem
1850 4438 1996 4493 ass,
2040 4423 2212 4480 verbo
2247 4423 2533 4482 monuisse

397 4500 528 4558 satis
566 4506 669 4556 est.
735 4506 923 4574 (1861.)
