<?xml version="1.0" encoding="UTF-8"?>
<!DOCTYPE html PUBLIC "-//W3C//DTD XHTML 1.0 Transitional//EN"
    "http://www.w3.org/TR/xhtml1/DTD/xhtml1-transitional.dtd">
<html xmlns="http://www.w3.org/1999/xhtml" xml:lang="en" lang="en">
 <head>
  <title>
</title>
<meta http-equiv="Content-Type" content="text/html;charset=utf-8" />
  <meta name='ocr-system' content='tesseract 3.04.00' />
  <meta name='ocr-capabilities' content='ocr_page ocr_carea ocr_par ocr_line ocrx_word'/>
</head>
<body>
  <div class='ocr_page' id='page_1' title='image "./emendationesliv03madvgoog_0470.png"; bbox 0 0 3230 5282; ppageno 0'>
   <div class='ocr_carea' id='block_1_1' title="bbox 1603 618 1728 679">
    <p class='ocr_par' dir='ltr' id='par_1_1' title="bbox 1603 618 1728 679">
     <span class='ocr_line' id='line_1_1' title="bbox 1603 618 1728 679; baseline -0.008 0"><span class='ocrx_word' id='word_1_1' title='bbox 1603 618 1728 679; x_wconf 85' lang='lat'><strong>456</strong></span> 
     </span>
    </p>
   </div>
   <div class='ocr_carea' id='block_1_2' title="bbox 506 799 2839 2600">
    <p class='ocr_par' dir='ltr' id='par_1_2' title="bbox 506 799 2839 2600">
     <span class='ocr_line' id='line_1_2' title="bbox 506 799 2838 889; baseline -0.004 -18"><span class='ocrx_word' id='word_1_2' title='bbox 506 805 727 889; x_wconf 91' lang='lat' dir='ltr'><strong>spatio</strong></span> <span class='ocrx_word' id='word_1_3' title='bbox 773 825 978 869; x_wconf 93' lang='lat' dir='ltr'><strong>vacuo</strong></span> <span class='ocrx_word' id='word_1_4' title='bbox 1025 802 1274 880; x_wconf 88' lang='lat' dir='ltr'><strong>relicto,</strong></span> <span class='ocrx_word' id='word_1_5' title='bbox 1319 802 1451 867; x_wconf 91' lang='lat' dir='ltr'><strong>ibd.</strong></span> <span class='ocrx_word' id='word_1_6' title='bbox 1498 801 1875 880; x_wconf 86' lang='lat' dir='ltr'><strong>hostium,</strong></span> <span class='ocrx_word' id='word_1_7' title='bbox 1917 804 2015 879; x_wconf 81' lang='lat'><strong>12,</strong></span> <span class='ocrx_word' id='word_1_8' title='bbox 2050 806 2090 864; x_wconf 91' lang='grc'>4</span> <span class='ocrx_word' id='word_1_9' title='bbox 2127 820 2282 882; x_wconf 91' lang='lat' dir='ltr'><strong>que</strong></span> <span class='ocrx_word' id='word_1_10' title='bbox 2327 804 2480 883; x_wconf 90' lang='lat' dir='ltr'><strong>post</strong></span> <span class='ocrx_word' id='word_1_11' title='bbox 2524 799 2838 862; x_wconf 76' lang='lat' dir='ltr'><strong>civita—</strong></span> 
     </span>
     <span class='ocr_line' id='line_1_3' title="bbox 512 905 2756 992; baseline -0.005 -14"><span class='ocrx_word' id='word_1_12' title='bbox 512 910 800 992; x_wconf 88' lang='lat' dir='ltr'><strong>tium.¹)</strong></span> <span class='ocrx_word' id='word_1_13' title='bbox 873 911 974 992; x_wconf 93' lang='lat' dir='ltr'><strong>(In</strong></span> <span class='ocrx_word' id='word_1_14' title='bbox 1020 910 1086 974; x_wconf 91' lang='lat' dir='ltr'>M</span> <span class='ocrx_word' id='word_1_15' title='bbox 1134 931 1186 975; x_wconf 91' lang='lat' dir='ltr'><strong>c.</strong></span> <span class='ocrx_word' id='word_1_16' title='bbox 1225 914 1280 989; x_wconf 87' lang='lat'><strong>3,</strong></span> <span class='ocrx_word' id='word_1_17' title='bbox 1328 914 1365 972; x_wconf 84' lang='lat'><strong>2</strong></span> <span class='ocrx_word' id='word_1_18' title='bbox 1413 931 1562 974; x_wconf 92' lang='lat' dir='ltr'><strong>non</strong></span> <span class='ocrx_word' id='word_1_19' title='bbox 1611 909 1795 992; x_wconf 92' lang='lat' dir='ltr'><strong>plus</strong></span> <span class='ocrx_word' id='word_1_20' title='bbox 1841 929 2038 992; x_wconf 89' lang='lat' dir='ltr'><strong>prave</strong></span> <span class='ocrx_word' id='word_1_21' title='bbox 2087 908 2402 973; x_wconf 90' lang='lat' dir='ltr'><strong>omissum</strong></span> <span class='ocrx_word' id='word_1_22' title='bbox 2445 905 2756 987; x_wconf 89' lang='lat' dir='ltr'><strong>videtur.)</strong></span> 
     </span>
     <span class='ocr_line' id='line_1_4' title="bbox 684 1013 2835 1101; baseline -0.004 -18"><span class='ocrx_word' id='word_1_23' title='bbox 684 1019 841 1083; x_wconf 85' lang='lat' dir='ltr'><strong>Hoec</strong></span> <span class='ocrx_word' id='word_1_24' title='bbox 919 1019 1033 1101; x_wconf 93' lang='lat' dir='ltr'><strong>qui</strong></span> <span class='ocrx_word' id='word_1_25' title='bbox 1114 1018 1657 1094; x_wconf 81' lang='lat' dir='ltr'>consideraverit,</span> <span class='ocrx_word' id='word_1_26' title='bbox 1755 1037 2035 1099; x_wconf 92' lang='lat' dir='ltr'><strong>quorum</strong></span> <span class='ocrx_word' id='word_1_27' title='bbox 2113 1015 2355 1080; x_wconf 83' lang='lat' dir='ltr'><strong>similia</strong></span> <span class='ocrx_word' id='word_1_28' title='bbox 2435 1035 2516 1079; x_wconf 84' lang='lat' dir='ltr'><strong>ex</strong></span> <span class='ocrx_word' id='word_1_29' title='bbox 2594 1013 2835 1094; x_wconf 80' lang='lat' dir='ltr'><strong>quavis</strong></span> 
     </span>
     <span class='ocr_line' id='line_1_5' title="bbox 513 1121 2837 1207; baseline -0.003 -17"><span class='ocrx_word' id='word_1_30' title='bbox 513 1127 747 1191; x_wconf 90' lang='lat' dir='ltr'><strong>horum</strong></span> <span class='ocrx_word' id='word_1_31' title='bbox 790 1125 1110 1190; x_wconf 88' lang='lat' dir='ltr'><strong>librorum</strong></span> <span class='ocrx_word' id='word_1_32' title='bbox 1157 1131 1343 1207; x_wconf 88' lang='lat' dir='ltr'><strong>parte</strong></span> <span class='ocrx_word' id='word_1_33' title='bbox 1392 1124 1675 1206; x_wconf 89' lang='lat' dir='ltr'><strong>proferri</strong></span> <span class='ocrx_word' id='word_1_34' title='bbox 1721 1130 1999 1207; x_wconf 78' lang='lat' dir='ltr'>possunt</span> <span class='ocrx_word' id='word_1_35' title='bbox 2019 1122 2112 1204; x_wconf 79' lang='lat'><strong>²),</strong></span> <span class='ocrx_word' id='word_1_36' title='bbox 2181 1123 2448 1188; x_wconf 90' lang='lat' dir='ltr'><strong>timidas</strong></span> <span class='ocrx_word' id='word_1_37' title='bbox 2496 1121 2837 1185; x_wconf 72' lang='lat' dir='ltr'><strong>Weissen-</strong></span> 
     </span>
     <span class='ocr_line' id='line_1_6' title="bbox 511 1228 2835 1313; baseline -0.003 -13"><span class='ocrx_word' id='word_1_38' title='bbox 511 1234 729 1300; x_wconf 93' lang='lat' dir='ltr'><strong>bornii</strong></span> <span class='ocrx_word' id='word_1_39' title='bbox 786 1234 1005 1297; x_wconf 90' lang='lat' dir='ltr'><strong>nescio</strong></span> <span class='ocrx_word' id='word_1_40' title='bbox 1063 1232 1276 1296; x_wconf 90' lang='lat' dir='ltr'><strong>dicam</strong></span> <span class='ocrx_word' id='word_1_41' title='bbox 1335 1253 1419 1295; x_wconf 89' lang='lat' dir='ltr'><strong>an</strong></span> <span class='ocrx_word' id='word_1_42' title='bbox 1477 1231 1841 1296; x_wconf 88' lang='lat' dir='ltr'><strong>audaculas</strong></span> <span class='ocrx_word' id='word_1_43' title='bbox 1889 1231 2295 1313; x_wconf 82' lang='lat' dir='ltr'><strong>suspiciones</strong></span> <span class='ocrx_word' id='word_1_44' title='bbox 2342 1230 2422 1294; x_wconf 89' lang='lat' dir='ltr'><strong>de</strong></span> <span class='ocrx_word' id='word_1_45' title='bbox 2466 1228 2835 1311; x_wconf 79' lang='lat' dir='ltr'><strong>interpola-</strong></span> 
     </span>
     <span class='ocr_line' id='line_1_7' title="bbox 512 1318 2839 1422; baseline -0.003 -16"><span class='ocrx_word' id='word_1_46' title='bbox 512 1343 691 1406; x_wconf 90' lang='lat' dir='ltr'><strong>tione</strong></span> <span class='ocrx_word' id='word_1_47' title='bbox 748 1318 1102 1404; x_wconf 55' lang='lat' dir='ltr'><strong>in⁴codice</strong></span> <span class='ocrx_word' id='word_1_48' title='bbox 1148 1339 1533 1421; x_wconf 88' lang='lat' dir='ltr'><strong>Moguntino</strong></span> <span class='ocrx_word' id='word_1_49' title='bbox 1592 1345 1899 1422; x_wconf 76' lang='lat' dir='ltr'><strong>grassata</strong></span> <span class='ocrx_word' id='word_1_50' title='bbox 1956 1345 2023 1403; x_wconf 90' lang='lat' dir='ltr'><strong>et</strong></span> <span class='ocrx_word' id='word_1_51' title='bbox 2068 1360 2367 1402; x_wconf 90' lang='lat' dir='ltr'><strong>errorum</strong></span> <span class='ocrx_word' id='word_1_52' title='bbox 2412 1337 2839 1401; x_wconf 74' lang='lat' dir='ltr'><strong>mendorum-</strong></span> 
     </span>
     <span class='ocr_line' id='line_1_8' title="bbox 514 1446 2829 1530; baseline -0.003 -18"><span class='ocrx_word' id='word_1_53' title='bbox 514 1467 661 1530; x_wconf 90' lang='lat' dir='ltr'><strong>que,</strong></span> <span class='ocrx_word' id='word_1_54' title='bbox 709 1468 852 1530; x_wconf 84' lang='lat' dir='ltr'><strong>quae</strong></span> <span class='ocrx_word' id='word_1_55' title='bbox 899 1447 964 1510; x_wconf 93' lang='lat' dir='ltr'><strong>in</strong></span> <span class='ocrx_word' id='word_1_56' title='bbox 1009 1447 1062 1510; x_wconf 93' lang='lat' dir='ltr'>B</span> <span class='ocrx_word' id='word_1_57' title='bbox 1110 1454 1178 1511; x_wconf 91' lang='lat' dir='ltr'><strong>et</strong></span> <span class='ocrx_word' id='word_1_58' title='bbox 1221 1447 1599 1530; x_wconf 86' lang='lat' dir='ltr'><strong>vulgaribus</strong></span> <span class='ocrx_word' id='word_1_59' title='bbox 1647 1453 1816 1523; x_wconf 92' lang='lat' dir='ltr'><strong>sunt,</strong></span> <span class='ocrx_word' id='word_1_60' title='bbox 1864 1452 2158 1511; x_wconf 87' lang='lat' dir='ltr'><strong>tentatas</strong></span> <span class='ocrx_word' id='word_1_61' title='bbox 2206 1446 2662 1509; x_wconf 89' lang='lat' dir='ltr'><strong>excusationes</strong></span> <span class='ocrx_word' id='word_1_62' title='bbox 2709 1449 2829 1507; x_wconf 89' lang='lat' dir='ltr'><strong>aut</strong></span> 
     </span>
     <span class='ocr_line' id='line_1_9' title="bbox 514 1549 2827 1636; baseline -0.002 -17"><span class='ocrx_word' id='word_1_63' title='bbox 514 1556 927 1619; x_wconf 89' lang='lat' dir='ltr'><strong>coniecturas</strong></span> <span class='ocrx_word' id='word_1_64' title='bbox 985 1554 1137 1619; x_wconf 90' lang='lat' dir='ltr'><strong>inde</strong></span> <span class='ocrx_word' id='word_1_65' title='bbox 1185 1554 1418 1619; x_wconf 89' lang='lat' dir='ltr'><strong>ductas</strong></span> <span class='ocrx_word' id='word_1_66' title='bbox 1466 1553 1661 1618; x_wconf 88' lang='lat' dir='ltr'><strong>facile</strong></span> <span class='ocrx_word' id='word_1_67' title='bbox 1710 1554 1979 1618; x_wconf 80' lang='lat' dir='ltr'><strong>abiiciet</strong></span> <span class='ocrx_word' id='word_1_68' title='bbox 2026 1560 2094 1617; x_wconf 90' lang='lat' dir='ltr'><strong>et</strong></span> <span class='ocrx_word' id='word_1_69' title='bbox 2140 1575 2338 1636; x_wconf 88' lang='lat' dir='ltr'><strong>quum</strong></span> <span class='ocrx_word' id='word_1_70' title='bbox 2386 1559 2639 1616; x_wconf 87' lang='lat' dir='ltr'><strong>ceteras</strong></span> <span class='ocrx_word' id='word_1_71' title='bbox 2684 1549 2827 1614; x_wconf 88' lang='lat' dir='ltr'><strong>Mo-</strong></span> 
     </span>
     <span class='ocr_line' id='line_1_10' title="bbox 512 1657 2835 1745; baseline -0.002 -20"><span class='ocrx_word' id='word_1_72' title='bbox 512 1662 768 1745; x_wconf 82' lang='lat' dir='ltr'><strong>guntini</strong></span> <span class='ocrx_word' id='word_1_73' title='bbox 813 1661 1020 1725; x_wconf 83' lang='lat' dir='ltr'><strong>bonas</strong></span> <span class='ocrx_word' id='word_1_74' title='bbox 1068 1662 1431 1744; x_wconf 86' lang='lat' dir='ltr'><strong>scripturas</strong></span> <span class='ocrx_word' id='word_1_75' title='bbox 1479 1661 1765 1725; x_wconf 78' lang='lat' dir='ltr'><strong>libenter</strong></span> <span class='ocrx_word' id='word_1_76' title='bbox 1811 1661 2110 1743; x_wconf 85' lang='lat' dir='ltr'><strong>accipiet,</strong></span> <span class='ocrx_word' id='word_1_77' title='bbox 2141 1667 2299 1724; x_wconf 92' lang='lat' dir='ltr'><strong>tum</strong></span> <span class='ocrx_word' id='word_1_78' title='bbox 2346 1679 2535 1722; x_wconf 91' lang='lat' dir='ltr'><strong>voces</strong></span> <span class='ocrx_word' id='word_1_79' title='bbox 2579 1658 2647 1721; x_wconf 94' lang='lat' dir='ltr'><strong>in</strong></span> <span class='ocrx_word' id='word_1_80' title='bbox 2693 1657 2835 1736; x_wconf 74' lang='lat'><strong>1110,</strong></span> 
     </span>
     <span class='ocr_line' id='line_1_11' title="bbox 516 1766 2838 1851; baseline -0.003 -18"><span class='ocrx_word' id='word_1_81' title='bbox 516 1790 715 1851; x_wconf 93' lang='lat' dir='ltr'><strong>quum</strong></span> <span class='ocrx_word' id='word_1_82' title='bbox 771 1770 838 1832; x_wconf 93' lang='lat' dir='ltr'><strong>in</strong></span> <span class='ocrx_word' id='word_1_83' title='bbox 898 1769 1135 1833; x_wconf 88' lang='lat' dir='ltr'><strong>ceteris</strong></span> <span class='ocrx_word' id='word_1_84' title='bbox 1195 1768 1445 1846; x_wconf 78' lang='lat' dir='ltr'><strong>desint,</strong></span> <span class='ocrx_word' id='word_1_85' title='bbox 1515 1775 1829 1833; x_wconf 79' lang='lat' dir='ltr'><strong>servatas,</strong></span> <span class='ocrx_word' id='word_1_86' title='bbox 1939 1768 2106 1832; x_wconf 91' lang='lat' dir='ltr'><strong>Nam</strong></span> <span class='ocrx_word' id='word_1_87' title='bbox 2174 1788 2444 1850; x_wconf 90' lang='lat' dir='ltr'><strong>prorsus</strong></span> <span class='ocrx_word' id='word_1_88' title='bbox 2502 1766 2612 1841; x_wconf 93' lang='lat' dir='ltr'><strong>iis,</strong></span> <span class='ocrx_word' id='word_1_89' title='bbox 2679 1785 2838 1848; x_wconf 75' lang='lat' dir='ltr'><strong>quae</strong></span> 
     </span>
     <span class='ocr_line' id='line_1_12' title="bbox 513 1872 2829 1960; baseline -0.002 -20"><span class='ocrx_word' id='word_1_90' title='bbox 513 1875 811 1960; x_wconf 87' lang='lat' dir='ltr'><strong>pluribus</strong></span> <span class='ocrx_word' id='word_1_91' title='bbox 848 1875 1062 1939; x_wconf 87' lang='lat' dir='ltr'><strong>verbis</strong></span> <span class='ocrx_word' id='word_1_92' title='bbox 1098 1877 1618 1952; x_wconf 82' lang='lat' dir='ltr'><strong>commemoravi,</strong></span> <span class='ocrx_word' id='word_1_93' title='bbox 1662 1876 2048 1939; x_wconf 91' lang='lat' dir='ltr'><strong>lacunarum</strong></span> <span class='ocrx_word' id='word_1_94' title='bbox 2084 1874 2553 1957; x_wconf 84' lang='lat' dir='ltr'><strong>supplementis</strong></span> <span class='ocrx_word' id='word_1_95' title='bbox 2589 1872 2829 1946; x_wconf 86' lang='lat' dir='ltr'><strong>similia</strong></span> 
     </span>
     <span class='ocr_line' id='line_1_13' title="bbox 517 1979 2839 2065; baseline -0.001 -18"><span class='ocrx_word' id='word_1_96' title='bbox 517 1990 739 2047; x_wconf 92' lang='lat' dir='ltr'><strong>cetera</strong></span> <span class='ocrx_word' id='word_1_97' title='bbox 805 1989 988 2055; x_wconf 88' lang='lat' dir='ltr'><strong>sunt,</strong></span> <span class='ocrx_word' id='word_1_98' title='bbox 1074 1984 1140 2047; x_wconf 92' lang='lat' dir='ltr'><strong>in</strong></span> <span class='ocrx_word' id='word_1_99' title='bbox 1210 2003 1355 2064; x_wconf 83' lang='lat' dir='ltr'><strong>quae</strong></span> <span class='ocrx_word' id='word_1_100' title='bbox 1422 1984 1702 2047; x_wconf 81' lang='lat' dir='ltr'><strong>maxime</strong></span> <span class='ocrx_word' id='word_1_101' title='bbox 1766 1982 1883 2047; x_wconf 91' lang='lat' dir='ltr'><strong>illa</strong></span> <span class='ocrx_word' id='word_1_102' title='bbox 1949 1983 2236 2065; x_wconf 90' lang='lat' dir='ltr'><strong>suspicio</strong></span> <span class='ocrx_word' id='word_1_103' title='bbox 2302 1979 2839 2063; x_wconf 86' lang='lat' dir='ltr'><strong>interpolationis-</strong></span> 
     </span>
     <span class='ocr_line' id='line_1_14' title="bbox 518 2088 2826 2172; baseline -0.002 -17"><span class='ocrx_word' id='word_1_104' title='bbox 518 2091 819 2155; x_wconf 88' lang='lat' dir='ltr'><strong>coniecta</strong></span> <span class='ocrx_word' id='word_1_105' title='bbox 875 2096 996 2169; x_wconf 73' lang='lat' dir='ltr'><strong>est,</strong></span> <span class='ocrx_word' id='word_1_106' title='bbox 1063 2088 1227 2153; x_wconf 91' lang='lat' dir='ltr'><strong>nihil</strong></span> <span class='ocrx_word' id='word_1_107' title='bbox 1284 2091 1351 2152; x_wconf 94' lang='lat' dir='ltr'><strong>in</strong></span> <span class='ocrx_word' id='word_1_108' title='bbox 1407 2091 1518 2166; x_wconf 85' lang='lat' dir='ltr'><strong>iis,</strong></span> <span class='ocrx_word' id='word_1_109' title='bbox 1592 2089 1768 2172; x_wconf 88' lang='lat' dir='ltr'><strong>quod</strong></span> <span class='ocrx_word' id='word_1_110' title='bbox 1815 2088 1901 2153; x_wconf 88' lang='lat' dir='ltr'><strong>ad</strong></span> <span class='ocrx_word' id='word_1_111' title='bbox 1948 2090 2344 2154; x_wconf 88' lang='lat' dir='ltr'><strong>sententiam</strong></span> <span class='ocrx_word' id='word_1_112' title='bbox 2392 2088 2826 2153; x_wconf 89' lang='lat' dir='ltr'><strong>constructio·-</strong></span> 
     </span>
     <span class='ocr_line' id='line_1_15' title="bbox 514 2194 2827 2281; baseline -0.002 -19"><span class='ocrx_word' id='word_1_113' title='bbox 514 2218 740 2262; x_wconf 92' lang='lat' dir='ltr'><strong>nemve</strong></span> <span class='ocrx_word' id='word_1_114' title='bbox 787 2197 957 2260; x_wconf 87' lang='lat' dir='ltr'><strong>male</strong></span> <span class='ocrx_word' id='word_1_115' title='bbox 1002 2196 1407 2261; x_wconf 87' lang='lat' dir='ltr'><strong>intellectam</strong></span> <span class='ocrx_word' id='word_1_116' title='bbox 1455 2196 1847 2281; x_wconf 84' lang='lat' dir='ltr'><strong>explendam</strong></span> <span class='ocrx_word' id='word_1_117' title='bbox 1892 2197 2242 2278; x_wconf 86' lang='lat' dir='ltr'><strong>pertineat,</strong></span> <span class='ocrx_word' id='word_1_118' title='bbox 2300 2196 2649 2278; x_wconf 89' lang='lat' dir='ltr'><strong>reperitur,</strong></span> <span class='ocrx_word' id='word_1_119' title='bbox 2710 2194 2827 2258; x_wconf 84' lang='lat' dir='ltr'><strong>sed</strong></span> 
     </span>
     <span class='ocr_line' id='line_1_16' title="bbox 515 2302 2826 2387; baseline -0.002 -19"><span class='ocrx_word' id='word_1_120' title='bbox 515 2325 623 2368; x_wconf 87' lang='lat' dir='ltr'><strong>res</strong></span> <span class='ocrx_word' id='word_1_121' title='bbox 671 2304 757 2368; x_wconf 89' lang='lat' dir='ltr'><strong>ad</strong></span> <span class='ocrx_word' id='word_1_122' title='bbox 801 2303 966 2367; x_wconf 89' lang='lat' dir='ltr'><strong>Livii</strong></span> <span class='ocrx_word' id='word_1_123' title='bbox 1015 2305 1379 2368; x_wconf 91' lang='lat' dir='ltr'><strong>orationem</strong></span> <span class='ocrx_word' id='word_1_124' title='bbox 1425 2305 1952 2385; x_wconf 88' lang='lat' dir='ltr'><strong>sententiamque</strong></span> <span class='ocrx_word' id='word_1_125' title='bbox 1998 2311 2199 2387; x_wconf 82' lang='lat' dir='ltr'><strong>aptae,</strong></span> <span class='ocrx_word' id='word_1_126' title='bbox 2257 2323 2422 2384; x_wconf 90' lang='lat' dir='ltr'><strong>quas</strong></span> <span class='ocrx_word' id='word_1_127' title='bbox 2468 2309 2712 2378; x_wconf 85' lang='lat' dir='ltr'><strong>tamen,</strong></span> <span class='ocrx_word' id='word_1_128' title='bbox 2770 2302 2826 2364; x_wconf 87' lang='lat' dir='ltr'><strong>si</strong></span> 
     </span>
     <span class='ocr_line' id='line_1_17' title="bbox 517 2410 2829 2492; baseline -0.002 -17"><span class='ocrx_word' id='word_1_129' title='bbox 517 2432 559 2475; x_wconf 91' lang='lat' dir='ltr'><strong>a</strong></span> <span class='ocrx_word' id='word_1_130' title='bbox 601 2410 784 2474; x_wconf 90' lang='lat' dir='ltr'><strong>Livio</strong></span> <span class='ocrx_word' id='word_1_131' title='bbox 851 2412 1088 2492; x_wconf 77' lang='lat' dir='ltr'><strong>positae</strong></span> <span class='ocrx_word' id='word_1_132' title='bbox 1144 2434 1271 2474; x_wconf 87' lang='lat' dir='ltr'><strong>non</strong></span> <span class='ocrx_word' id='word_1_133' title='bbox 1331 2419 1579 2489; x_wconf 86' lang='lat' dir='ltr'><strong>essent,</strong></span> <span class='ocrx_word' id='word_1_134' title='bbox 1649 2411 1891 2475; x_wconf 89' lang='lat' dir='ltr'><strong>addere</strong></span> <span class='ocrx_word' id='word_1_135' title='bbox 1957 2412 2197 2475; x_wconf 90' lang='lat' dir='ltr'><strong>nemini</strong></span> <span class='ocrx_word' id='word_1_136' title='bbox 2258 2412 2321 2473; x_wconf 93' lang='lat' dir='ltr'><strong>in</strong></span> <span class='ocrx_word' id='word_1_137' title='bbox 2382 2417 2661 2474; x_wconf 86' lang='lat' dir='ltr'><strong>mentem</strong></span> <span class='ocrx_word' id='word_1_138' title='bbox 2720 2429 2829 2471; x_wconf 88' lang='lat' dir='ltr'><strong>ve·</strong></span> 
     </span>
     <span class='ocr_line' id='line_1_18' title="bbox 515 2517 2835 2600; baseline -0.002 -18"><span class='ocrx_word' id='word_1_139' title='bbox 515 2518 752 2596; x_wconf 84' lang='lat' dir='ltr'><strong>nisset,</strong></span> <span class='ocrx_word' id='word_1_140' title='bbox 836 2538 876 2581; x_wconf 87' lang='lat' dir='ltr'><strong>a</strong></span> <span class='ocrx_word' id='word_1_141' title='bbox 940 2520 1521 2600; x_wconf 87' lang='lat' dir='ltr'><strong>grammaticorum</strong></span> <span class='ocrx_word' id='word_1_142' title='bbox 1590 2526 1658 2582; x_wconf 87' lang='lat' dir='ltr'><strong>et</strong></span> <span class='ocrx_word' id='word_1_143' title='bbox 1723 2519 2140 2582; x_wconf 82' lang='lat' dir='ltr'><strong>librariorum</strong></span> <span class='ocrx_word' id='word_1_144' title='bbox 2211 2517 2538 2582; x_wconf 88' lang='lat' dir='ltr'><strong>inferioris</strong></span> <span class='ocrx_word' id='word_1_145' title='bbox 2608 2517 2835 2580; x_wconf 83' lang='lat' dir='ltr'><strong>aetatis</strong></span> 
     </span>
    </p>
   </div>
   <div class='ocr_carea' id='block_1_3' title="bbox 535 2769 2838 4518">
    <p class='ocr_par' dir='ltr' id='par_1_3' title="bbox 535 2769 2838 4518">
     <span class='ocr_line' id='line_1_19' title="bbox 579 2769 2826 2842; baseline -0.002 -18"><span class='ocrx_word' id='word_1_146' title='bbox 579 2770 627 2837; x_wconf 90' lang='lat'><strong>¹)</strong></span> <span class='ocrx_word' id='word_1_147' title='bbox 668 2770 795 2839; x_wconf 90' lang='lat' dir='ltr'><strong>Cap.</strong></span> <span class='ocrx_word' id='word_1_148' title='bbox 841 2775 920 2838; x_wconf 93' lang='lat'><strong>11,</strong></span> <span class='ocrx_word' id='word_1_149' title='bbox 967 2775 1000 2825; x_wconf 85' lang='grc'>8</span> <span class='ocrx_word' id='word_1_150' title='bbox 1035 2773 1310 2838; x_wconf 87' lang='lat' dir='ltr'><strong>librarius,</strong></span> <span class='ocrx_word' id='word_1_151' title='bbox 1361 2791 1528 2842; x_wconf 89' lang='lat' dir='ltr'><strong>quum</strong></span> <span class='ocrx_word' id='word_1_152' title='bbox 1568 2774 1741 2827; x_wconf 88' lang='lat' dir='ltr'><strong>verba</strong></span> <span class='ocrx_word' id='word_1_153' title='bbox 1778 2789 2023 2826; x_wconf 87' lang='lat' dir='ltr'><strong>cursus</strong></span> <span class='ocrx_word' id='word_1_154' title='bbox 2061 2770 2297 2838; x_wconf 87' lang='lat' dir='ltr'><strong>rigida</strong></span> <span class='ocrx_word' id='word_1_155' title='bbox 2332 2788 2495 2839; x_wconf 85' lang='lat' dir='ltr'><strong>poene</strong></span> <span class='ocrx_word' id='word_1_156' title='bbox 2533 2769 2826 2833; x_wconf 86' lang='lat' dir='ltr'><strong>omisisset,</strong></span> 
     </span>
     <span class='ocr_line' id='line_1_20' title="bbox 657 2852 2838 2924; baseline -0 -17"><span class='ocrx_word' id='word_1_157' title='bbox 657 2856 896 2909; x_wconf 80' lang='lat' dir='ltr'><strong>retraxit</strong></span> <span class='ocrx_word' id='word_1_158' title='bbox 931 2874 1018 2923; x_wconf 80' lang='lat' dir='ltr'><strong>se3</strong></span> <span class='ocrx_word' id='word_1_159' title='bbox 1066 2874 1112 2911; x_wconf 90' lang='lat' dir='ltr'><strong>c.</strong></span> <span class='ocrx_word' id='word_1_160' title='bbox 1149 2860 1209 2924; x_wconf 83' lang='lat'><strong>5,</strong></span> <span class='ocrx_word' id='word_1_161' title='bbox 1258 2860 1291 2911; x_wconf 88' lang='grc'><strong>6</strong></span> <span class='ocrx_word' id='word_1_162' title='bbox 1328 2877 1396 2911; x_wconf 85' lang='lat' dir='ltr'><strong>ex</strong></span> <span class='ocrx_word' id='word_1_163' title='bbox 1440 2875 1578 2912; x_wconf 89' lang='lat' dir='ltr'><strong>voce</strong></span> <span class='ocrx_word' id='word_1_164' title='bbox 1613 2859 2108 2924; x_wconf 86' lang='lat' dir='ltr'><strong>redintegrata</strong></span> <span class='ocrx_word' id='word_1_165' title='bbox 2145 2856 2374 2924; x_wconf 86' lang='lat' dir='ltr'><strong>scripsit</strong></span> <span class='ocrx_word' id='word_1_166' title='bbox 2411 2872 2476 2907; x_wconf 88' lang='lat' dir='ltr'><strong>re</strong></span> <span class='ocrx_word' id='word_1_167' title='bbox 2513 2858 2713 2923; x_wconf 86' lang='lat' dir='ltr'><strong>grata</strong></span> <span class='ocrx_word' id='word_1_168' title='bbox 2748 2852 2838 2906; x_wconf 71' lang='lat' dir='ltr'><strong>in·</strong></span> 
     </span>
     <span class='ocr_line' id='line_1_21' title="bbox 535 2940 2827 3010; baseline -0.002 -18"><span class='ocrx_word' id='word_1_169' title='bbox 535 2989 544 2999; x_wconf 85' lang='grc'>,</span> <span class='ocrx_word' id='word_1_170' title='bbox 656 2941 931 3009; x_wconf 69' lang='lat' dir='ltr'><strong>tex-posito</strong></span> <span class='ocrx_word' id='word_1_171' title='bbox 970 2942 1154 3010; x_wconf 86' lang='lat' dir='ltr'><strong>spatio</strong></span> <span class='ocrx_word' id='word_1_172' title='bbox 1190 2960 1394 3007; x_wconf 88' lang='lat' dir='ltr'><strong>vacu0,</strong></span> <span class='ocrx_word' id='word_1_173' title='bbox 1449 2944 1597 3010; x_wconf 90' lang='lat' dir='ltr'><strong>quod</strong></span> <span class='ocrx_word' id='word_1_174' title='bbox 1644 2944 1861 2997; x_wconf 85' lang='lat' dir='ltr'><strong>medias</strong></span> <span class='ocrx_word' id='word_1_175' title='bbox 1908 2942 2127 2995; x_wconf 82' lang='lat' dir='ltr'><strong>litteras</strong></span> <span class='ocrx_word' id='word_1_176' title='bbox 2166 2960 2278 2994; x_wconf 90' lang='lat' dir='ltr'><strong>non</strong></span> <span class='ocrx_word' id='word_1_177' title='bbox 2316 2940 2544 3007; x_wconf 87' lang='lat' dir='ltr'><strong>legebat</strong></span> <span class='ocrx_word' id='word_1_178' title='bbox 2582 2944 2678 2990; x_wconf 91' lang='lat' dir='ltr'><strong>aut</strong></span> <span class='ocrx_word' id='word_1_179' title='bbox 2715 2954 2827 2989; x_wconf 92' lang='lat' dir='ltr'><strong>non</strong></span> 
     </span>
     <span class='ocr_line' id='line_1_22' title="bbox 547 3026 1037 3095; baseline 0.004 -20"><span class='ocrx_word' id='word_1_180' title='bbox 547 3072 550 3075; x_wconf 77' lang='grc'>,</span> <span class='ocrx_word' id='word_1_181' title='bbox 656 3026 1037 3095; x_wconf 83' lang='lat' dir='ltr'><strong>intellegebat.</strong></span> 
     </span>
     <span class='ocr_line' id='line_1_23' title="bbox 574 3109 2825 3180; baseline -0 -17"><span class='ocrx_word' id='word_1_182' title='bbox 574 3111 628 3175; x_wconf 80' lang='lat'><strong>²)</strong></span> <span class='ocrx_word' id='word_1_183' title='bbox 664 3111 888 3163; x_wconf 87' lang='lat' dir='ltr'><strong>Addam</strong></span> <span class='ocrx_word' id='word_1_184' title='bbox 927 3129 994 3164; x_wconf 84' lang='lat' dir='ltr'><strong>ex</strong></span> <span class='ocrx_word' id='word_1_185' title='bbox 1033 3129 1142 3164; x_wconf 89' lang='lat' dir='ltr'><strong>uno</strong></span> <span class='ocrx_word' id='word_1_186' title='bbox 1181 3113 1366 3179; x_wconf 86' lang='lat' dir='ltr'><strong>capite</strong></span> <span class='ocrx_word' id='word_1_187' title='bbox 1403 3112 1537 3165; x_wconf 91' lang='lat' dir='ltr'><strong>libri</strong></span> <span class='ocrx_word' id='word_1_188' title='bbox 1575 3111 1806 3163; x_wconf 83' lang='lat' dir='ltr'><strong>XXXIV</strong></span> <span class='ocrx_word' id='word_1_189' title='bbox 1844 3111 2147 3180; x_wconf 85' lang='lat' dir='ltr'><strong>specimen,</strong></span> <span class='ocrx_word' id='word_1_190' title='bbox 2185 3127 2255 3163; x_wconf 88' lang='lat' dir='ltr'><strong>ex</strong></span> <span class='ocrx_word' id='word_1_191' title='bbox 2290 3129 2402 3164; x_wconf 93' lang='lat' dir='ltr'><strong>uno</strong></span> <span class='ocrx_word' id='word_1_192' title='bbox 2440 3110 2571 3163; x_wconf 89' lang='lat' dir='ltr'><strong>libri</strong></span> <span class='ocrx_word' id='word_1_193' title='bbox 2607 3109 2825 3163; x_wconf 83' lang='lat' dir='ltr'>XXXV.</span> 
     </span>
     <span class='ocr_line' id='line_1_24' title="bbox 657 3194 2829 3264; baseline -0 -16"><span class='ocrx_word' id='word_1_194' title='bbox 657 3194 803 3248; x_wconf 85' lang='lat' dir='ltr'><strong>Nam</strong></span> <span class='ocrx_word' id='word_1_195' title='bbox 838 3196 897 3249; x_wconf 90' lang='lat' dir='ltr'><strong>in</strong></span> <span class='ocrx_word' id='word_1_196' title='bbox 935 3196 1084 3248; x_wconf 89' lang='lat' dir='ltr'><strong>illius</strong></span> <span class='ocrx_word' id='word_1_197' title='bbox 1122 3197 1309 3264; x_wconf 87' lang='lat' dir='ltr'><strong>capite</strong></span> <span class='ocrx_word' id='word_1_198' title='bbox 1346 3199 1429 3262; x_wconf 88' lang='lat'><strong>31,</strong></span> <span class='ocrx_word' id='word_1_199' title='bbox 1468 3202 1530 3248; x_wconf 94' lang='lat' dir='ltr'><strong>ut</strong></span> <span class='ocrx_word' id='word_1_200' title='bbox 1569 3196 1713 3261; x_wconf 90' lang='lat' dir='ltr'><strong>dem,</strong></span> <span class='ocrx_word' id='word_1_201' title='bbox 1752 3195 2038 3264; x_wconf 87' lang='lat' dir='ltr'><strong>nequivi</strong></span> <span class='ocrx_word' id='word_1_202' title='bbox 2078 3194 2109 3263; x_wconf 66' lang='grc' dir='ltr'><strong>ξ</strong></span> <span class='ocrx_word' id='word_1_203' title='bbox 2148 3199 2180 3247; x_wconf 84' lang='grc'>2</span> <span class='ocrx_word' id='word_1_204' title='bbox 2216 3212 2331 3249; x_wconf 92' lang='lat' dir='ltr'><strong>non</strong></span> <span class='ocrx_word' id='word_1_205' title='bbox 2370 3218 2399 3252; x_wconf 86' lang='lat' dir='ltr'><strong>e</strong></span> <span class='ocrx_word' id='word_1_206' title='bbox 2434 3197 2495 3250; x_wconf 97' lang='lat' dir='ltr'>M</span> <span class='ocrx_word' id='word_1_207' title='bbox 2531 3213 2668 3263; x_wconf 86' lang='lat' dir='ltr'><strong>esse,</strong></span> <span class='ocrx_word' id='word_1_208' title='bbox 2704 3197 2829 3248; x_wconf 85' lang='lat' dir='ltr'><strong>haec</strong></span> 
     </span>
     <span class='ocr_line' id='line_1_25' title="bbox 653 3279 2829 3350; baseline -0 -17"><span class='ocrx_word' id='word_1_209' title='bbox 653 3296 683 3332; x_wconf 92' lang='lat' dir='ltr'><strong>e</strong></span> <span class='ocrx_word' id='word_1_210' title='bbox 721 3280 781 3333; x_wconf 90' lang='lat' dir='ltr'>M</span> <span class='ocrx_word' id='word_1_211' title='bbox 817 3285 1014 3333; x_wconf 90' lang='lat' dir='ltr'><strong>contra</strong></span> <span class='ocrx_word' id='word_1_212' title='bbox 1050 3280 1094 3331; x_wconf 94' lang='lat' dir='ltr'><strong>B</strong></span> <span class='ocrx_word' id='word_1_213' title='bbox 1132 3281 1509 3350; x_wconf 79' lang='lat' dir='ltr'><strong>vulgaresque</strong></span> <span class='ocrx_word' id='word_1_214' title='bbox 1549 3286 1775 3349; x_wconf 88' lang='lat' dir='ltr'><strong>sumpta</strong></span> <span class='ocrx_word' id='word_1_215' title='bbox 1812 3286 1966 3333; x_wconf 88' lang='lat' dir='ltr'><strong>sunt:</strong></span> <span class='ocrx_word' id='word_1_216' title='bbox 2022 3279 2053 3348; x_wconf 64' lang='grc' dir='ltr'><strong>ξ</strong></span> <span class='ocrx_word' id='word_1_217' title='bbox 2091 3283 2125 3331; x_wconf 85' lang='grc'>4</span> <span class='ocrx_word' id='word_1_218' title='bbox 2160 3279 2361 3333; x_wconf 88' lang='lat' dir='ltr'><strong>video</strong></span> <span class='ocrx_word' id='word_1_219' title='bbox 2403 3281 2578 3348; x_wconf 89' lang='lat' dir='ltr'><strong>(om.),</strong></span> <span class='ocrx_word' id='word_1_220' title='bbox 2616 3282 2648 3333; x_wconf 79' lang='lat'>6</span> <span class='ocrx_word' id='word_1_221' title='bbox 2686 3296 2829 3332; x_wconf 86' lang='lat' dir='ltr'><strong>eam</strong></span> 
     </span>
     <span class='ocr_line' id='line_1_26' title="bbox 655 3364 2829 3436; baseline 0 -20"><span class='ocrx_word' id='word_1_222' title='bbox 655 3364 812 3429; x_wconf 91' lang='lat' dir='ltr'><strong>(om.;</strong></span> <span class='ocrx_word' id='word_1_223' title='bbox 868 3365 1057 3417; x_wconf 89' lang='lat' dir='ltr'><strong>omisit</strong></span> <span class='ocrx_word' id='word_1_224' title='bbox 1103 3365 1274 3418; x_wconf 88' lang='lat' dir='ltr'><strong>etiam</strong></span> <span class='ocrx_word' id='word_1_225' title='bbox 1319 3365 1429 3430; x_wconf 83' lang='lat' dir='ltr'><strong>W.;</strong></span> <span class='ocrx_word' id='word_1_226' title='bbox 1485 3365 1680 3418; x_wconf 88' lang='lat' dir='ltr'><strong>abesse</strong></span> <span class='ocrx_word' id='word_1_227' title='bbox 1728 3364 1961 3432; x_wconf 90' lang='lat' dir='ltr'><strong>nequit),</strong></span> <span class='ocrx_word' id='word_1_228' title='bbox 2010 3368 2043 3417; x_wconf 82' lang='lat'><strong>7</strong></span> <span class='ocrx_word' id='word_1_229' title='bbox 2088 3371 2153 3418; x_wconf 87' lang='lat' dir='ltr'><strong>et</strong></span> <span class='ocrx_word' id='word_1_230' title='bbox 2199 3367 2442 3436; x_wconf 84' lang='lat' dir='ltr'><strong>accepi</strong></span> <span class='ocrx_word' id='word_1_231' title='bbox 2491 3382 2692 3433; x_wconf 90' lang='lat' dir='ltr'><strong>quum</strong></span> <span class='ocrx_word' id='word_1_232' title='bbox 2740 3364 2829 3432; x_wconf 90' lang='lat' dir='ltr'><strong>(et</strong></span> 
     </span>
     <span class='ocr_line' id='line_1_27' title="bbox 656 3449 2822 3520; baseline 0.001 -19"><span class='ocrx_word' id='word_1_233' title='bbox 656 3449 894 3518; x_wconf 92' lang='lat' dir='ltr'><strong>accepi</strong></span> <span class='ocrx_word' id='word_1_234' title='bbox 943 3449 1192 3515; x_wconf 88' lang='lat' dir='ltr'><strong>urbem,</strong></span> <span class='ocrx_word' id='word_1_235' title='bbox 1250 3467 1465 3517; x_wconf 88' lang='lat' dir='ltr'><strong>quum,</strong></span> <span class='ocrx_word' id='word_1_236' title='bbox 1521 3451 1690 3503; x_wconf 85' lang='lat' dir='ltr'><strong>etiam</strong></span> <span class='ocrx_word' id='word_1_237' title='bbox 1738 3449 1842 3515; x_wconf 67' lang='lat' dir='ltr'><strong>W„</strong></span> <span class='ocrx_word' id='word_1_238' title='bbox 1892 3451 2255 3519; x_wconf 87' lang='lat' dir='ltr'><strong>pessumdata</strong></span> <span class='ocrx_word' id='word_1_239' title='bbox 2300 3453 2570 3506; x_wconf 84' lang='lat' dir='ltr'><strong>orationis</strong></span> <span class='ocrx_word' id='word_1_240' title='bbox 2605 3449 2822 3520; x_wconf 84' lang='lat' dir='ltr'><strong>figura),</strong></span> 
     </span>
     <span class='ocr_line' id='line_1_28' title="bbox 663 3533 2835 3605; baseline 0.002 -19"><span class='ocrx_word' id='word_1_241' title='bbox 663 3533 697 3586; x_wconf 86' lang='grc'>8</span> <span class='ocrx_word' id='word_1_242' title='bbox 745 3534 875 3587; x_wconf 88' lang='lat' dir='ltr'><strong>iam</strong></span> <span class='ocrx_word' id='word_1_243' title='bbox 922 3534 1082 3600; x_wconf 88' lang='lat' dir='ltr'><strong>(om.,</strong></span> <span class='ocrx_word' id='word_1_244' title='bbox 1133 3535 1302 3587; x_wconf 88' lang='lat' dir='ltr'><strong>etiam</strong></span> <span class='ocrx_word' id='word_1_245' title='bbox 1346 3533 1470 3600; x_wconf 84' lang='lat' dir='ltr'><strong>W.),</strong></span> <span class='ocrx_word' id='word_1_246' title='bbox 1524 3537 1586 3588; x_wconf 87' lang='lat'><strong>18</strong></span> <span class='ocrx_word' id='word_1_247' title='bbox 1632 3534 1925 3587; x_wconf 81' lang='lat' dir='ltr'><strong>fortunae</strong></span> <span class='ocrx_word' id='word_1_248' title='bbox 1965 3534 2170 3601; x_wconf 84' lang='lat' dir='ltr'><strong>(fore).</strong></span> <span class='ocrx_word' id='word_1_249' title='bbox 2260 3537 2375 3590; x_wconf 88' lang='lat' dir='ltr'><strong>Nec</strong></span> <span class='ocrx_word' id='word_1_250' title='bbox 2413 3537 2637 3604; x_wconf 87' lang='lat' dir='ltr'><strong>dubito,</strong></span> <span class='ocrx_word' id='word_1_251' title='bbox 2694 3538 2835 3605; x_wconf 77' lang='lat' dir='ltr'><strong>quin</strong></span> 
     </span>
     <span class='ocr_line' id='line_1_29' title="bbox 658 3618 2831 3690; baseline 0.001 -20"><span class='ocrx_word' id='word_1_252' title='bbox 658 3619 825 3671; x_wconf 90' lang='lat' dir='ltr'><strong>etiam</strong></span> <span class='ocrx_word' id='word_1_253' title='bbox 872 3635 948 3671; x_wconf 91' lang='lat' dir='ltr'><strong>ac</strong></span> <span class='ocrx_word' id='word_1_254' title='bbox 995 3619 1387 3686; x_wconf 84' lang='lat' dir='ltr'><strong>dignitatis</strong></span> <span class='ocrx_word' id='word_1_255' title='bbox 1425 3618 1687 3672; x_wconf 88' lang='lat' dir='ltr'><strong>Gelenius</strong></span> <span class='ocrx_word' id='word_1_256' title='bbox 1726 3618 1962 3688; x_wconf 84' lang='lat' dir='ltr'><strong>(„lege“)</strong></span> <span class='ocrx_word' id='word_1_257' title='bbox 2003 3637 2070 3672; x_wconf 85' lang='lat' dir='ltr'><strong>ex</strong></span> <span class='ocrx_word' id='word_1_258' title='bbox 2107 3622 2166 3673; x_wconf 91' lang='lat' dir='ltr'><strong>M</strong></span> <span class='ocrx_word' id='word_1_259' title='bbox 2203 3623 2516 3690; x_wconf 87' lang='lat' dir='ltr'><strong>scripserit,</strong></span> <span class='ocrx_word' id='word_1_260' title='bbox 2572 3628 2831 3675; x_wconf 87' lang='lat' dir='ltr'><strong>correcto</strong></span> 
     </span>
     <span class='ocr_line' id='line_1_30' title="bbox 656 3701 2824 3773; baseline 0.001 -18"><span class='ocrx_word' id='word_1_261' title='bbox 656 3701 955 3756; x_wconf 87' lang='lat' dir='ltr'><strong>Carbachii</strong></span> <span class='ocrx_word' id='word_1_262' title='bbox 1011 3720 1211 3756; x_wconf 87' lang='lat' dir='ltr'><strong>errore.</strong></span> <span class='ocrx_word' id='word_1_263' title='bbox 1302 3703 1372 3756; x_wconf 92' lang='lat' dir='ltr'><strong>In</strong></span> <span class='ocrx_word' id='word_1_264' title='bbox 1428 3704 1556 3756; x_wconf 90' lang='lat' dir='ltr'><strong>libri</strong></span> <span class='ocrx_word' id='word_1_265' title='bbox 1601 3704 1805 3757; x_wconf 84' lang='lat' dir='ltr'>XXXV</span> <span class='ocrx_word' id='word_1_266' title='bbox 1851 3721 1969 3773; x_wconf 90' lang='lat' dir='ltr'><strong>cap.</strong></span> <span class='ocrx_word' id='word_1_267' title='bbox 2018 3707 2084 3759; x_wconf 87' lang='lat'><strong>26</strong></span> <span class='ocrx_word' id='word_1_268' title='bbox 2139 3707 2262 3760; x_wconf 83' lang='lat' dir='ltr'><strong>baec</strong></span> <span class='ocrx_word' id='word_1_269' title='bbox 2314 3725 2344 3761; x_wconf 89' lang='lat' dir='ltr'><strong>e</strong></span> <span class='ocrx_word' id='word_1_270' title='bbox 2395 3707 2519 3760; x_wconf 89' lang='lat' dir='ltr'><strong>solo</strong></span> <span class='ocrx_word' id='word_1_271' title='bbox 2564 3707 2624 3760; x_wconf 91' lang='lat' dir='ltr'>M</span> <span class='ocrx_word' id='word_1_272' title='bbox 2668 3711 2824 3761; x_wconf 87' lang='lat' dir='ltr'><strong>sunt:</strong></span> 
     </span>
     <span class='ocr_line' id='line_1_31' title="bbox 664 3786 2829 3857; baseline 0.003 -19"><span class='ocrx_word' id='word_1_273' title='bbox 664 3790 687 3838; x_wconf 95' lang='lat'>1</span> <span class='ocrx_word' id='word_1_274' title='bbox 728 3789 1136 3855; x_wconf 90' lang='lat' dir='ltr'><strong>pristesque</strong></span> <span class='ocrx_word' id='word_1_275' title='bbox 1175 3786 1331 3852; x_wconf 89' lang='lat' dir='ltr'><strong>(tris</strong></span> <span class='ocrx_word' id='word_1_276' title='bbox 1382 3788 1573 3857; x_wconf 89' lang='lat' dir='ltr'><strong>isque</strong></span> <span class='ocrx_word' id='word_1_277' title='bbox 1625 3793 1682 3841; x_wconf 93' lang='lat' dir='ltr'><strong>et</strong></span> <span class='ocrx_word' id='word_1_278' title='bbox 1718 3789 1963 3854; x_wconf 83' lang='lat' dir='ltr'><strong>similia),</strong></span> <span class='ocrx_word' id='word_1_279' title='bbox 2012 3793 2043 3841; x_wconf 82' lang='lat'><strong>2</strong></span> <span class='ocrx_word' id='word_1_280' title='bbox 2078 3790 2310 3844; x_wconf 86' lang='lat' dir='ltr'><strong>harum</strong></span> <span class='ocrx_word' id='word_1_281' title='bbox 2349 3808 2679 3844; x_wconf 88' lang='lat' dir='ltr'><strong>novarum</strong></span> <span class='ocrx_word' id='word_1_282' title='bbox 2716 3809 2829 3846; x_wconf 89' lang='lat' dir='ltr'><strong>na·</strong></span> 
     </span>
     <span class='ocr_line' id='line_1_32' title="bbox 655 3868 2826 3940; baseline 0.003 -17"><span class='ocrx_word' id='word_1_283' title='bbox 655 3868 836 3924; x_wconf 86' lang='lat' dir='ltr'><strong>vium</strong></span> <span class='ocrx_word' id='word_1_284' title='bbox 899 3900 967 3910; x_wconf 92' lang='lat'><em>-</em></span> <span class='ocrx_word' id='word_1_285' title='bbox 1034 3877 1111 3923; x_wconf 90' lang='lat' dir='ltr'><strong>ut</strong></span> <span class='ocrx_word' id='word_1_286' title='bbox 1175 3872 1437 3935; x_wconf 89' lang='lat' dir='ltr'><strong>(harum</strong></span> <span class='ocrx_word' id='word_1_287' title='bbox 1500 3877 1568 3926; x_wconf 86' lang='lat' dir='ltr'><strong>ut</strong></span> <span class='ocrx_word' id='word_1_288' title='bbox 1635 3890 1963 3927; x_wconf 89' lang='lat' dir='ltr'><strong>novarum</strong></span> <span class='ocrx_word' id='word_1_289' title='bbox 2027 3875 2218 3940; x_wconf 91' lang='lat' dir='ltr'><strong>tum),</strong></span> <span class='ocrx_word' id='word_1_290' title='bbox 2295 3876 2409 3929; x_wconf 88' lang='lat' dir='ltr'><strong>ibd.</strong></span> <span class='ocrx_word' id='word_1_291' title='bbox 2476 3877 2683 3929; x_wconf 87' lang='lat' dir='ltr'><strong>simul</strong></span> <span class='ocrx_word' id='word_1_292' title='bbox 2750 3880 2826 3929; x_wconf 87' lang='lat' dir='ltr'><strong>ut</strong></span> 
     </span>
     <span class='ocr_line' id='line_1_33' title="bbox 654 3955 2832 4029; baseline 0.003 -21"><span class='ocrx_word' id='word_1_293' title='bbox 654 3955 930 4022; x_wconf 86' lang='lat' dir='ltr'><strong>(simul),</strong></span> <span class='ocrx_word' id='word_1_294' title='bbox 981 3955 1092 4008; x_wconf 89' lang='lat' dir='ltr'><strong>ibd.</strong></span> <span class='ocrx_word' id='word_1_295' title='bbox 1134 3957 1524 4010; x_wconf 86' lang='lat' dir='ltr'><strong>simulacris</strong></span> <span class='ocrx_word' id='word_1_296' title='bbox 1571 3957 1795 4022; x_wconf 89' lang='lat' dir='ltr'><strong>(simul</strong></span> <span class='ocrx_word' id='word_1_297' title='bbox 1832 3959 2215 4026; x_wconf 86' lang='lat' dir='ltr'><strong>Achaeis!!),</strong></span> <span class='ocrx_word' id='word_1_298' title='bbox 2266 3964 2297 4014; x_wconf 88' lang='lat'><strong>3</strong></span> <span class='ocrx_word' id='word_1_299' title='bbox 2335 3962 2443 4013; x_wconf 93' lang='lat' dir='ltr'><strong>vel</strong></span> <span class='ocrx_word' id='word_1_300' title='bbox 2481 3979 2607 4014; x_wconf 90' lang='lat' dir='ltr'><strong>usu</strong></span> <span class='ocrx_word' id='word_1_301' title='bbox 2644 3961 2832 4029; x_wconf 75' lang='lat' dir='ltr'><strong>(usu),</strong></span> 
     </span>
     <span class='ocr_line' id='line_1_34' title="bbox 655 4038 2827 4111; baseline 0.003 -19"><span class='ocrx_word' id='word_1_302' title='bbox 655 4042 687 4092; x_wconf 88' lang='lat'>5</span> <span class='ocrx_word' id='word_1_303' title='bbox 731 4040 1039 4108; x_wconf 86' lang='lat' dir='ltr'><strong>ignarus.</strong></span> <span class='ocrx_word' id='word_1_304' title='bbox 1141 4038 1353 4094; x_wconf 88' lang='lat' dir='ltr'><strong>Navis</strong></span> <span class='ocrx_word' id='word_1_305' title='bbox 1410 4047 1563 4096; x_wconf 88' lang='lat' dir='ltr'><strong>erat</strong></span> <span class='ocrx_word' id='word_1_306' title='bbox 1619 4041 1801 4109; x_wconf 88' lang='lat' dir='ltr'><strong>(om.),</strong></span> <span class='ocrx_word' id='word_1_307' title='bbox 1857 4044 1969 4096; x_wconf 91' lang='lat' dir='ltr'><strong>ibd.</strong></span> <span class='ocrx_word' id='word_1_308' title='bbox 2020 4044 2317 4098; x_wconf 78' lang='lat' dir='ltr'><strong>Nicaeam</strong></span> <span class='ocrx_word' id='word_1_309' title='bbox 2373 4046 2713 4111; x_wconf 86' lang='lat' dir='ltr'><strong>(Nicolam</strong></span> <span class='ocrx_word' id='word_1_310' title='bbox 2770 4052 2827 4099; x_wconf 90' lang='lat' dir='ltr'><strong>et</strong></span> 
     </span>
     <span class='ocr_line' id='line_1_35' title="bbox 655 4123 2827 4199; baseline 0.005 -24"><span class='ocrx_word' id='word_1_311' title='bbox 655 4123 909 4190; x_wconf 86' lang='lat' dir='ltr'><strong>similia),</strong></span> <span class='ocrx_word' id='word_1_312' title='bbox 957 4126 989 4177; x_wconf 88' lang='lat'>6</span> <span class='ocrx_word' id='word_1_313' title='bbox 1027 4123 1252 4178; x_wconf 81' lang='lat' dir='ltr'><strong>suerat</strong></span> <span class='ocrx_word' id='word_1_314' title='bbox 1288 4128 1459 4180; x_wconf 89' lang='lat' dir='ltr'><strong>enim</strong></span> <span class='ocrx_word' id='word_1_315' title='bbox 1497 4126 1744 4194; x_wconf 86' lang='lat' dir='ltr'><strong>(fuerat</strong></span> <span class='ocrx_word' id='word_1_316' title='bbox 1779 4144 1915 4194; x_wconf 91' lang='lat' dir='ltr'><strong>om.,</strong></span> <span class='ocrx_word' id='word_1_317' title='bbox 1964 4129 2161 4181; x_wconf 83' lang='lat' dir='ltr'><strong>relicto</strong></span> <span class='ocrx_word' id='word_1_318' title='bbox 2198 4129 2256 4182; x_wconf 93' lang='lat' dir='ltr'><strong>in</strong></span> <span class='ocrx_word' id='word_1_319' title='bbox 2294 4131 2337 4182; x_wconf 89' lang='lat' dir='ltr'>B</span> <span class='ocrx_word' id='word_1_320' title='bbox 2376 4133 2577 4199; x_wconf 85' lang='lat' dir='ltr'><strong>spati0,</strong></span> <span class='ocrx_word' id='word_1_321' title='bbox 2634 4133 2827 4185; x_wconf 82' lang='lat' dir='ltr'><strong>addito</strong></span> 
     </span>
     <span class='ocr_line' id='line_1_36' title="bbox 654 4207 2813 4281; baseline 0.005 -21"><span class='ocrx_word' id='word_1_322' title='bbox 654 4207 764 4260; x_wconf 87' lang='lat' dir='ltr'><strong>alio</strong></span> <span class='ocrx_word' id='word_1_323' title='bbox 816 4208 875 4261; x_wconf 88' lang='lat' dir='ltr'><strong>in</strong></span> <span class='ocrx_word' id='word_1_324' title='bbox 913 4210 1239 4278; x_wconf 81' lang='lat' dir='ltr'><strong>vulgaribus</strong></span> <span class='ocrx_word' id='word_1_325' title='bbox 1279 4211 1500 4279; x_wconf 88' lang='lat' dir='ltr'><strong>errore),</strong></span> <span class='ocrx_word' id='word_1_326' title='bbox 1539 4214 1571 4265; x_wconf 88' lang='lat'>9</span> <span class='ocrx_word' id='word_1_327' title='bbox 1613 4213 2098 4281; x_wconf 87' lang='lat' dir='ltr'><strong>speculatoria</strong></span> <span class='ocrx_word' id='word_1_328' title='bbox 2139 4214 2584 4281; x_wconf 81' lang='lat' dir='ltr'><strong>(piscatoria).</strong></span> <span class='ocrx_word' id='word_1_329' title='bbox 2663 4216 2813 4270; x_wconf 84' lang='lat' dir='ltr'><strong>Prae-</strong></span> 
     </span>
     <span class='ocr_line' id='line_1_37' title="bbox 654 4291 2820 4365; baseline 0.004 -20"><span class='ocrx_word' id='word_1_330' title='bbox 654 4297 811 4345; x_wconf 87' lang='lat' dir='ltr'><strong>terea</strong></span> <span class='ocrx_word' id='word_1_331' title='bbox 864 4292 908 4344; x_wconf 89' lang='lat' dir='ltr'><strong>B</strong></span> <span class='ocrx_word' id='word_1_332' title='bbox 958 4291 990 4361; x_wconf 67' lang='grc' dir='ltr'><strong>ἓ</strong></span> <span class='ocrx_word' id='word_1_333' title='bbox 1036 4298 1069 4346; x_wconf 83' lang='lat'>4</span> <span class='ocrx_word' id='word_1_334' title='bbox 1119 4311 1225 4348; x_wconf 87' lang='lat' dir='ltr'><strong>om.</strong></span> <span class='ocrx_word' id='word_1_335' title='bbox 1267 4295 1489 4363; x_wconf 88' lang='lat' dir='ltr'><strong>Creta,</strong></span> <span class='ocrx_word' id='word_1_336' title='bbox 1543 4314 1722 4350; x_wconf 87' lang='lat' dir='ltr'><strong>vacuo</strong></span> <span class='ocrx_word' id='word_1_337' title='bbox 1782 4297 1964 4365; x_wconf 88' lang='lat' dir='ltr'><strong>spatio</strong></span> <span class='ocrx_word' id='word_1_338' title='bbox 2019 4297 2234 4350; x_wconf 79' lang='lat' dir='ltr'><strong>relicto,</strong></span> <span class='ocrx_word' id='word_1_339' title='bbox 2327 4299 2523 4354; x_wconf 84' lang='lat' dir='ltr'><strong>Tacite</strong></span> <span class='ocrx_word' id='word_1_340' title='bbox 2566 4301 2654 4353; x_wconf 89' lang='lat' dir='ltr'><strong>his</strong></span> <span class='ocrx_word' id='word_1_341' title='bbox 2702 4318 2820 4353; x_wconf 89' lang='lat' dir='ltr'><strong>om·</strong></span> 
     </span>
     <span class='ocr_line' id='line_1_38' title="bbox 653 4376 2821 4455; baseline 0.004 -27"><span class='ocrx_word' id='word_1_342' title='bbox 653 4376 820 4429; x_wconf 88' lang='lat' dir='ltr'><strong>nibus</strong></span> <span class='ocrx_word' id='word_1_343' title='bbox 867 4377 1005 4430; x_wconf 90' lang='lat' dir='ltr'><strong>locis</strong></span> <span class='ocrx_word' id='word_1_344' title='bbox 1049 4379 1415 4447; x_wconf 88' lang='lat' dir='ltr'><strong>Moguntinus</strong></span> <span class='ocrx_word' id='word_1_345' title='bbox 1463 4382 1763 4450; x_wconf 57' lang='lat' dir='ltr'><strong>probatum</strong></span> <span class='ocrx_word' id='word_1_346' title='bbox 1820 4381 1946 4436; x_wconf 87' lang='lat' dir='ltr'><strong>dein</strong></span> <span class='ocrx_word' id='word_1_347' title='bbox 1992 4384 2180 4435; x_wconf 90' lang='lat' dir='ltr'><strong>subito</strong></span> <span class='ocrx_word' id='word_1_348' title='bbox 2230 4384 2289 4436; x_wconf 92' lang='lat' dir='ltr'><strong>in</strong></span> <span class='ocrx_word' id='word_1_349' title='bbox 2334 4385 2591 4452; x_wconf 84' lang='lat' dir='ltr'><strong>proximo</strong></span> <span class='ocrx_word' id='word_1_350' title='bbox 2642 4386 2821 4455; x_wconf 85' lang='lat' dir='ltr'><strong>suspi-</strong></span> 
     </span>
     <span class='ocr_line' id='line_1_39' title="bbox 653 4461 1300 4518; baseline 0.005 -5"><span class='ocrx_word' id='word_1_351' title='bbox 653 4476 816 4514; x_wconf 86' lang='lat' dir='ltr'><strong>caces</strong></span> <span class='ocrx_word' id='word_1_352' title='bbox 850 4461 1105 4516; x_wconf 88' lang='lat' dir='ltr'><strong>homines</strong></span> <span class='ocrx_word' id='word_1_353' title='bbox 1141 4462 1300 4518; x_wconf 86' lang='lat' dir='ltr'><strong>fiunt.</strong></span> 
     </span>
    </p>
   </div>
  </div>
 </body>
</html>
