3230 5282
1427 638 1550 700 685
2282 650 2409 705 Lib.
2439 649 2637 706 mv.

353 819 670 892 subibant.
761 823 955 905 (Tum
997 830 1173 889 recte
1218 822 1479 906 Lipsius
1524 830 1591 889 et
1635 822 2049 889 Perizonius:
2111 831 2188 889 et
2243 825 2324 888 in
2368 823 2638 889 fronte

356 932 690 995 extremi
733 938 815 996 et
861 953 952 997 ex
997 930 1458 1011 lateribus.)

514 1038 667 1123 Cap.
722 1044 818 1119 11,
867 1045 903 1106 9
972 1039 1081 1124 (de
1149 1038 1570 1105 cassandreae
1646 1041 2193 1124 oppugnatione):
2273 1039 2439 1106 Hoc
2506 1040 2637 1106 ubi

348 1146 802 1230 perfectum
845 1170 1023 1214 esse
1069 1169 1267 1232 opus
1312 1147 1723 1213 militibus
1767 1149 2229 1214 nuntiatum
2276 1155 2435 1228 est,
2484 1147 2637 1214 cla-

350 1276 634 1321 morem
678 1256 1001 1322 alacres
1047 1256 1343 1339 gaudio
1387 1263 1724 1340 repente
1770 1257 2109 1335 tollunt,
2158 1256 2352 1321 aliis
2398 1266 2637 1340 parte

350 1362 512 1430 alia
577 1366 658 1429 in
724 1364 1000 1431 urbem
1066 1366 1541 1449 irrupturis.
1628 1364 1776 1430 Non
1832 1364 2026 1445 alios,
2085 1365 2346 1449 opinor,
2412 1368 2633 1432 nescio

346 1491 524 1554 quos,
569 1473 687 1538 sed
733 1495 801 1539 se
846 1474 1028 1558 ipsos
1073 1474 1441 1566 irrupturos
1484 1473 1829 1557 putabant.
1876 1472 2098 1541 Codex
2130 1475 2392 1539 vitiose:
2441 1474 2634 1540 aliis

345 1580 872 1665 inrupturum.
963 1580 1231 1666 opinor,
1275 1582 1529 1647 Livium
1574 1583 1945 1666 scripsisse:
1993 1582 2316 1663 tollunt,
2363 1588 2439 1645 ut
2483 1581 2633 1649 alii

346 1696 574 1772 parte
643 1690 808 1756 alia
871 1693 950 1755 in
1014 1691 1292 1755 urbem
1354 1691 1791 1774 irrupturi.
1882 1690 2049 1756 Nam
2115 1690 2441 1775 particula
2496 1691 2634 1775 opi·

343 1798 551 1865 nionis
599 1798 774 1884 (quse
819 1807 1055 1865 eventu
1100 1797 1344 1879 carnit)
1404 1800 1600 1864 index
1644 1801 1752 1863 vix
1806 1801 2033 1865 abesse
2078 1805 2325 1884 potest,
2382 1800 2449 1865 in
2495 1800 2631 1865 vul·

341 1914 490 1990 gata
556 1909 823 1991 quidem
890 1911 1216 1992 scriptura
1281 1908 1462 1974 nullo
1527 1908 1743 1974 modo.
1835 1908 2026 1991 [Alii
2089 1909 2631 1991 —irrupturi

338 2016 465 2080 iam
509 2015 998 2100 Gronovius.]¹)

507 2124 673 2209 Cap.
725 2129 822 2205 13,
870 2131 938 2189 7:
1005 2125 1490 2208 Euphranor
1544 2124 1797 2207 (Persei
1845 2125 2024 2206 dux),
2073 2124 2349 2190 soluta
2390 2125 2628 2190 unius

340 2233 565 2299 urbis
615 2232 1009 2316 (Meliboeae)
1056 2233 1518 2312 obsidione,
1564 2233 2165 2299 Demetriadem
2225 2234 2627 2317 extemplo

340 2339 590 2422 ducit3
640 2363 780 2408 nec
824 2349 986 2407 tum
1029 2343 1343 2408 moenia
1387 2341 1645 2422 mod0,
1691 2341 1827 2407 sed
1876 2364 2109 2426 agros
2154 2343 2400 2408 etiam
2444 2363 2630 2408 con-

337 2447 705 2516 fiderunt
760 2471 844 2516 se
899 2471 939 2516 a
993 2449 1685 2535 populationibus
1749 2452 1963 2516 tueri
2027 2472 2292 2534 posse.
2384 2451 2630 2517 Praeter

337 2556 693 2625 barbarum
757 2559 925 2625 illud
991 2558 1518 2626 confiderunt
1585 2560 1785 2626 etiam
1842 2560 2183 2625 sententies
2238 2580 2367 2625 non
2422 2559 2629 2626 cohae-

338 2676 554 2734 rentes
601 2675 669 2734 et
731 2668 1061 2753 particula
1124 2675 1288 2734 tum
1353 2668 1601 2734 mendi·
1638 2668 1952 2734 indicium
2018 2668 2286 2734 faciunt.
2378 2667 2626 2735 Codex:

339 2774 565 2842 ducit
632 2778 1200 2843 noctemuenia
1253 2776 1481 2842 modo
1538 2784 1660 2842 cet.
1751 2775 1999 2842 Locum
2041 2775 2420 2842 lacunosum
2466 2798 2632 2856 esse,

340 2884 515 2967 quod
560 2885 790 2970 aliqua
824 2906 902 2950 ex
939 2892 1128 2968 parte
1160 2884 1733 2951 Weissenbornius
1770 2885 2141 2966 suspicatus
2180 2891 2342 2964 erat,
2388 2884 2440 2948 F
2446 2884 2633 2950 orch-

338 2992 633 3059 hammer
697 2994 1021 3059 intellexit
1084 2995 1358 3076 eiusque
1423 2993 1578 3057 olim
1649 2991 1816 3056 hanc
1879 2990 2016 3056 fere
2079 2990 2281 3057 fuisse
2325 2992 2631 3058 formam:

336 3099 933 3168 Demetriadem
1002 3100 1400 3185 extemplo
1471 3101 1718 3165 ducit.
1820 3100 2071 3166 Nocte
2129 3100 2446 3165 moenia
2510 3101 2631 3165 in·

340 3214 530 3289 trat,
602 3216 1080 3293 tantamque
1147 3210 1531 3276 fiduciam
1577 3207 1828 3291 (tantos
1876 3207 2196 3289 animos?)
2261 3208 2633 3274 incolen-

337 3316 556 3383 tibus
613 3315 839 3398 fecit,
894 3325 979 3384 ut
1035 3340 1188 3385 non
1231 3319 1543 3384 moenia
1585 3315 1848 3395 modo,
1908 3316 2047 3382 sed
2092 3336 2329 3398 agros
2388 3318 2634 3382 etiam

336 3425 843 3489 confiderent
908 3448 988 3492 se
1057 3446 1097 3491 a
1142 3425 1821 3511 populationibus
1876 3426 2096 3489 tueri
2152 3445 2413 3509 posse.
2502 3425 2634 3510 Ap·

335 3540 524 3616 paret
571 3535 812 3600 erroris
858 3555 1060 3600 causa
1101 3535 1167 3599 in
1213 3535 1537 3600 moenium
1580 3532 1904 3598 vocabulo
1948 3532 2051 3597 bis
2095 3535 2334 3616 posito.
2424 3535 2631 3600 Nocte

338 3640 570 3707 urbem
614 3641 1005 3725 Euphranor
1047 3644 1319 3709 intravit
1337 3695 1351 3723 ,
1418 3650 1492 3707 ut
1558 3642 1889 3707 Romanos
1934 3640 2311 3707 obsidentes
2355 3641 2631 3708 falleret.

337 3745 472 3814 Sub
540 3748 736 3815 finem
804 3753 1038 3835 capitis
1107 3751 1169 3835 (ἐ
1243 3750 1348 3832 12)
1415 3748 1752 3815 scribitur:
1840 3747 1948 3813 De
2028 3748 2378 3815 Eumene
2446 3771 2632 3833 rege

335 3853 573 3942 longe
639 3857 964 3927 diversa
1030 3860 1392 3925 tradunt.
1480 3856 1907 3923 Desideratur
1952 3856 2351 3938 subiectum3
2418 3880 2632 3942 neque

384 4162 436 4228 ¹)
472 4160 528 4232 [ᾗ
567 4166 601 4217 5
634 4165 780 4220 mira
814 4165 967 4235 apud
998 4164 1220 4221 Livium
1254 4164 1639 4233 inaequalitate
1675 4164 1945 4219 scribitur
1989 4163 2070 4217 ad
2124 4161 2408 4217 eandem
2446 4180 2624 4218 cras-

471 4248 880 4320 situdinem,
922 4268 1052 4320 qua
1087 4256 1393 4306 veterem
1428 4268 1721 4319 murum,
1760 4266 1891 4303 nam
1928 4248 2078 4318 apud
2111 4245 2366 4301 Tacitum
2401 4247 2633 4303 ferenda

469 4332 712 4389 fortasse
766 4341 938 4403 esset3
993 4354 1329 4406 quamquam
1378 4337 1528 4407 apud
1575 4353 1702 4391 eum
1739 4351 1963 4404 quoque
1999 4333 2318 4403 suspicarer
2354 4333 2548 4387 addito
2588 4350 2631 4386 m

470 4419 826 4474 notissimam
863 4422 1133 4475 orationis
1171 4421 1409 4476 formam
1443 4420 1846 4475 restituendam
1882 4436 2022 4488 esse,
2077 4418 2148 4472 de
2194 4435 2304 4487 qus
2352 4419 2467 4474 dixi
2501 4426 2635 4489 post

433 4552 440 4559 .
470 4504 614 4559 alios
650 4506 903 4561 breviter
937 4505 1009 4560 ad
1045 4504 1157 4560 Cic.
1193 4505 1320 4560 Fin.
1360 4506 1405 4574 1,
1443 4507 1515 4560 49
1545 4522 1599 4575 p.
1637 4507 1705 4560 9⁷
1744 4503 1857 4572 (Gr.
1888 4502 2013 4558 Lat.
2048 4502 2081 4572 ξ
2116 4504 2217 4558 323
2252 4522 2307 4558 n.
2354 4505 2418 4571 1).
2461 4503 2633 4573 1864]
