3230 5282
1506 603 1631 663 467
2359 618 2482 673 Lib.
2521 619 2717 680 xxxl,

414 782 687 848 habenti
745 783 827 847 ad
891 783 1335 849 aberrandum
1394 786 1893 869 ambiguitatem
1938 787 2350 870 apertissime
2395 810 2720 873 repugna-

412 889 558 969 bat,
625 898 847 956 tamen
902 892 1086 956 nullo
1145 898 1416 957 externo
1475 893 1723 958 indicio
1781 896 2049 977 coargui
2093 901 2391 978 poterat,
2460 898 2722 963 etiamsi

414 998 561 1082 quis
619 999 1029 1064 attendisset.
1144 997 1301 1075 Quis
1363 1000 1532 1063 enim
1579 1002 1818 1077 nescit,
1887 1002 2376 1067 lassitudini
2435 1005 2716 1071 timere

411 1105 590 1188 apud
635 1106 907 1172 Latinos
964 1127 1112 1171 eum
1168 1114 1428 1171 tantum
1485 1107 1615 1172 dici
1659 1130 1879 1196 posse,
1942 1110 2082 1192 qui,
2140 1129 2340 1193 quum
2384 1111 2721 1177 lassitudi-

411 1236 561 1279 nem
599 1216 975 1280 ‘conservari
1022 1215 1208 1291 velit,
1265 1216 1528 1294 timeat,
1587 1238 1669 1281 ne
1727 1217 1888 1300 quid
1935 1238 2013 1280 ea
2058 1216 2433 1282 detrimenti
2482 1221 2720 1302 capiat,

412 1323 591 1406 quod
638 1330 771 1387 tam
818 1322 1167 1387 ridiculum
1216 1330 1335 1402 est,
1379 1331 1453 1388 ut
1487 1322 1650 1387 nihil
1687 1344 1830 1389 esse
1864 1325 2071 1407 magis
2107 1325 2409 1407 possit.¹)
2479 1324 2720 1390 Verum

408 1431 476 1495 in
522 1428 575 1492 B
623 1431 895 1495 timuit
944 1453 1023 1510 „a
1066 1449 1263 1495 manu
1322 1429 1609 1495 secunda
1664 1431 1838 1497 inter
1898 1452 2124 1496 versus
2171 1438 2275 1496 est
2321 1432 2714 1497 adiectum“.

410 1538 720 1603 Notanda
786 1539 991 1621 igitur
1056 1539 1298 1603 lacuna
1364 1546 1487 1603 est.
1611 1538 1836 1605 Livius
1904 1546 2122 1604 utrum
2189 1540 2561 1623 pepercit
2628 1561 2713 1606 an

410 1645 590 1710 aliud
639 1646 997 1730 scripserit,
1046 1647 1199 1711 sciri
1245 1646 1565 1727 nequit.²)

582 1751 739 1837 Cap.
788 1758 903 1832 27,
963 1758 1028 1817 5:
1105 1754 1251 1817 Hic
1306 1761 1563 1819 metus
1610 1752 2092 1820 Codrionem
2139 1790 2255 1834 —,
2314 1756 2484 1818 sine
2543 1775 2716 1819 cer-

408 1864 714 1927 tamine
783 1869 868 1926 ut
926 1861 1367 1926 dederetur
1423 1862 1838 1941 Romanis,
1907 1861 2208 1927 effecit.
2319 1860 2716 1927 Huiusmodi

410 1972 839 2034 attractione:
911 1969 1428 2048 Codrionem,
1496 1976 1585 2032 ut
1641 1968 2019 2047 dedatur,
2089 1968 2405 2049 efficio,
2473 1972 2537 2034 in
2596 1969 2716 2034 tali

405 2078 605 2142 verbo
674 2084 739 2141 et
805 2076 930 2141 hoc
997 2076 1344 2140 verborum
1417 2075 1646 2140 ordine
1715 2096 1928 2157 neque
1986 2076 2208 2141 Livius
2267 2097 2478 2161 neque
2537 2077 2711 2159 quis-

408 2206 603 2267 quam
658 2184 868 2248 bonus
925 2186 1208 2268 scriptor
1253 2205 1409 2249 usus
1459 2190 1578 2247 est.
1681 2183 1896 2266 Ignoti
1944 2185 2226 2248 nominis
2273 2185 2711 2249 nominativus

409 2293 666 2375 positus
715 2299 872 2355 erat.
966 2291 1211 2372 (1863.)

580 2397 735 2482 Cap.
784 2405 883 2477 29,
932 2403 967 2459 3
1016 2398 1364 2462 videndum
1408 2421 1487 2461 ne
1534 2399 1882 2481 geminatis
1929 2398 2184 2463 duabus
2230 2399 2468 2463 litteris
2517 2397 2717 2463 scribi

407 2506 647 2570 debeat
694 2491 825 2590 q'ui
871 2506 946 2567 ln
994 2505 1220 2570 nulla
1265 2527 1467 2569 nova
1508 2526 1588 2570 re
1625 2512 1778 2584 cet.;
1826 2505 1939 2569 cfr.
1964 2505 2159 2585 XXV,
2206 2510 2299 2584 19,
2344 2510 2440 2583 15,
2478 2504 2714 2582 XXIX,

407 2620 477 2693 6,
543 2620 636 2677 11.
719 2613 962 2693 (1863.)
1065 2609 1220 2696 Cap.
1271 2617 1381 2690 36,
1457 2617 1491 2675 7
1551 2614 1613 2676 in
1675 2612 1776 2678 his
1824 2613 2071 2678 verbis:
2142 2620 2232 2678 ut
2299 2619 2713 2677 cresceret

405 2722 641 2785 simul
713 2727 790 2786 et
854 2720 1382 2802 neglegentia
1439 2743 1602 2784 cum
1662 2722 2014 2785 audacia
2066 2721 2297 2785 hosti
2354 2727 2533 2784 recte
2590 2719 2714 2783 Us-

404 2831 649 2910 singius
710 2827 868 2911 [quo
932 2828 1061 2890 iam
1120 2827 1551 2891 inclinaverat
1597 2828 1933 2909 Dukerus]
1993 2835 2068 2892 et
2123 2828 2266 2892 tolli
2312 2828 2484 2907 vult3
2549 2826 2712 2891 alio-

404 2938 562 3019 quin
649 2935 1051 2999 scriberetur
1131 2934 1366 2999 simul
1449 2941 1526 2998 et
1605 2935 2132 3018 neglegentia
2199 2941 2277 2997 et
2348 2933 2707 2997 audacia.

404 3042 651 3123 (1863.)
757 3041 913 3125 Cap.
964 3046 1074 3119 37,
1137 3046 1172 3102 7
1221 3048 1324 3106 ut'
1365 3043 1625 3124 primo
1685 3063 1803 3124 pro
1850 3050 1933 3105 ut
1981 3043 2317 3125 primum
2369 3040 2711 3106 Livianum

402 3170 529 3213 non
577 3150 864 3227 videtum
910 3148 1117 3213 fuitne
1168 3156 1254 3214 ut
1300 3150 1558 3231 prima
1604 3151 1841 3231 signa
1891 3169 2204 3211 suorum
2242 3154 2409 3211 cet?
2458 3145 2705 3229 (1863.)

575 3255 731 3339 Cap.
781 3262 890 3335 40,
946 3262 1003 3317 4.
1104 3256 1386 3319 Parvum
1434 3263 1559 3335 est,
1621 3255 2071 3320 adnotandum
2119 3262 2372 3333 tamen,
2430 3254 2594 3318 Livii
2641 3260 2706 3318 et
2741 3267 2883 3336 (372)

402 3365 684 3427 omnium
758 3363 1297 3426 consuetudinem
1367 3363 1738 3446 postulare,
1805 3369 1880 3426 ut
1938 3363 2030 3425 sic
2088 3360 2442 3426 scribatur:
2526 3360 2709 3441 Ser·-

398 3473 600 3535 vitia
651 3469 837 3534 inde
890 3492 1057 3534 cum
1109 3479 1382 3534 cetera
1419 3471 1685 3554 praeda
1724 3469 2093 3549 abduxit3
2127 3466 2398 3533 libera
2434 3469 2711 3552 capita

401 3582 574 3643 sine
656 3579 922 3662 pretio
1008 3578 1320 3642 dimisit
1390 3577 1484 3660 (in
1557 3576 1989 3661 significanda
2057 3575 2394 3640 contraria
2457 3579 2707 3639 tracta-

397 3688 639 3768 tione);
711 3686 899 3769 vulgo
962 3684 1229 3749 additur
1287 3693 1364 3750 et
1423 3693 1575 3769 post
1620 3685 1998 3763 abduxit,
2067 3690 2280 3749 ortum
2328 3704 2406 3747 ex
2451 3681 2709 3746 duabus

390 3795 744 3880 postremis
791 3792 971 3856 verbi
1016 3792 1347 3874 litteris.⁸)
1448 3792 1655 3857 Paulo
1702 3792 1935 3870 maius,
1995 3790 2172 3872 quod
2218 3789 2447 3854 eodem
2491 3789 2707 3872 capite

454 4030 505 4092 ¹)
544 4028 746 4094 Video,
799 4028 1317 4083 Weissenbornium
1366 4046 1655 4083 enarrare:
1713 4029 1961 4080 timere
2019 4026 2373 4078 militibus
2418 4029 2709 4094 propter

535 4112 1046 4166 lassitudinem.
1140 4112 1405 4181 Fingitur
1465 4112 1572 4166 hoc
1623 4117 1835 4175 totum;
1892 4116 1948 4163 et
1992 4115 2182 4164 tamen
2232 4110 2542 4179 imperator
2587 4107 2702 4163 Ro·

532 4215 732 4250 manus
769 4215 883 4250 non
920 4199 1217 4251 timebat
1251 4196 1626 4250 militibus.

450 4282 503 4346 ¹)
542 4283 621 4334 De
660 4283 690 4349 ξ
729 4286 761 4334 5
798 4282 1011 4335 dictum
1050 4289 1136 4336 est
1171 4299 1337 4350 supra
1372 4300 1425 4350 p.
1463 4284 1564 4335 265
1598 4281 1653 4334 h.
1694 4281 1778 4334 ed.

454 4365 502 4432 ⁸)
541 4366 750 4420 Contra
797 4386 843 4420 c.
881 4371 975 4433 44,
1018 4371 1052 4420 4
1091 4374 1161 4420 et
1204 4373 1334 4434 post
1382 4383 1408 4417 e
1445 4366 1768 4420 addendum
1836 4368 1926 4431 (ut
1973 4365 2294 4433 Philippi
2341 4368 2592 4418 statuae
2638 4368 2709 4416 et

535 4451 875 4519 imagines
917 4453 1186 4517 omnes).

2142 4551 2241 4604 30*
