3230 5282
1416 610 1531 670 181
2340 621 2464 675 Lib.
2503 620 2626 677 Vn.

334 794 858 874 pendentibus
918 793 1437 858 accommodavit
1493 793 1797 857 animis.
1903 791 2303 876 [Debueram
2360 794 2628 859 Wesen-

333 901 614 985 bergium
681 900 1047 985 appellare,
1116 902 1184 965 in
1252 900 1526 965 eandem
1596 902 1988 965 sententiam
2048 900 2349 984 pluribus
2408 903 2628 986 dispu-

331 1014 568 1074 tantem
616 1010 697 1075 ad
746 1007 879 1074 Cic.
926 1009 1119 1074 Tusc.
1170 1009 1217 1087 I,
1267 1006 1472 1090 96.]1)

488 1115 643 1200 Cap.
694 1121 803 1197 35,
876 1122 912 1181 5
960 1125 1027 1182 et
1074 1122 1111 1180 6
1159 1116 1254 1199 (in
1300 1117 1370 1180 P.
1418 1117 1623 1195 Decii,
1670 1114 1920 1180 tribuni
1965 1116 2265 1195 militum,
2333 1120 2629 1184 oratione

331 1225 492 1307 apud
535 1225 781 1290 milites
826 1225 1035 1307 suos):
1084 1223 1267 1289 Cum
1314 1245 1400 1289 eo
1446 1224 1678 1288 hoste
1724 1245 1852 1287 res
1901 1229 2037 1301 est,
2083 1224 2215 1306 qui
2248 1224 2629 1291 hesterno

333 1332 445 1397 die
525 1331 860 1398 delendi
939 1334 1189 1398 omnis
1257 1332 1675 1397 exercitus
1742 1330 2085 1395 fortuna
2152 1352 2290 1413 per
2354 1344 2629 1399 socor-

332 1440 525 1506 diam
583 1463 780 1506 usus
825 1463 981 1506 non
1028 1442 1173 1521 sit3
1238 1439 1448 1504 hunc
1515 1446 1676 1503 tam
1745 1445 2286 1522 opportunum
2344 1440 2632 1506 collem

332 1549 862 1614 imminentem
910 1549 1171 1631 capiti
1216 1568 1354 1612 suo
1400 1568 1555 1611 non
1603 1553 1785 1612 ante
1829 1546 2133 1611 viderit
2179 1568 2408 1628 quam
2454 1569 2630 1632 cap-

330 1663 481 1720 tum
524 1679 568 1721 a
613 1656 881 1735 nobis3
947 1678 1089 1721 nos
1145 1662 1306 1719 tam
1353 1675 1660 1738 paucos
1708 1660 1834 1719 tot
1878 1642 2039 1739 ip'si
2082 1655 2447 1721 millibus
2492 1657 2631 1723 ho·

331 1765 614 1829 minum
669 1784 818 1828 nec
876 1785 1222 1828 ascensu
1279 1763 1701 1828 arcuerint
1755 1784 1900 1828 nec
1954 1769 2329 1828 tenentes
2373 1764 2633 1829 locum

332 1908 410 1917 —
471 1872 693 1936 vallo
776 1871 1502 1936 circumdederint.
1628 1870 1735 1936 Sic
1800 1870 1993 1951 vulgo
2063 1870 2291 1950 edunt,
2375 1873 2633 1938 codices

330 1979 508 2062 longe
555 1979 877 2064 plurimos
923 1986 1303 2062 sequenteS‚
1360 1979 1771 2062 Liviumque,
1828 2000 2027 2062 quum
2076 1999 2230 2042 casu
2276 1981 2436 2063 ipsi
2482 1982 2625 2065 plu·
2663 1997 2803 2064 (153)

329 2088 445 2152 rali
487 2110 767 2153 numero
815 2088 1166 2170 posuisset,
1226 2087 1310 2151 ad
1364 2087 1433 2151 id
1479 2087 1901 2151 arcuerint
1948 2122 2030 2131 --
2075 2088 2633 2154 circumdede-

330 2197 485 2261 rint
550 2195 1089 2260 accommodasse
1136 2200 1406 2278 putant‚
1477 2194 1654 2278 quod
1700 2193 1860 2257 mihi
1906 2195 2166 2278 quidem
2214 2196 2282 2259 in
2328 2195 2453 2260 hoc
2500 2204 2635 2261 tam

331 2304 630 2387 aequabih'
709 2304 1023 2368 orationis
1091 2324 1282 2367 cursu
1351 2324 1470 2386 per
1537 2323 1605 2366 se
1674 2323 1907 2384 parum
1973 2302 2313 2385 probabile
2379 2305 2635 2369 videtur

330 2417 667 2496 totumque
716 2432 792 2475 eo
840 2413 1182 2490 evertitur,
1251 2410 1427 2494 quod
1484 2417 1637 2494 post
1681 2411 1894 2493 ipsum
1942 2410 2637 2479 circumdederint

335 2522 652 2601 sequitur:
727 2519 966 2596 Quem
1030 2518 1436 2583 videntem
1505 2539 1593 2582 ac
1660 2518 2136 2599 vigilantem
2207 2518 2321 2583 sic
2377 2520 2635 2585 eluse—

331 2627 531 2709 ritis,
588 2627 946 2710 sopitum
993 2632 1324 2710 oportet
1364 2624 1707 2706 fallatis,
1758 2648 1837 2691 ex
1883 2648 2013 2710 quo
2062 2633 2343 2710 apparet
2385 2628 2637 2693 Livium

332 2736 599 2800 eandem
669 2735 953 2800 notionis
1012 2733 1288 2799 formam
1346 2736 1563 2799 animo
1623 2735 1989 2798 retinuisse.
2099 2735 2333 2817 Itaque
2394 2758 2428 2800 e
2473 2736 2523 2799 P
2571 2744 2638 2801 et

333 2842 692 2909 Klockiano
739 2843 1219 2907 restituendum
1265 2842 1627 2907 arcuerit
1661 2877 1749 2886 —-
1785 2843 2441 2924 circumdederit,
2497 2851 2638 2909 tum

331 2972 473 3016 vero
522 2953 667 3016 sine
714 2949 851 3015 ulla
895 2950 1304 3015 dubitatione
1353 2949 1790 3028 scribendum,
1838 2956 1911 3014 ut
1955 2971 1995 3014 a
2040 2950 2363 3015 Frobenio
2413 2950 2636 3034 (1531)

333 3059 412 3122 ad
477 3059 887 3124 Gronovium
964 3057 1213 3122 editum
1290 3063 1419 3134 est,
1496 3058 1697 3141 ipse,
1778 3064 2105 3122 mutatum
2172 3057 2256 3121 ab
2326 3060 2634 3123 oscitanti

330 3164 601 3232 librario
648 3166 733 3232 ob
780 3172 918 3230 tot.

495 3274 660 3358 Cap.
711 3279 822 3352 37,
879 3279 948 3337 4:
1018 3273 1300 3338 Tertia
1366 3294 1630 3356 pugna
1687 3272 1868 3355 (post
1923 3273 2200 3355 primam
2256 3273 2340 3337 M.
2393 3272 2636 3338 Valerii

332 3379 594 3447 Corvini
651 3383 738 3446 ad
795 3382 1086 3446 Gaurum
1142 3387 1459 3459 montem,
1530 3382 1811 3445 alteram
1867 3382 1941 3444 A.
1993 3379 2282 3444 Cornelii
2328 3380 2515 3446 Cossi
2571 3383 2638 3446 in

333 3488 624 3571 Samnio)
684 3490 781 3555 ad
851 3488 1324 3554 Suessulam
1393 3491 1816 3554 commissa
1883 3495 2031 3568 est,
2104 3510 2257 3571 qua
2311 3488 2640 3570 fugatus

333 3618 371 3660 a
433 3599 519 3662 M.
594 3597 923 3662 Valerio
996 3596 1473 3662 Samnitium
1541 3598 1984 3676 exercituS,
2069 3598 2276 3660 omni
2341 3597 2637 3663 robore

333 3705 785 3770 iuventutis
853 3705 1079 3770 domo
1148 3706 1446 3784 accito,
1514 3706 1955 3768 certamine
2025 3705 2311 3769 ultimo
2380 3706 2640 3770 fortu-

333 3834 499 3876 nam
560 3815 922 3897 experiri
980 3814 1298 3877 statuit.
1402 3813 1547 3876 Duo
1592 3812 1701 3876 hic
1750 3811 2105 3891 offendunt,
2161 3813 2440 3895 primum
2488 3835 2641 3878 con-

335 3940 560 3985 cursus
619 3921 1059 3986 ablativorum
1114 3920 1341 3985 similis
1388 3921 1917 4004 significationis;
1983 3942 2193 4003 neque
2263 3922 2432 3986 enim
2489 3944 2641 4004 pro-

390 4139 435 4204 ¹)
470 4140 558 4194 De
585 4159 630 4194 c.
658 4143 741 4206 32,
785 4142 846 4193 12
867 4141 1010 4194 nihil
1036 4141 1236 4205 dicam,
1275 4141 1556 4208 quoniam,
1595 4142 1749 4210 quod
1768 4141 2283 4195 manifestissimum
2310 4147 2412 4208 est,
2443 4141 2592 4194 mod
2609 4159 2641 4194 o

466 4232 604 4294 post
637 4225 1082 4280 factionibus
1119 4225 1435 4280 tollendum
1473 4243 1609 4292 esse,
1647 4228 1791 4281 male
1830 4245 1899 4281 ex
1935 4228 2221 4294 superiore
2247 4246 2413 4281 versu
2439 4228 2643 4295 repeti-

469 4315 611 4376 tum,
647 4312 819 4364 etiam
836 4312 1295 4366 Weissenbornio
1333 4317 1466 4380 post
1486 4311 1839 4378 Glareanum‚
1877 4318 2095 4366 tentata
2128 4313 2338 4367 frustra
2372 4314 2643 4381 interpre-

468 4397 713 4462 tatione,
760 4397 822 4449 in
865 4403 1114 4451 mentem
1148 4396 1318 4450 venit.
1391 4395 1668 4466 Perquam
1705 4398 1941 4451 ridicule
1976 4398 2147 4452 homo
2184 4399 2393 4452 virtute
2430 4414 2495 4450 ac
2531 4413 2642 4448 me-

471 4481 601 4534 ritis
634 4480 814 4536 fidens
849 4486 1084 4550 negaret
1120 4500 1177 4536 se
1217 4481 1397 4535 solis
1433 4481 1775 4536 factionibus
1811 4488 1925 4537 tres
1964 4484 2287 4538 consulatus
2324 4482 2605 4550 adeptum.
