<?xml version="1.0" encoding="UTF-8"?>
<!DOCTYPE html PUBLIC "-//W3C//DTD XHTML 1.0 Transitional//EN"
    "http://www.w3.org/TR/xhtml1/DTD/xhtml1-transitional.dtd">
<html xmlns="http://www.w3.org/1999/xhtml" xml:lang="en" lang="en">
 <head>
  <title>
</title>
<meta http-equiv="Content-Type" content="text/html;charset=utf-8" />
  <meta name='ocr-system' content='tesseract 3.04.00' />
  <meta name='ocr-capabilities' content='ocr_page ocr_carea ocr_par ocr_line ocrx_word'/>
</head>
<body>
  <div class='ocr_page' id='page_1' title='image "./emendationesliv03madvgoog_0452.png"; bbox 0 0 3230 5282; ppageno 0'>
   <div class='ocr_carea' id='block_1_1' title="bbox 502 624 1720 693">
    <p class='ocr_par' dir='ltr' id='par_1_1' title="bbox 502 624 1720 693">
     <span class='ocr_line' id='line_1_1' title="bbox 502 624 1720 693; baseline -0.006 -1"><span class='ocrx_word' id='word_1_1' title='bbox 502 639 627 693; x_wconf 88' lang='lat' dir='ltr'>Lib.</span> <span class='ocrx_word' id='word_1_2' title='bbox 666 638 836 691; x_wconf 85' lang='lat' dir='ltr'>XXX.</span> <span class='ocrx_word' id='word_1_3' title='bbox 1593 624 1720 685; x_wconf 85' lang='lat'>438</span> 
     </span>
    </p>
   </div>
   <div class='ocr_carea' id='block_1_2' title="bbox 505 807 2814 2505">
    <p class='ocr_par' dir='ltr' id='par_1_2' title="bbox 505 807 2814 2505">
     <span class='ocr_line' id='line_1_2' title="bbox 511 807 2813 890; baseline -0.001 -17"><span class='ocrx_word' id='word_1_4' title='bbox 511 808 619 890; x_wconf 85' lang='lat' dir='ltr'>(ex</span> <span class='ocrx_word' id='word_1_5' title='bbox 674 808 890 873; x_wconf 88' lang='lat' dir='ltr'>Ovidii</span> <span class='ocrx_word' id='word_1_6' title='bbox 933 809 1112 872; x_wconf 88' lang='lat' dir='ltr'>Fast.</span> <span class='ocrx_word' id='word_1_7' title='bbox 1159 808 1266 886; x_wconf 83' lang='lat' dir='ltr'>VI,</span> <span class='ocrx_word' id='word_1_8' title='bbox 1325 807 1499 886; x_wconf 77' lang='lat'>¹769).</span> <span class='ocrx_word' id='word_1_9' title='bbox 1590 807 1807 890; x_wconf 83' lang='lat' dir='ltr'><strong>Auget</strong></span> <span class='ocrx_word' id='word_1_10' title='bbox 1851 829 1982 871; x_wconf 91' lang='lat' dir='ltr'>non</span> <span class='ocrx_word' id='word_1_11' title='bbox 2031 807 2263 871; x_wconf 76' lang='lat' dir='ltr'>leviter</span> <span class='ocrx_word' id='word_1_12' title='bbox 2308 807 2813 871; x_wconf 82' lang='lat' dir='ltr'>admirationem</span> 
     </span>
     <span class='ocr_line' id='line_1_3' title="bbox 506 912 2812 998; baseline -0.002 -18"><span class='ocrx_word' id='word_1_13' title='bbox 506 917 602 980; x_wconf 90' lang='lat' dir='ltr'>rei</span> <span class='ocrx_word' id='word_1_14' title='bbox 658 917 724 980; x_wconf 91' lang='lat' dir='ltr'>in</span> <span class='ocrx_word' id='word_1_15' title='bbox 770 916 994 980; x_wconf 87' lang='lat' dir='ltr'>Africa</span> <span class='ocrx_word' id='word_1_16' title='bbox 1047 922 1245 998; x_wconf 86' lang='lat' dir='ltr'>gestae</span> <span class='ocrx_word' id='word_1_17' title='bbox 1291 916 1548 979; x_wconf 91' lang='lat' dir='ltr'>notatio</span> <span class='ocrx_word' id='word_1_18' title='bbox 1595 936 1675 978; x_wconf 81' lang='lat' dir='ltr'>ex</span> <span class='ocrx_word' id='word_1_19' title='bbox 1723 913 1827 977; x_wconf 89' lang='lat' dir='ltr'>die</span> <span class='ocrx_word' id='word_1_20' title='bbox 1872 912 2042 979; x_wconf 87' lang='lat' dir='ltr'>festo</span> <span class='ocrx_word' id='word_1_21' title='bbox 2087 915 2357 979; x_wconf 90' lang='lat' dir='ltr'>urbano.</span> <span class='ocrx_word' id='word_1_22' title='bbox 2462 913 2599 996; x_wconf 76' lang='lat' dir='ltr'>Sed</span> <span class='ocrx_word' id='word_1_23' title='bbox 2638 913 2812 998; x_wconf 90' lang='lat' dir='ltr'>quod</span> 
     </span>
     <span class='ocr_line' id='line_1_4' title="bbox 509 1022 2812 1107; baseline -0.001 -19"><span class='ocrx_word' id='word_1_24' title='bbox 509 1029 711 1106; x_wconf 88' lang='lat' dir='ltr'>caput</span> <span class='ocrx_word' id='word_1_25' title='bbox 756 1029 874 1102; x_wconf 89' lang='lat' dir='ltr'>est,</span> <span class='ocrx_word' id='word_1_26' title='bbox 934 1045 1064 1087; x_wconf 91' lang='lat' dir='ltr'>non</span> <span class='ocrx_word' id='word_1_27' title='bbox 1110 1025 1327 1106; x_wconf 92' lang='lat' dir='ltr'>potuit</span> <span class='ocrx_word' id='word_1_28' title='bbox 1373 1028 1489 1086; x_wconf 89' lang='lat' dir='ltr'>aut</span> <span class='ocrx_word' id='word_1_29' title='bbox 1533 1022 1754 1086; x_wconf 85' lang='lat' dir='ltr'>Livius</span> <span class='ocrx_word' id='word_1_30' title='bbox 1802 1029 1917 1086; x_wconf 92' lang='lat' dir='ltr'>aut</span> <span class='ocrx_word' id='word_1_31' title='bbox 1963 1024 2311 1107; x_wconf 90' lang='lat' dir='ltr'>quisquam</span> <span class='ocrx_word' id='word_1_32' title='bbox 2358 1043 2534 1086; x_wconf 85' lang='lat' dir='ltr'>sanae</span> <span class='ocrx_word' id='word_1_33' title='bbox 2578 1022 2812 1086; x_wconf 90' lang='lat' dir='ltr'>mentis</span> 
     </span>
     <span class='ocr_line' id='line_1_5' title="bbox 508 1129 2811 1214; baseline -0.001 -19"><span class='ocrx_word' id='word_1_34' title='bbox 508 1132 792 1214; x_wconf 80' lang='lat' dir='ltr'>scriptor</span> <span class='ocrx_word' id='word_1_35' title='bbox 838 1132 966 1194; x_wconf 92' lang='lat' dir='ltr'>diei</span> <span class='ocrx_word' id='word_1_36' title='bbox 1013 1132 1419 1195; x_wconf 88' lang='lat' dir='ltr'>notationem</span> <span class='ocrx_word' id='word_1_37' title='bbox 1466 1151 1541 1193; x_wconf 89' lang='lat' dir='ltr'>eo</span> <span class='ocrx_word' id='word_1_38' title='bbox 1588 1129 1755 1208; x_wconf 81' lang='lat' dir='ltr'>loco,</span> <span class='ocrx_word' id='word_1_39' title='bbox 1814 1151 1947 1211; x_wconf 93' lang='lat' dir='ltr'>quo</span> <span class='ocrx_word' id='word_1_40' title='bbox 1993 1131 2210 1213; x_wconf 89' lang='lat' dir='ltr'>posita</span> <span class='ocrx_word' id='word_1_41' title='bbox 2256 1137 2549 1214; x_wconf 90' lang='lat' dir='ltr'>putatur,</span> <span class='ocrx_word' id='word_1_42' title='bbox 2609 1131 2811 1194; x_wconf 87' lang='lat' dir='ltr'>inter-</span> 
     </span>
     <span class='ocr_line' id='line_1_6' title="bbox 506 1213 2813 1322; baseline -0 -20"><span class='ocrx_word' id='word_1_43' title='bbox 506 1239 706 1303; x_wconf 90' lang='lat' dir='ltr'>iicere</span> <span class='ocrx_word' id='word_1_44' title='bbox 763 1239 830 1301; x_wconf 92' lang='lat' dir='ltr'>in</span> <span class='ocrx_word' id='word_1_45' title='bbox 885 1238 1102 1301; x_wconf 90' lang='lat' dir='ltr'>media</span> <span class='ocrx_word' id='word_1_46' title='bbox 1147 1258 1380 1320; x_wconf 84' lang='lat' dir='ltr'>pugnae</span> <span class='ocrx_word' id='word_1_47' title='bbox 1428 1237 1870 1320; x_wconf 82' lang='lat' dir='ltr'>descriptione</span> <span class='ocrx_word' id='word_1_48' title='bbox 1916 1239 2089 1301; x_wconf 88' lang='lat' dir='ltr'>inter</span> <span class='ocrx_word' id='word_1_49' title='bbox 2134 1213 2505 1322; x_wconf 78' lang='lat' dir='ltr'>copiarum,</span> <span class='ocrx_word' id='word_1_50' title='bbox 2576 1238 2813 1321; x_wconf 90' lang='lat' dir='ltr'>quibus</span> 
     </span>
     <span class='ocr_line' id='line_1_7' title="bbox 507 1345 2812 1428; baseline -0.001 -19"><span class='ocrx_word' id='word_1_51' title='bbox 507 1352 869 1428; x_wconf 85' lang='lat' dir='ltr'>pugnatum</span> <span class='ocrx_word' id='word_1_52' title='bbox 917 1352 1044 1424; x_wconf 84' lang='lat' dir='ltr'>est,</span> <span class='ocrx_word' id='word_1_53' title='bbox 1107 1345 1614 1428; x_wconf 78' lang='lat' dir='ltr'>appellationem</span> <span class='ocrx_word' id='word_1_54' title='bbox 1665 1345 1881 1428; x_wconf 87' lang='lat' dir='ltr'>(pars</span> <span class='ocrx_word' id='word_1_55' title='bbox 1928 1347 2341 1410; x_wconf 87' lang='lat' dir='ltr'>exercitus</span> <span class='ocrx_word' id='word_1_56' title='bbox 2389 1367 2560 1409; x_wconf 91' lang='lat' dir='ltr'>cum</span> <span class='ocrx_word' id='word_1_57' title='bbox 2609 1346 2812 1408; x_wconf 90' lang='lat' dir='ltr'>omni</span> 
     </span>
     <span class='ocr_line' id='line_1_8' title="bbox 509 1452 2812 1537; baseline -0 -21"><span class='ocrx_word' id='word_1_58' title='bbox 509 1452 912 1537; x_wconf 89' lang='lat' dir='ltr'>equitatu)</span> <span class='ocrx_word' id='word_1_59' title='bbox 962 1461 1026 1517; x_wconf 88' lang='lat' dir='ltr'>et</span> <span class='ocrx_word' id='word_1_60' title='bbox 1070 1453 1492 1536; x_wconf 78' lang='lat' dir='ltr'>participium</span> <span class='ocrx_word' id='word_1_61' title='bbox 1540 1475 1686 1516; x_wconf 89' lang='lat' dir='ltr'>cum</span> <span class='ocrx_word' id='word_1_62' title='bbox 1736 1474 1814 1517; x_wconf 85' lang='lat' dir='ltr'>ea</span> <span class='ocrx_word' id='word_1_63' title='bbox 1859 1454 2295 1532; x_wconf 81' lang='lat' dir='ltr'>coniunctum,</span> <span class='ocrx_word' id='word_1_64' title='bbox 2344 1455 2533 1537; x_wconf 87' lang='lat' dir='ltr'>quasi</span> <span class='ocrx_word' id='word_1_65' title='bbox 2581 1459 2812 1517; x_wconf 88' lang='lat' dir='ltr'>notan-</span> 
     </span>
     <span class='ocr_line' id='line_1_9' title="bbox 508 1560 2812 1644; baseline 0 -20"><span class='ocrx_word' id='word_1_66' title='bbox 508 1561 663 1624; x_wconf 89' lang='lat' dir='ltr'>dum</span> <span class='ocrx_word' id='word_1_67' title='bbox 707 1560 934 1640; x_wconf 86' lang='lat' dir='ltr'>fuerit,</span> <span class='ocrx_word' id='word_1_68' title='bbox 1004 1583 1134 1624; x_wconf 90' lang='lat' dir='ltr'>non</span> <span class='ocrx_word' id='word_1_69' title='bbox 1193 1582 1320 1643; x_wconf 92' lang='lat' dir='ltr'>quo</span> <span class='ocrx_word' id='word_1_70' title='bbox 1380 1560 1484 1624; x_wconf 92' lang='lat' dir='ltr'>die</span> <span class='ocrx_word' id='word_1_71' title='bbox 1541 1566 1689 1624; x_wconf 89' lang='lat' dir='ltr'>tota</span> <span class='ocrx_word' id='word_1_72' title='bbox 1742 1582 1848 1625; x_wconf 89' lang='lat' dir='ltr'>res</span> <span class='ocrx_word' id='word_1_73' title='bbox 1904 1569 2083 1641; x_wconf 89' lang='lat' dir='ltr'>acta,</span> <span class='ocrx_word' id='word_1_74' title='bbox 2155 1561 2271 1626; x_wconf 91' lang='lat' dir='ltr'>sed</span> <span class='ocrx_word' id='word_1_75' title='bbox 2328 1583 2456 1643; x_wconf 90' lang='lat' dir='ltr'>quo</span> <span class='ocrx_word' id='word_1_76' title='bbox 2506 1561 2627 1626; x_wconf 87' lang='lat' dir='ltr'>die.</span> <span class='ocrx_word' id='word_1_77' title='bbox 2655 1582 2812 1644; x_wconf 82' lang='lat' dir='ltr'>pars</span> 
     </span>
     <span class='ocr_line' id='line_1_10' title="bbox 509 1668 2812 1751; baseline 0 -19"><span class='ocrx_word' id='word_1_78' title='bbox 509 1670 831 1733; x_wconf 87' lang='lat' dir='ltr'>exercitus</span> <span class='ocrx_word' id='word_1_79' title='bbox 915 1690 1148 1751; x_wconf 87' lang='lat' dir='ltr'>agmen</span> <span class='ocrx_word' id='word_1_80' title='bbox 1226 1668 1662 1732; x_wconf 89' lang='lat' dir='ltr'>Numidarum</span> <span class='ocrx_word' id='word_1_81' title='bbox 1747 1689 2057 1751; x_wconf 83' lang='lat' dir='ltr'>aggressa</span> <span class='ocrx_word' id='word_1_82' title='bbox 2137 1676 2327 1734; x_wconf 89' lang='lat' dir='ltr'>esset.</span> <span class='ocrx_word' id='word_1_83' title='bbox 2449 1670 2583 1733; x_wconf 86' lang='lat' dir='ltr'>Aut</span> <span class='ocrx_word' id='word_1_84' title='bbox 2660 1675 2812 1733; x_wconf 91' lang='lat' dir='ltr'>ante</span> 
     </span>
     <span class='ocr_line' id='line_1_11' title="bbox 507 1765 2812 1860; baseline 0 -19"><span class='ocrx_word' id='word_1_85' title='bbox 507 1784 767 1860; x_wconf 89' lang='lat' dir='ltr'>tempus</span> <span class='ocrx_word' id='word_1_86' title='bbox 813 1777 1177 1840; x_wconf 88' lang='lat' dir='ltr'>notandum</span> <span class='ocrx_word' id='word_1_87' title='bbox 1226 1783 1370 1839; x_wconf 89' lang='lat' dir='ltr'>erat</span> <span class='ocrx_word' id='word_1_88' title='bbox 1416 1776 1633 1856; x_wconf 86' lang='lat' dir='ltr'>(Inde</span> <span class='ocrx_word' id='word_1_89' title='bbox 1681 1765 1965 1859; x_wconf 88' lang='lat' dir='ltr'>primis</span> <span class='ocrx_word' id='word_1_90' title='bbox 2003 1776 2596 1842; x_wconf 79' lang='lat' dir='ltr'>Saturnalibus</span> <span class='ocrx_word' id='word_1_91' title='bbox 2643 1799 2812 1860; x_wconf 87' lang='lat' dir='ltr'>pro-</span> 
     </span>
     <span class='ocr_line' id='line_1_12' title="bbox 508 1883 2811 1966; baseline 0 -18"><span class='ocrx_word' id='word_1_92' title='bbox 508 1884 985 1949; x_wconf 81' lang='lat' dir='ltr'>cedentibus</span> <span class='ocrx_word' id='word_1_93' title='bbox 1033 1883 1184 1964; x_wconf 89' lang='lat' dir='ltr'>cet.)</span> <span class='ocrx_word' id='word_1_94' title='bbox 1233 1890 1351 1947; x_wconf 88' lang='lat' dir='ltr'>aut</span> <span class='ocrx_word' id='word_1_95' title='bbox 1394 1890 1627 1966; x_wconf 89' lang='lat' dir='ltr'>postea</span> <span class='ocrx_word' id='word_1_96' title='bbox 1674 1905 1968 1948; x_wconf 91' lang='lat' dir='ltr'>seorsum</span> <span class='ocrx_word' id='word_1_97' title='bbox 2015 1886 2152 1949; x_wconf 90' lang='lat' dir='ltr'>eius</span> <span class='ocrx_word' id='word_1_98' title='bbox 2198 1887 2444 1949; x_wconf 90' lang='lat' dir='ltr'>mentio</span> <span class='ocrx_word' id='word_1_99' title='bbox 2490 1884 2811 1950; x_wconf 86' lang='lat' dir='ltr'>addenda.</span> 
     </span>
     <span class='ocr_line' id='line_1_13' title="bbox 509 1991 2813 2075; baseline 0 -19"><span class='ocrx_word' id='word_1_100' title='bbox 509 1991 733 2074; x_wconf 90' lang='lat' dir='ltr'>[Nulla</span> <span class='ocrx_word' id='word_1_101' title='bbox 790 1993 1051 2056; x_wconf 90' lang='lat' dir='ltr'>omnino</span> <span class='ocrx_word' id='word_1_102' title='bbox 1109 1992 1225 2055; x_wconf 88' lang='lat' dir='ltr'>illa</span> <span class='ocrx_word' id='word_1_103' title='bbox 1281 1998 1475 2055; x_wconf 84' lang='lat' dir='ltr'>aetate</span> <span class='ocrx_word' id='word_1_104' title='bbox 1522 1999 1713 2056; x_wconf 87' lang='lat' dir='ltr'>erant</span> <span class='ocrx_word' id='word_1_105' title='bbox 1760 1991 2136 2056; x_wconf 84' lang='lat' dir='ltr'>Saturnalia</span> <span class='ocrx_word' id='word_1_106' title='bbox 2181 1994 2420 2075; x_wconf 86' lang='lat' dir='ltr'>prima,</span> <span class='ocrx_word' id='word_1_107' title='bbox 2489 1993 2602 2057; x_wconf 88' lang='lat' dir='ltr'>sed</span> <span class='ocrx_word' id='word_1_108' title='bbox 2651 2012 2813 2057; x_wconf 87' lang='lat' dir='ltr'>unus</span> 
     </span>
     <span class='ocr_line' id='line_1_14' title="bbox 507 2099 2811 2183; baseline -0 -18"><span class='ocrx_word' id='word_1_109' title='bbox 507 2100 715 2165; x_wconf 88' lang='lat' dir='ltr'>festus</span> <span class='ocrx_word' id='word_1_110' title='bbox 764 2100 922 2164; x_wconf 90' lang='lat' dir='ltr'>dies.</span> <span class='ocrx_word' id='word_1_111' title='bbox 1025 2100 1111 2163; x_wconf 91' lang='lat' dir='ltr'>Et</span> <span class='ocrx_word' id='word_1_112' title='bbox 1157 2107 1408 2178; x_wconf 84' lang='lat' dir='ltr'>tamen,</span> <span class='ocrx_word' id='word_1_113' title='bbox 1469 2101 1521 2163; x_wconf 87' lang='lat' dir='ltr'>si</span> <span class='ocrx_word' id='word_1_114' title='bbox 1574 2100 1796 2164; x_wconf 81' lang='lat' dir='ltr'>Livius</span> <span class='ocrx_word' id='word_1_115' title='bbox 1843 2099 1968 2163; x_wconf 91' lang='lat' dir='ltr'>hoc</span> <span class='ocrx_word' id='word_1_116' title='bbox 2014 2101 2357 2183; x_wconf 84' lang='lat' dir='ltr'>posuisset,</span> <span class='ocrx_word' id='word_1_117' title='bbox 2415 2122 2493 2164; x_wconf 86' lang='lat' dir='ltr'>ex</span> <span class='ocrx_word' id='word_1_118' title='bbox 2540 2101 2811 2182; x_wconf 87' lang='lat' dir='ltr'>antiquo</span> 
     </span>
     <span class='ocr_line' id='line_1_15' title="bbox 507 2206 2812 2292; baseline -0 -20"><span class='ocrx_word' id='word_1_119' title='bbox 507 2208 686 2273; x_wconf 87' lang='lat' dir='ltr'>fonte</span> <span class='ocrx_word' id='word_1_120' title='bbox 744 2206 1176 2289; x_wconf 72' lang='lat' dir='ltr'>retinuisset]</span> <span class='ocrx_word' id='word_1_121' title='bbox 1280 2207 1518 2289; x_wconf 86' lang='lat' dir='ltr'>Itaque</span> <span class='ocrx_word' id='word_1_122' title='bbox 1578 2206 2073 2272; x_wconf 88' lang='lat' dir='ltr'>Saturnalia</span> <span class='ocrx_word' id='word_1_123' title='bbox 2130 2209 2248 2273; x_wconf 85' lang='lat' dir='ltr'>illa</span> <span class='ocrx_word' id='word_1_124' title='bbox 2303 2210 2562 2292; x_wconf 89' lang='lat' dir='ltr'>prima</span> <span class='ocrx_word' id='word_1_125' title='bbox 2607 2209 2812 2271; x_wconf 62' lang='lat' dir='ltr'>mani-⁴</span> 
     </span>
     <span class='ocr_line' id='line_1_16' title="bbox 506 2316 2814 2399; baseline 0 -20"><span class='ocrx_word' id='word_1_126' title='bbox 506 2316 746 2380; x_wconf 83' lang='lat' dir='ltr'>festum</span> <span class='ocrx_word' id='word_1_127' title='bbox 804 2322 905 2379; x_wconf 88' lang='lat' dir='ltr'>est</span> <span class='ocrx_word' id='word_1_128' title='bbox 964 2320 1112 2379; x_wconf 85' lang='lat' dir='ltr'>orta</span> <span class='ocrx_word' id='word_1_129' title='bbox 1172 2336 1317 2378; x_wconf 89' lang='lat' dir='ltr'>esse</span> <span class='ocrx_word' id='word_1_130' title='bbox 1375 2321 1440 2377; x_wconf 89' lang='lat' dir='ltr'>et</span> <span class='ocrx_word' id='word_1_131' title='bbox 1500 2317 1867 2398; x_wconf 87' lang='lat' dir='ltr'>composita</span> <span class='ocrx_word' id='word_1_132' title='bbox 1914 2337 1993 2380; x_wconf 83' lang='lat' dir='ltr'>ex</span> <span class='ocrx_word' id='word_1_133' title='bbox 2036 2316 2263 2380; x_wconf 89' lang='lat' dir='ltr'>fractis</span> <span class='ocrx_word' id='word_1_134' title='bbox 2308 2317 2608 2399; x_wconf 90' lang='lat' dir='ltr'>reliquiis</span> <span class='ocrx_word' id='word_1_135' title='bbox 2653 2316 2814 2380; x_wconf 87' lang='lat' dir='ltr'>alio-</span> 
     </span>
     <span class='ocr_line' id='line_1_17' title="bbox 505 2421 2814 2505; baseline -0.001 -17"><span class='ocrx_word' id='word_1_136' title='bbox 505 2447 647 2488; x_wconf 86' lang='lat' dir='ltr'>rum</span> <span class='ocrx_word' id='word_1_137' title='bbox 705 2423 1054 2487; x_wconf 86' lang='lat' dir='ltr'>verborum</span> <span class='ocrx_word' id='word_1_138' title='bbox 1111 2421 1693 2505; x_wconf 88' lang='lat' dir='ltr'>(quemadmodum</span> <span class='ocrx_word' id='word_1_139' title='bbox 1748 2423 1897 2488; x_wconf 89' lang='lat' dir='ltr'>illas</span> <span class='ocrx_word' id='word_1_140' title='bbox 1958 2425 2024 2487; x_wconf 92' lang='lat' dir='ltr'>in</span> <span class='ocrx_word' id='word_1_141' title='bbox 2085 2424 2257 2488; x_wconf 88' lang='lat' dir='ltr'>libro</span> <span class='ocrx_word' id='word_1_142' title='bbox 2316 2423 2526 2501; x_wconf 78' lang='lat' dir='ltr'>XXII,</span> <span class='ocrx_word' id='word_1_143' title='bbox 2602 2428 2705 2503; x_wconf 83' lang='grc'>16,</span> <span class='ocrx_word' id='word_1_144' title='bbox 2774 2429 2814 2486; x_wconf 89' lang='grc'>4</span> 
     </span>
    </p>
   </div>
   <div class='ocr_carea' id='block_1_3' title="bbox 504 2529 2918 2614">
    <p class='ocr_par' dir='ltr' id='par_1_3' title="bbox 504 2529 2918 2614">
     <span class='ocr_line' id='line_1_18' title="bbox 504 2529 2918 2614; baseline -0.001 -18"><span class='ocrx_word' id='word_1_145' title='bbox 504 2532 844 2597; x_wconf 86' lang='lat' dir='ltr'>fortunae</span> <span class='ocrx_word' id='word_1_146' title='bbox 901 2529 1198 2610; x_wconf 83' lang='lat' dir='ltr'>minas).</span> <span class='ocrx_word' id='word_1_147' title='bbox 1303 2530 1472 2607; x_wconf 87' lang='lat' dir='ltr'>Quid</span> <span class='ocrx_word' id='word_1_148' title='bbox 1518 2531 1738 2595; x_wconf 86' lang='lat' dir='ltr'>Livius</span> <span class='ocrx_word' id='word_1_149' title='bbox 1801 2532 2166 2614; x_wconf 88' lang='lat' dir='ltr'>scripserit,</span> <span class='ocrx_word' id='word_1_150' title='bbox 2230 2531 2604 2596; x_wconf 89' lang='lat' dir='ltr'>subindicat</span> <span class='ocrx_word' id='word_1_151' title='bbox 2650 2531 2812 2594; x_wconf 91' lang='lat' dir='ltr'>illud</span> <span class='ocrx_word' id='word_1_152' title='bbox 2914 2571 2918 2576; x_wconf 34' lang='grc' dir='ltr'><strong><em>ι</em></strong></span> 
     </span>
    </p>
   </div>
   <div class='ocr_carea' id='block_1_4' title="bbox 337 2638 2818 3472">
    <p class='ocr_par' dir='ltr' id='par_1_4' title="bbox 507 2638 2813 2725">
     <span class='ocr_line' id='line_1_19' title="bbox 507 2638 2813 2725; baseline -0 -20"><span class='ocrx_word' id='word_1_153' title='bbox 507 2663 691 2725; x_wconf 89' lang='lat' dir='ltr'>pars</span> <span class='ocrx_word' id='word_1_154' title='bbox 772 2638 1219 2717; x_wconf 80' lang='lat' dir='ltr'>exercitus3</span> <span class='ocrx_word' id='word_1_155' title='bbox 1310 2661 1513 2722; x_wconf 90' lang='lat' dir='ltr'>prope</span> <span class='ocrx_word' id='word_1_156' title='bbox 1605 2641 1777 2703; x_wconf 90' lang='lat' dir='ltr'>enim</span> <span class='ocrx_word' id='word_1_157' title='bbox 1866 2641 2238 2704; x_wconf 85' lang='lat' dir='ltr'>necessario</span> <span class='ocrx_word' id='word_1_158' title='bbox 2317 2639 2813 2723; x_wconf 86' lang='lat' dir='ltr'>significandum</span> 
     </span>
    </p>

    <p class='ocr_par' dir='ltr' id='par_1_5' title="bbox 337 2747 2818 3472">
     <span class='ocr_line' id='line_1_20' title="bbox 337 2747 2818 2836; baseline -0.002 -22"><span class='ocrx_word' id='word_1_159' title='bbox 337 2766 476 2836; x_wconf 76' lang='lat'><strong>(358)</strong></span> <span class='ocrx_word' id='word_1_160' title='bbox 515 2755 687 2825; x_wconf 86' lang='lat' dir='ltr'>erat,</span> <span class='ocrx_word' id='word_1_161' title='bbox 747 2747 905 2832; x_wconf 91' lang='lat' dir='ltr'>quid</span> <span class='ocrx_word' id='word_1_162' title='bbox 960 2747 1252 2828; x_wconf 89' lang='lat' dir='ltr'>reliquus</span> <span class='ocrx_word' id='word_1_163' title='bbox 1312 2748 1635 2811; x_wconf 81' lang='lat' dir='ltr'>exercitus</span> <span class='ocrx_word' id='word_1_164' title='bbox 1681 2748 1966 2812; x_wconf 83' lang='lat' dir='ltr'>fecisset.</span> <span class='ocrx_word' id='word_1_165' title='bbox 2072 2748 2442 2831; x_wconf 87' lang='lat' dir='ltr'>Scripserat</span> <span class='ocrx_word' id='word_1_166' title='bbox 2487 2753 2707 2812; x_wconf 82' lang='lat' dir='ltr'>autem</span> <span class='ocrx_word' id='word_1_167' title='bbox 2753 2749 2818 2811; x_wconf 90' lang='lat' dir='ltr'>in</span> 
     </span>
     <span class='ocr_line' id='line_1_21' title="bbox 505 2853 2816 2936; baseline -0.002 -14"><span class='ocrx_word' id='word_1_168' title='bbox 505 2859 676 2922; x_wconf 90' lang='lat' dir='ltr'>hanc</span> <span class='ocrx_word' id='word_1_169' title='bbox 743 2856 878 2919; x_wconf 90' lang='lat' dir='ltr'>fere</span> <span class='ocrx_word' id='word_1_170' title='bbox 938 2853 1242 2919; x_wconf 88' lang='lat' dir='ltr'>formam:</span> <span class='ocrx_word' id='word_1_171' title='bbox 1313 2855 1511 2919; x_wconf 86' lang='lat' dir='ltr'>Pars</span> <span class='ocrx_word' id='word_1_172' title='bbox 1580 2857 2006 2919; x_wconf 85' lang='lat' dir='ltr'>exercitus</span> <span class='ocrx_word' id='word_1_173' title='bbox 2076 2876 2243 2919; x_wconf 88' lang='lat' dir='ltr'>cum</span> <span class='ocrx_word' id='word_1_174' title='bbox 2315 2856 2521 2919; x_wconf 86' lang='lat' dir='ltr'>omni</span> <span class='ocrx_word' id='word_1_175' title='bbox 2589 2856 2816 2936; x_wconf 89' lang='lat' dir='ltr'>equi-</span> 
     </span>
     <span class='ocr_line' id='line_1_22' title="bbox 507 2962 2816 3046; baseline -0.001 -17"><span class='ocrx_word' id='word_1_176' title='bbox 507 2971 718 3041; x_wconf 87' lang='lat' dir='ltr'>tatu,</span> <span class='ocrx_word' id='word_1_177' title='bbox 777 2963 930 3024; x_wconf 78' lang='lat' dir='ltr'>iter</span> <span class='ocrx_word' id='word_1_178' title='bbox 985 2962 1619 3023; x_wconf 74' lang='lat' dir='ltr'>continuantibus</span> <span class='ocrx_word' id='word_1_179' title='bbox 1676 2963 1956 3045; x_wconf 88' lang='lat' dir='ltr'>primis</span> <span class='ocrx_word' id='word_1_180' title='bbox 2016 2963 2607 3043; x_wconf 78' lang='lat' dir='ltr'>(maturantibus</span> <span class='ocrx_word' id='word_1_181' title='bbox 2652 2963 2816 3046; x_wconf 91' lang='lat' dir='ltr'>pri-</span> 
     </span>
     <span class='ocr_line' id='line_1_23' title="bbox 507 3070 2812 3152; baseline -0.002 -16"><span class='ocrx_word' id='word_1_182' title='bbox 507 3072 755 3149; x_wconf 82' lang='lat' dir='ltr'>mis‘?)‚</span> <span class='ocrx_word' id='word_1_183' title='bbox 826 3090 1104 3152; x_wconf 87' lang='lat' dir='ltr'>agmen</span> <span class='ocrx_word' id='word_1_184' title='bbox 1180 3092 1527 3151; x_wconf 87' lang='lat' dir='ltr'>aggresa</span> <span class='ocrx_word' id='word_1_185' title='bbox 1584 3070 2101 3134; x_wconf 85' lang='lat' dir='ltr'>Numidarum</span> <span class='ocrx_word' id='word_1_186' title='bbox 2172 3078 2296 3134; x_wconf 90' lang='lat' dir='ltr'>cet.</span> <span class='ocrx_word' id='word_1_187' title='bbox 2409 3070 2508 3134; x_wconf 84' lang='lat' dir='ltr'>Ea</span> <span class='ocrx_word' id='word_1_188' title='bbox 2566 3071 2812 3134; x_wconf 86' lang='lat' dir='ltr'>exerci-</span> 
     </span>
     <span class='ocr_line' id='line_1_24' title="bbox 507 3178 2816 3262; baseline -0.001 -19"><span class='ocrx_word' id='word_1_189' title='bbox 507 3186 614 3243; x_wconf 87' lang='lat' dir='ltr'>tus</span> <span class='ocrx_word' id='word_1_190' title='bbox 676 3200 860 3262; x_wconf 87' lang='lat' dir='ltr'>pars,</span> <span class='ocrx_word' id='word_1_191' title='bbox 921 3199 1063 3259; x_wconf 88' lang='lat' dir='ltr'>quae</span> <span class='ocrx_word' id='word_1_192' title='bbox 1121 3178 1334 3260; x_wconf 84' lang='lat' dir='ltr'>prima</span> <span class='ocrx_word' id='word_1_193' title='bbox 1380 3184 1550 3254; x_wconf 88' lang='lat' dir='ltr'>erat,</span> <span class='ocrx_word' id='word_1_194' title='bbox 1607 3180 1740 3241; x_wconf 90' lang='lat' dir='ltr'>iam</span> <span class='ocrx_word' id='word_1_195' title='bbox 1789 3185 2255 3260; x_wconf 83' lang='lat' dir='ltr'>praetergressa</span> <span class='ocrx_word' id='word_1_196' title='bbox 2301 3180 2429 3242; x_wconf 91' lang='lat' dir='ltr'>iter</span> <span class='ocrx_word' id='word_1_197' title='bbox 2476 3179 2816 3242; x_wconf 89' lang='lat' dir='ltr'>continua-</span> 
     </span>
     <span class='ocr_line' id='line_1_25' title="bbox 508 3286 2817 3367; baseline 0 -19"><span class='ocrx_word' id='word_1_198' title='bbox 508 3289 627 3364; x_wconf 77' lang='lat' dir='ltr'>vit,</span> <span class='ocrx_word' id='word_1_199' title='bbox 701 3308 899 3367; x_wconf 89' lang='lat' dir='ltr'>quum</span> <span class='ocrx_word' id='word_1_200' title='bbox 971 3286 1368 3366; x_wconf 87' lang='lat' dir='ltr'>posteriores</span> <span class='ocrx_word' id='word_1_201' title='bbox 1430 3305 1574 3349; x_wconf 91' lang='lat' dir='ltr'>cum</span> <span class='ocrx_word' id='word_1_202' title='bbox 1637 3287 1930 3366; x_wconf 86' lang='lat' dir='ltr'>equitatu</span> <span class='ocrx_word' id='word_1_203' title='bbox 1993 3286 2056 3349; x_wconf 92' lang='lat' dir='ltr'>in</span> <span class='ocrx_word' id='word_1_204' title='bbox 2115 3286 2490 3350; x_wconf 85' lang='lat' dir='ltr'>Verminam</span> <span class='ocrx_word' id='word_1_205' title='bbox 2550 3306 2817 3349; x_wconf 79' lang='lat' dir='ltr'>conver-</span> 
     </span>
     <span class='ocr_line' id='line_1_26' title="bbox 508 3394 898 3472; baseline 0 -15"><span class='ocrx_word' id='word_1_206' title='bbox 508 3400 826 3457; x_wconf 83' lang='lat' dir='ltr'>terentur.</span> <span class='ocrx_word' id='word_1_207' title='bbox 841 3394 898 3472; x_wconf 90' lang='lat'>¹)</span> 
     </span>
    </p>
   </div>
   <div class='ocr_carea' id='block_1_5' title="bbox 566 3696 2816 4447">
    <p class='ocr_par' dir='ltr' id='par_1_6' title="bbox 566 3696 2816 4447">
     <span class='ocr_line' id='line_1_27' title="bbox 566 3696 2811 3767; baseline 0.001 -19"><span class='ocrx_word' id='word_1_208' title='bbox 566 3696 688 3765; x_wconf 77' lang='lat'>¹)§</span> <span class='ocrx_word' id='word_1_209' title='bbox 739 3700 802 3749; x_wconf 90' lang='lat'>10</span> <span class='ocrx_word' id='word_1_210' title='bbox 846 3698 1158 3750; x_wconf 85' lang='lat' dir='ltr'>necessario</span> <span class='ocrx_word' id='word_1_211' title='bbox 1207 3697 1612 3751; x_wconf 76' lang='lat' dir='ltr'>revocandum:</span> <span class='ocrx_word' id='word_1_212' title='bbox 1673 3703 1742 3751; x_wconf 90' lang='lat' dir='ltr'>et</span> <span class='ocrx_word' id='word_1_213' title='bbox 1796 3704 2049 3767; x_wconf 82' lang='lat' dir='ltr'>quanta</span> <span class='ocrx_word' id='word_1_214' title='bbox 2101 3717 2206 3752; x_wconf 88' lang='lat' dir='ltr'>res</span> <span class='ocrx_word' id='word_1_215' title='bbox 2264 3704 2445 3752; x_wconf 89' lang='lat' dir='ltr'>esset</span> <span class='ocrx_word' id='word_1_216' title='bbox 2500 3704 2567 3751; x_wconf 91' lang='lat' dir='ltr'>et</span> <span class='ocrx_word' id='word_1_217' title='bbox 2621 3715 2811 3767; x_wconf 84' lang='lat' dir='ltr'>quam</span> 
     </span>
     <span class='ocr_line' id='line_1_28' title="bbox 645 3781 2815 3853; baseline 0 -19"><span class='ocrx_word' id='word_1_218' title='bbox 645 3781 839 3849; x_wconf 82' lang='lat' dir='ltr'>longi</span> <span class='ocrx_word' id='word_1_219' title='bbox 885 3783 1220 3851; x_wconf 87' lang='lat' dir='ltr'>temporis</span> <span class='ocrx_word' id='word_1_220' title='bbox 1259 3789 1364 3835; x_wconf 89' lang='lat' dir='ltr'>cet.</span> <span class='ocrx_word' id='word_1_221' title='bbox 1448 3783 1678 3837; x_wconf 86' lang='lat' dir='ltr'>Excidit</span> <span class='ocrx_word' id='word_1_222' title='bbox 1714 3789 1782 3837; x_wconf 85' lang='lat' dir='ltr'>et</span> <span class='ocrx_word' id='word_1_223' title='bbox 1818 3790 1950 3853; x_wconf 89' lang='lat' dir='ltr'>post</span> <span class='ocrx_word' id='word_1_224' title='bbox 1987 3790 2193 3851; x_wconf 81' lang='lat' dir='ltr'>esset3</span> <span class='ocrx_word' id='word_1_225' title='bbox 2245 3788 2446 3837; x_wconf 87' lang='lat' dir='ltr'>contra</span> <span class='ocrx_word' id='word_1_226' title='bbox 2483 3801 2526 3836; x_wconf 93' lang='lat' dir='ltr'>c.</span> <span class='ocrx_word' id='word_1_227' title='bbox 2566 3786 2650 3849; x_wconf 80' lang='lat'>37,</span> <span class='ocrx_word' id='word_1_228' title='bbox 2687 3785 2720 3835; x_wconf 88' lang='lat'>8</span> <span class='ocrx_word' id='word_1_229' title='bbox 2756 3784 2815 3835; x_wconf 89' lang='lat' dir='ltr'>in</span> 
     </span>
     <span class='ocr_line' id='line_1_29' title="bbox 645 3867 2811 3937; baseline 0 -19"><span class='ocrx_word' id='word_1_230' title='bbox 645 3867 841 3920; x_wconf 85' lang='lat' dir='ltr'>iisdem</span> <span class='ocrx_word' id='word_1_231' title='bbox 890 3867 1203 3934; x_wconf 76' lang='lat' dir='ltr'>codicibus,</span> <span class='ocrx_word' id='word_1_232' title='bbox 1251 3869 1553 3937; x_wconf 80' lang='lat' dir='ltr'>geminatis</span> <span class='ocrx_word' id='word_1_233' title='bbox 1601 3869 1835 3935; x_wconf 87' lang='lat' dir='ltr'>litteris,</span> <span class='ocrx_word' id='word_1_234' title='bbox 1883 3875 2013 3937; x_wconf 89' lang='lat' dir='ltr'>post</span> <span class='ocrx_word' id='word_1_235' title='bbox 2057 3871 2394 3922; x_wconf 78' lang='lat' dir='ltr'>movisset</span> <span class='ocrx_word' id='word_1_236' title='bbox 2438 3867 2693 3920; x_wconf 81' lang='lat' dir='ltr'>additum</span> <span class='ocrx_word' id='word_1_237' title='bbox 2733 3874 2811 3919; x_wconf 87' lang='lat' dir='ltr'>et.</span> 
     </span>
     <span class='ocr_line' id='line_1_30' title="bbox 649 3952 2813 4021; baseline -0 -16"><span class='ocrx_word' id='word_1_238' title='bbox 649 3952 803 4021; x_wconf 82' lang='lat' dir='ltr'>[Cap.</span> <span class='ocrx_word' id='word_1_239' title='bbox 840 3955 924 4018; x_wconf 85' lang='lat'>37,</span> <span class='ocrx_word' id='word_1_240' title='bbox 962 3956 994 4005; x_wconf 85' lang='lat'><strong>7</strong></span> <span class='ocrx_word' id='word_1_241' title='bbox 1029 3954 1255 4007; x_wconf 86' lang='lat' dir='ltr'>mallem</span> <span class='ocrx_word' id='word_1_242' title='bbox 1292 3954 1486 4006; x_wconf 77' lang='lat' dir='ltr'>Livius</span> <span class='ocrx_word' id='word_1_243' title='bbox 1527 3955 1868 4021; x_wconf 84' lang='lat' dir='ltr'>scripsisset:</span> <span class='ocrx_word' id='word_1_244' title='bbox 1908 3955 2045 4007; x_wconf 87' lang='lat' dir='ltr'>Has</span> <span class='ocrx_word' id='word_1_245' title='bbox 2094 3953 2551 4007; x_wconf 84' lang='lat' dir='ltr'>condiciones</span> <span class='ocrx_word' id='word_1_246' title='bbox 2590 3952 2813 4021; x_wconf 81' lang='lat' dir='ltr'>legati</span> 
     </span>
     <span class='ocr_line' id='line_1_31' title="bbox 647 4036 2813 4108; baseline 0 -19"><span class='ocrx_word' id='word_1_247' title='bbox 647 4037 910 4091; x_wconf 87' lang='lat' dir='ltr'>domum</span> <span class='ocrx_word' id='word_1_248' title='bbox 983 4037 1250 4093; x_wconf 85' lang='lat' dir='ltr'>referre</span> <span class='ocrx_word' id='word_1_249' title='bbox 1318 4039 1512 4105; x_wconf 88' lang='lat' dir='ltr'>iussi,</span> <span class='ocrx_word' id='word_1_250' title='bbox 1579 4058 1773 4108; x_wconf 82' lang='lat' dir='ltr'>quum</span> <span class='ocrx_word' id='word_1_251' title='bbox 1837 4040 1904 4093; x_wconf 91' lang='lat' dir='ltr'>in</span> <span class='ocrx_word' id='word_1_252' title='bbox 1958 4039 2285 4093; x_wconf 89' lang='lat' dir='ltr'>contione</span> <span class='ocrx_word' id='word_1_253' title='bbox 2341 4044 2447 4091; x_wconf 87' lang='lat' dir='ltr'>cet.</span> <span class='ocrx_word' id='word_1_254' title='bbox 2547 4036 2690 4090; x_wconf 81' lang='lat' dir='ltr'>Nam</span> <span class='ocrx_word' id='word_1_255' title='bbox 2753 4037 2813 4089; x_wconf 90' lang='lat' dir='ltr'>in</span> 
     </span>
     <span class='ocr_line' id='line_1_32' title="bbox 648 4122 2811 4192; baseline 0 -18"><span class='ocrx_word' id='word_1_256' title='bbox 648 4123 829 4175; x_wconf 83' lang='lat' dir='ltr'>verbis</span> <span class='ocrx_word' id='word_1_257' title='bbox 895 4124 961 4176; x_wconf 90' lang='lat' dir='ltr'>in</span> <span class='ocrx_word' id='word_1_258' title='bbox 1024 4125 1354 4178; x_wconf 90' lang='lat' dir='ltr'>contione</span> <span class='ocrx_word' id='word_1_259' title='bbox 1418 4126 1713 4179; x_wconf 86' lang='lat' dir='ltr'>conversio</span> <span class='ocrx_word' id='word_1_260' title='bbox 1775 4124 2114 4178; x_wconf 84' lang='lat' dir='ltr'>narrationis</span> <span class='ocrx_word' id='word_1_261' title='bbox 2171 4122 2263 4188; x_wconf 81' lang='lat' dir='ltr'>fit3</span> <span class='ocrx_word' id='word_1_262' title='bbox 2326 4123 2685 4192; x_wconf 74' lang='lat' dir='ltr'>participium</span> <span class='ocrx_word' id='word_1_263' title='bbox 2741 4122 2811 4174; x_wconf 84' lang='lat' dir='ltr'>ad</span> 
     </span>
     <span class='ocr_line' id='line_1_33' title="bbox 646 4207 2816 4278; baseline -0.001 -18"><span class='ocrx_word' id='word_1_264' title='bbox 646 4208 898 4276; x_wconf 88' lang='lat' dir='ltr'>superius</span> <span class='ocrx_word' id='word_1_265' title='bbox 945 4214 1165 4277; x_wconf 86' lang='lat' dir='ltr'>tempus</span> <span class='ocrx_word' id='word_1_266' title='bbox 1211 4210 1472 4278; x_wconf 87' lang='lat' dir='ltr'>pertinet.</span> <span class='ocrx_word' id='word_1_267' title='bbox 1556 4209 1685 4278; x_wconf 88' lang='lat' dir='ltr'>Cap.</span> <span class='ocrx_word' id='word_1_268' title='bbox 1724 4212 1817 4273; x_wconf 83' lang='lat'>38,</span> <span class='ocrx_word' id='word_1_269' title='bbox 1879 4213 1901 4261; x_wconf 96' lang='lat' dir='ltr'>l</span> <span class='ocrx_word' id='word_1_270' title='bbox 1953 4209 1997 4261; x_wconf 91' lang='lat' dir='ltr'><strong>F</strong></span> <span class='ocrx_word' id='word_1_271' title='bbox 2003 4209 2394 4262; x_wconf 83' lang='lat' dir='ltr'>orchhammer</span> <span class='ocrx_word' id='word_1_272' title='bbox 2442 4207 2816 4276; x_wconf 86' lang='lat' dir='ltr'>probabiliter</span> 
     </span>
     <span class='ocr_line' id='line_1_34' title="bbox 646 4291 2815 4361; baseline -0 -17"><span class='ocrx_word' id='word_1_273' title='bbox 646 4299 952 4360; x_wconf 84' lang='lat' dir='ltr'>quaestor</span> <span class='ocrx_word' id='word_1_274' title='bbox 1003 4295 1362 4348; x_wconf 83' lang='lat' dir='ltr'>scribendum</span> <span class='ocrx_word' id='word_1_275' title='bbox 1421 4295 1690 4359; x_wconf 89' lang='lat' dir='ltr'>coniecit;</span> <span class='ocrx_word' id='word_1_276' title='bbox 1750 4312 1923 4348; x_wconf 88' lang='lat' dir='ltr'>unum</span> <span class='ocrx_word' id='word_1_277' title='bbox 1984 4295 2135 4348; x_wconf 88' lang='lat' dir='ltr'>enim</span> <span class='ocrx_word' id='word_1_278' title='bbox 2180 4291 2485 4361; x_wconf 80' lang='lat' dir='ltr'>significari</span> <span class='ocrx_word' id='word_1_279' title='bbox 2534 4292 2815 4361; x_wconf 88' lang='lat' dir='ltr'>Scipionis</span> 
     </span>
     <span class='ocr_line' id='line_1_35' title="bbox 647 4378 1537 4447; baseline 0.002 -17"><span class='ocrx_word' id='word_1_280' title='bbox 647 4384 1000 4445; x_wconf 71' lang='lat' dir='ltr'>quaestorem,</span> <span class='ocrx_word' id='word_1_281' title='bbox 1037 4379 1291 4431; x_wconf 85' lang='lat' dir='ltr'>Loelium.</span> <span class='ocrx_word' id='word_1_282' title='bbox 1368 4378 1537 4447; x_wconf 70' lang='lat'>1863]</span> 
     </span>
    </p>
   </div>
  </div>
 </body>
</html>
