3230 5282
518 642 641 698 Lib.
680 641 881 695 xxm.
1309 669 1313 673 -
1612 627 1737 688 326

518 835 760 897 rosque
829 814 1172 896 concipere
1230 811 1587 890 audebant,
1647 811 1926 876 maxime
1974 809 2277 875 Valerius
2321 809 2571 888 Antias,
2641 809 2833 892 signa

519 942 759 1003 magno
817 941 1086 985 numero
1133 926 1331 1004 capta
1374 918 1630 985 omissis
1675 918 2049 983 hominibus
2094 923 2552 997 narraverant3
2617 938 2831 999 neque

520 1035 745 1095 tamen
801 1029 868 1091 in
923 1027 1049 1091 hac
1093 1026 1565 1092 consuetudine
1610 1025 1834 1091 Livius
1880 1026 2008 1090 sibi
2055 1031 2319 1091 constat
2336 1050 2350 1105 3
2408 1025 2614 1107 signis
2661 1026 2832 1089 enim

521 1135 1049 1202 commemoratis
1108 1135 1404 1217 captivos
1453 1135 1702 1199 omittit
1745 1134 1859 1211 IX,
1918 1137 2019 1211 35,
2079 1140 2138 1209 8,
2199 1132 2276 1207 Χ,
2339 1137 2438 1211 30,
2484 1136 2541 1210 2,
2600 1130 2830 1208 XXVI,

522 1248 578 1323 6,
639 1250 698 1322 8,
755 1242 1020 1322 XXVII,
1075 1247 1177 1322 40,
1240 1247 1335 1322 11,
1392 1242 1594 1321 XXX,
1648 1246 1740 1320 18,
1805 1246 1899 1321 13,
1958 1241 2194 1321 XXXI,
2254 1244 2354 1319 49,
2414 1244 2472 1319 7,
2530 1239 2832 1319 XXXIII,

522 1356 621 1429 36,
677 1356 754 1416 13
771 1374 786 1430 ;
832 1372 984 1416 nam
1019 1350 1259 1430 XXIH,
1309 1353 1408 1429 35,
1460 1355 1535 1413 19
1581 1358 1762 1414 recte
1804 1349 2376 1415 Weissenbornius
2423 1370 2458 1413 e
2506 1348 2834 1431 scriptura

520 1459 764 1525 codicis
809 1459 860 1523 P
906 1459 1284 1541 suspicatus
1332 1463 1436 1523 est
1480 1458 1892 1541 captivorum
1935 1477 2275 1521 numerum
2323 1456 2660 1522 excidisse.
2675 1455 2734 1536 ι)

349 1584 491 1653 (268)
699 1565 894 1651 *Cap
942 1572 1025 1630 40
1040 1616 1055 1644 ‚
1124 1571 1161 1630 9
1218 1564 1328 1646 (de
1373 1565 1445 1630 T.
1491 1564 1738 1630 Manlio
1794 1566 1861 1629 in
1909 1564 2214 1630 Sardinia
2270 1571 2499 1630 contra
2541 1563 2835 1629 Hasdru·
2873 1559 2877 1562 ⁴

518 1674 736 1741 halem
792 1673 1036 1739 bellum
1094 1673 1419 1757 gerente):
1488 1673 1752 1739 Primo
1822 1679 2095 1738 castra
2151 1672 2457 1737 castris
2514 1693 2633 1737 mo
2651 1672 2833 1738 dico

518 1782 964 1848 intervallo
1035 1787 1222 1846 sunt
1277 1780 1640 1860 obiecta3
1710 1780 1751 1845 d
1770 1781 2099 1863 einceps
2156 1780 2833 1863 procursationes

520 1891 741 1955 levia
794 1890 1247 1955 certamina
1302 1890 1527 1954 vario
1587 1894 1885 1955 eventu
1939 1889 2184 1968 inita3
2242 1895 2653 1972 postremo
2701 1888 2835 1953 de·

519 2020 598 2064 sc
614 2020 649 2062 e
663 2020 706 2062 n
722 2020 752 2062 s
768 2021 811 2062 ιι
826 2021 890 2062 m
947 1998 1027 2061 in
1085 1997 1211 2062 aci
1226 2018 1260 2061 e
1275 2019 1356 2061 m.
1469 1997 1577 2062 Sic
1626 1996 1885 2064 codices
1933 1993 2138 2077 (PCM
2184 1995 2371 2061 Cant.
2390 2047 2405 2075 ,
2463 1997 2617 2076 cet.)
2635 2021 2650 2076 3
2719 1996 2835 2061 sed

518 2127 729 2189 neque
775 2105 1058 2171 deince
1076 2126 1162 2187 ps
1197 2105 1264 2168 in
1300 2105 1789 2170 enumeratione
1826 2106 2001 2169 inter
2035 2105 2290 2187 primo
2327 2110 2394 2169 et
2424 2127 2467 2187 p
2484 2125 2566 2169 os
2583 2113 2779 2170 trem
2796 2127 2833 2171 o

517 2214 813 2298 positum
890 2212 1028 2279 ulla
1105 2212 1362 2277 ratione
1445 2212 1659 2278 ullove
1740 2211 2038 2296 exemplo
2121 2212 2499 2277 defenditur
2512 2261 2527 2290 ,
2623 2232 2833 2294 neque

519 2321 885 2405 asyndeton
943 2319 1689 2404 (procursationes,
1750 2320 2230 2398 certamina,
2285 2319 2514 2385 addito
2560 2340 2832 2404 praeser-

517 2429 638 2494 tim
694 2427 889 2494 alteri
942 2428 1190 2493 nomini
1235 2428 1584 2509 adiectivo)
1630 2429 1786 2494 ferri
1832 2435 2053 2512 potest
2065 2479 2080 2508 ,
2146 2449 2359 2511 neque
2404 2451 2446 2511 p
2458 2449 2493 2492 r
2507 2448 2545 2492 o
2560 2447 2595 2491 c
2606 2449 2650 2492 u
2663 2449 2697 2491 r
2709 2449 2739 2492 s
2754 2448 2794 2492 a
2809 2461 2835 2472 -

519 2537 783 2602 tiones
838 2537 1256 2615 ineuntur,
1315 2536 1432 2602 sed
1487 2538 1971 2617 certamina,
2028 2557 2311 2619 quorum
2369 2536 2498 2601 illae
2544 2536 2836 2602 occasio-

517 2665 665 2709 nem
710 2643 1024 2728 praebent.
1078 2645 1480 2720 ⁴Necessario
1529 2646 1729 2728 igitur
1773 2645 2220 2711 scribendum:
2270 2646 2310 2707 «1
2324 2665 2356 2708 e
2369 2644 2393 2706 i
2405 2663 2444 2706 ι
2491 2665 2527 2725 p
2540 2664 2573 2707 e
2587 2664 2617 2706 ι·
2660 2666 2703 2727 p
2718 2667 2752 2707 r
2764 2665 2834 2709 o-

519 2754 1044 2817 cursationes
1087 2752 1301 2818 levia
1346 2754 1803 2819 certamina
1853 2790 1933 2800 -—
1975 2755 2204 2819 inita.

693 2860 848 2943 Cap.
896 2865 998 2939 41,
1053 2865 1158 2925 11:
1225 2861 1416 2945 App.
1466 2858 1864 2927 Claudius
1898 2896 1986 2908 —-
2028 2861 2489 2927 Messanam
2532 2861 2835 2943 raptim

520 2953 887 3034 exercitu
955 2969 1195 3034 ducto
1267 2976 1630 3053 aestuque
1687 2990 1826 3035 suo
1886 2970 1993 3035 Lo
2011 2990 2190 3035 cros
2247 2968 2615 3033 traiecit.
2727 2967 2833 3064 Sic

519 3077 589 3141 in
667 3075 1006 3141 codicibus
1076 3075 1406 3142 scribitur.
1528 3076 1759 3160 Neque
1837 3077 2002 3142 illud
2080 3099 2113 3140 r
2124 3098 2165 3141 a
2181 3100 2223 3161 p
2238 3084 2266 3141 t
2280 3077 2378 3141 im
2460 3097 2495 3142 e
2509 3099 2550 3140 x
2565 3097 2599 3140 e
2614 3077 2730 3140 rci
2744 3084 2774 3140 t
2790 3097 2834 3140 u

521 3184 565 3249 d
577 3206 621 3249 u
636 3206 672 3250 c
684 3191 713 3249 t
725 3205 762 3249 o
822 3184 929 3265 (de
986 3185 1220 3249 itinere
1279 3186 1581 3250 terrestri
1639 3189 1793 3250 ante
1838 3185 2223 3264 traiectum)
2269 3184 2641 3268 copulative
2686 3205 2834 3249 cum

521 3313 575 3357 ae
591 3313 622 3356 s
638 3299 666 3355 t
678 3313 721 3355 u
779 3313 809 3356 s
824 3313 868 3356 u
884 3312 921 3355 o
980 3291 1123 3375 (qui
1178 3291 1264 3356 ad
1321 3293 1675 3374 navigandi
1730 3293 2264 3359 commoditatem
2320 3292 2632 3376 pertinet)
2679 3312 2831 3357 con·

519 3400 701 3482 iungi
767 3404 988 3482 potest
1052 3420 1266 3482 neque
1333 3401 1402 3464 in
1466 3401 1817 3484 navigandi
1876 3402 2347 3467 commoditate
2404 3397 2832 3482 significanda

521 3525 575 3572 ae
590 3529 620 3571 s
636 3513 664 3570 t
676 3529 719 3571 u
734 3527 763 3570 s
822 3506 1003 3571 solus
1063 3510 1589 3585 commemorari,
1660 3511 1902 3575 omisso
1946 3517 2164 3575 vento.
2278 3510 2513 3590 Itaque
2572 3506 2697 3584 hic,
2756 3513 2832 3572 ut

523 3613 682 3680 alibi
742 3634 934 3696 saepe,
992 3635 1035 3696 q
1050 3634 1093 3677 u
1108 3635 1142 3678 e
1197 3614 1506 3680 indicium
1551 3616 1714 3681 facit
1759 3618 1936 3683 vocis
1982 3618 2240 3683 omissae
2257 3668 2272 3695 ,
2341 3618 2832 3699 scripseratque

524 3722 776 3786 Livius:
869 3720 1326 3787 Messanam
1412 3725 1710 3807 raptim
1801 3726 2170 3791 exercitu
2248 3726 2523 3802 duct0,
2613 3731 2833 3786 vent·

580 3974 627 4040 ¹)
667 3974 797 4043 Cap.
853 3976 948 4040 36,
1014 3977 1047 4028 2
1100 3975 1488 4031 Alschefskius
1552 3978 1611 4033 in
1666 3979 1914 4032 editione
1968 3980 2186 4032 minore
2239 3979 2300 4033 in
2355 3997 2548 4034 verum
2604 3979 2830 4034 incidit:

662 4060 965 4114 tironum
1019 4076 1266 4128 magna
1319 4078 1396 4116 ex
1447 4066 1654 4131 parte
1699 4068 1766 4117 et
1810 4079 2198 4117 servorum.
2286 4063 2495 4118 Omissi
2532 4082 2564 4118 a
2600 4064 2832 4117 librario

661 4150 726 4198 et
762 4151 894 4214 post
927 4161 954 4197 e
989 4145 1246 4214 exempla
1282 4153 1411 4200 ante
1446 4148 1636 4216 posui3
1684 4165 1729 4201 c.
1767 4150 1860 4215 46,
1910 4150 1944 4202 6
1980 4150 2092 4204 iam
2129 4149 2623 4204 Weissenbornius
2663 4150 2833 4218 scrip·

662 4230 763 4283 sit:
800 4229 994 4283 mixti
1030 4228 1339 4284 Numidae
1380 4237 1445 4286 et
1481 4232 1792 4302 Hispani.
1873 4232 1950 4302 [C.
1992 4236 2077 4300 3⁷,
2115 4237 2148 4288 2
2185 4234 2549 4290 scribendum
2584 4234 2829 4288 videtur:

660 4315 1001 4368 Adversus
1039 4314 1341 4382 ligneam
1381 4314 1734 4386 ingentem
1771 4317 2106 4373 admotam
2142 4320 2292 4374 urbi
2328 4325 2588 4373 turrem
2626 4319 2830 4372 aliam

661 4401 784 4469 (pro
833 4401 1038 4454 aliam
1077 4401 1360 4464 turrem)
1402 4420 1478 4454 ex
1515 4404 1666 4471 ipso
1702 4420 1890 4457 muro
1929 4406 2289 4471 excitavit3
2326 4404 2641 4460 necessario
2679 4405 2830 4458 enim

659 4502 867 4539 nomen
903 4501 1030 4538 cum
1068 4485 1445 4552 superioribus
1484 4486 1777 4542 adiectivis
1815 4489 2271 4558 coniungendum
2308 4496 2407 4544 est.
2484 4486 2655 4556 1862]
