3230 5282
625 586 748 640 Lib.
801 587 1075 640 XXXVII.
1729 578 1852 638 530

802 758 960 841 Cap.
1010 763 1127 839 26,
1188 765 1224 824 6
1283 770 1351 825 et
1408 767 1443 824 7
1505 761 1617 841 (de
1666 759 1986 824 Antiocho
2033 760 2330 838 Notium,
2390 760 2702 843 oppidum
2750 758 2940 824 Colo·

628 865 1042 947 phoniorum,
1090 867 1564 950 oppugnante):
1612 869 1710 932 Et
1753 870 2009 951 ipsam
2053 868 2329 932 urbem
2375 887 2533 931 suae
2578 874 2943 950 potesta·

628 974 738 1036 tis
802 994 979 1038 esse
1026 975 1386 1054 volebat,
1445 976 1646 1041 adeo
1696 976 2235 1058 propinquam
2283 974 2639 1058 Epheso,
2699 980 2788 1039 ut
2830 975 2937 1038 ni·

627 1080 743 1144 hil
791 1087 1023 1145 terra
1066 1082 1366 1146 marive
1414 1082 1691 1165 (Ephesi
1736 1082 2127 1160 Antiochus)
2174 1088 2472 1162 ageret,
2532 1082 2740 1162 quod
2783 1102 2933 1145 non

634 1187 1092 1253 subiectum
1160 1189 1425 1254 oculis
1484 1188 2186 1273 Colophoniorum
2255 1210 2344 1252 ac
2411 1210 2551 1272 per
2617 1209 2750 1253 eos
2804 1210 2939 1252 no-

631 1303 793 1359 tum
851 1297 1259 1379 extemplo
1306 1298 1696 1362 Romanis
1755 1305 2009 1374 esset,
2079 1317 2310 1377 quos,
2381 1297 2662 1361 audita
2718 1296 2936 1360 obsi-

630 1402 899 1481 dione,
966 1424 1116 1467 non
1196 1404 1637 1469 dubitabat
1702 1404 1799 1468 ad
1867 1425 2089 1486 opem
2144 1405 2388 1468 sociae
2445 1404 2626 1467 urbi
2672 1404 2934 1468 feren·

631 1509 802 1574 dam
879 1511 1225 1575 classem
1304 1533 1344 1575 a
1413 1510 1651 1576 Samo
1719 1517 2116 1590 moturos;
2197 1532 2362 1576 eam
2430 1512 2935 1576 occasionem

629 1616 1147 1699 Polyxenidae
1208 1618 1304 1683 ad
1349 1640 1507 1682 rem
1555 1618 1993 1700 gerendam
2040 1617 2231 1682 fore.
2331 1617 2582 1682 Pendet
2624 1625 2706 1682 et
2750 1619 2933 1682 initio

629 1726 836 1788 totius
893 1726 1231 1790 sententiae
1287 1727 1575 1809 positum
1633 1747 1754 1790 nec
1798 1726 2092 1809 sequitur
2137 1725 2348 1790 altera
2394 1746 2594 1789 causa
2636 1725 2787 1789 huic
2831 1725 2935 1806 (et

630 1831 887 1914 ipsam
933 1832 1237 1913 urbem)
1273 1833 1712 1916 respondens3
1759 1855 1910 1898 nam
1957 1832 2284 1916 duplicem
2330 1853 2596 1897 causam
2642 1831 2934 1897 studiose

631 1947 950 2022 susceptae
1018 1940 1115 2004 rei
1181 1939 1534 2022 significari
1605 1948 1914 2024 apparet,
1994 1940 2275 2004 alteram
2345 1942 2412 2005 in
2480 1940 2690 2023 ipsius
2756 1938 2934 2002 urbis

631 2047 1043 2128 possessione
1088 2048 1402 2130 positam,
1471 2048 1752 2113 alteram
1809 2050 1874 2111 in
1931 2069 2001 2112 re
2064 2048 2396 2112 adiuncta.
2513 2045 2790 2129 Scripsit
2832 2045 2935 2108 Li-

631 2155 802 2218 vius:
871 2154 971 2218 Et
1023 2156 1283 2237 ipsam
1338 2156 1609 2220 urbem
1672 2177 1828 2220 suae
1873 2177 2051 2220 esse
2099 2157 2548 2238 potestatis
2592 2154 2931 2230 volebat,

628 2296 742 2336 —‚
802 2268 870 2322 et
938 2262 1067 2322 hos
1147 2261 1569 2343 (Romanos),
1642 2263 1922 2326 audita
1967 2263 2431 2340 obsidione,
2499 2283 2656 2326 non
2704 2261 2931 2325 dubi-

461 2380 601 2450 (428)
637 2368 874 2431 tabat
920 2375 1041 2432 cet.
1155 2369 1418 2434 Excidit
1476 2377 1557 2434 et
1609 2377 1764 2452 post
1819 2377 2073 2449 esset;
2141 2370 2375 2435 deinde
2432 2369 2673 2434 factum
2722 2388 2928 2450 quos.

630 2475 703 2537 In
763 2475 1209 2541 anacoluthon
1265 2476 1481 2541 Livius
1548 2479 1614 2540 in
1683 2478 1802 2542 tali
1860 2478 2175 2542 orationis
2233 2477 2445 2541 forma
2499 2483 2636 2540 tam
2703 2481 2925 2558 aperte

631 2583 937 2647 instituta
982 2589 1050 2648 et
1092 2589 1230 2650 tam
1272 2583 1452 2648 facili
1495 2584 1787 2651 incidere
1834 2606 1963 2650 non
2009 2585 2245 2668 potuit.
2348 2584 2551 2649 Paulo
2598 2590 2765 2667 post,
2820 2582 2930 2646 ubi

632 2691 851 2771 agitur
897 2691 977 2755 de
1038 2691 1108 2754 L.
1154 2692 1420 2757 AEmilio
1478 2698 1761 2775 praetore
1828 2698 2178 2757 cunctante
2242 2690 2665 2775 Colophoniis
2726 2690 2933 2771 (Notii

628 2798 887 2879 incolis)
956 2800 1271 2864 auxilium
1336 2800 1541 2877 ferre,
1624 2801 1718 2864 sic
1797 2800 2108 2865 scribitur
2178 2798 2240 2882 (ἓ
2317 2800 2453 2882 12):
2534 2798 2931 2863 Eudamus

629 2904 1025 2983 Rhodius,
1106 2908 1243 2989 qui
1312 2914 1391 2971 et
1456 2912 1840 2971 tenuerat
1906 2928 2079 2972 eum
2168 2907 2384 2972 Sami
2474 2908 2933 2989 cupientem

629 3013 1060 3095 proficisci
1116 3015 1194 3077 in
1252 3013 1904 3097 Hellespontum,
1974 3016 2411 3097 cunctique
2482 3015 2798 3078 instare
2855 3017 2933 3077 et

631 3120 935 3200 dicere,
1003 3129 1310 3203 quanto
1378 3123 1642 3186 satius
1713 3142 1893 3186 esse
1960 3122 2083 3185 vel
2159 3123 2434 3186 socios
2502 3119 2931 3185 obsidione

629 3229 975 3292 eximere
1042 3228 1166 3291 vel
1237 3235 1357 3293 cet.
1470 3229 1823 3308 Vitiosum,
1889 3234 1966 3293 ut
2019 3229 2178 3293 ferri
2235 3234 2553 3310 nequeat:
2621 3228 2927 3304 dicere,

627 3339 935 3418 quanto
1005 3335 1265 3399 satius
1334 3342 1515 3400 esse
1573 3335 2090 3419 [perversissime
2148 3342 2567 3418 comparatur
2624 3333 2755 3399 Cic.
2811 3354 2931 3416 pro

625 3440 760 3505 Mil.
810 3440 842 3522 ξ
903 3445 1012 3519 16,
1081 3440 1344 3506 sublata
1399 3449 1584 3508 recta
1641 3444 2173 3526 interrogationis
2228 3442 2470 3507 forma:
2542 3446 2928 3525 quantum

624 3582 712 3592 —-
767 3547 1290 3631 accepimus];
1369 3551 1423 3614 si
1492 3556 1710 3616 esset
1775 3552 2145 3634 scripseris,
2225 3550 2647 3633 subineptum
2713 3556 2928 3614 tamen

627 3662 755 3719 est:
838 3656 1139 3733 dicere,
1206 3664 1513 3739 quanto
1583 3658 1854 3722 satius
1911 3666 2167 3736 esset,
2238 3679 2438 3741 quum
2493 3658 2927 3722 rectissimum

627 3769 825 3826 esset:
906 3798 994 3807 —
1057 3764 1414 3843 instare;
1493 3771 1798 3847 quanto
1879 3767 2145 3829 satius
2213 3785 2390 3829 esse
2459 3771 2617 3844 cet.;
2693 3764 2929 3829 saltem

627 3869 929 3934 dixisset:
999 3876 1078 3934 et
1132 3870 1553 3935 disserere
1601 3877 1716 3934 aut
1761 3878 1837 3934 et
1882 3873 2224 3952 exsequi
2270 3877 2386 3935 aut
2429 3873 2747 3936 instare
2793 3892 2929 3934 ex·

627 3976 1059 4059 sequendo.
1150 3976 1415 4055 Vereor,
1471 3998 1551 4041 ne
1596 3978 1903 4042 mendum
1949 3980 2165 4044 subsit
2212 3979 2761 4062 scribendumque
2809 3979 2925 4042 sit:

623 4084 962 4162 instare,
1020 4091 1106 4148 ut
1151 4083 1520 4149 duceret:
1579 4085 1905 4163 Quanto
1954 4088 2213 4151 satius
2260 4107 2439 4152 esse
2485 4091 2608 4150 cet.
2690 4083 2821 4149 Cfr.
2869 4105 2924 4148 c.

629 4194 727 4268 39,
778 4194 846 4253 3:
905 4188 1507 4256 Conclamatum
1554 4193 1910 4277 undique
1956 4199 2097 4271 est,
2141 4194 2476 4258 duceret
2524 4191 2927 4274 extemplo

626 4303 707 4362 et
752 4305 1132 4363 uteretur
1176 4299 1467 4363 ardore
1512 4300 1880 4364 militum.
