3230 5282
1428 589 1550 648 539
2173 600 2293 652 Lib.
2357 599 2664 654 XXXVIII.

1146 883 1341 965 Lib.
1412 881 1880 963 XXXVIH.

517 1099 672 1183 Cap.
751 1105 802 1178 1,
875 1106 913 1162 4
982 1109 1046 1164 et
1114 1105 1149 1162 5
1198 1098 1307 1179 (de
1374 1098 1776 1182 Amynandri
1853 1100 2142 1164 consiliis
2222 1104 2654 1186 recuperandi

371 1207 780 1272 Athamaniae
825 1208 1066 1289 regni):
1113 1208 1594 1287 remissique
1632 1206 1897 1269 nuntii
1935 1206 2026 1269 ab
2063 1228 2150 1273 eo
2188 1209 2658 1292 (Amynandro)

352 1315 451 1378 ad
498 1316 914 1397 principes
952 1313 1421 1395 Argitheam
1467 1312 1575 1393 (id
1624 1313 1832 1376 enim
1871 1322 2114 1396 caput
2148 1317 2657 1381 Athamaniae

347 1423 587 1502 erat),
648 1423 713 1486 si
760 1421 1285 1504 popularium
1341 1421 1653 1483 animos
1711 1420 1913 1483 satis
1980 1431 2464 1507 perspectos
2522 1424 2657 1487 ha·

352 1529 609 1606 beret,
644 1530 1089 1611 impetrato
1130 1527 1224 1591 ab
1262 1526 1557 1591 AEtolis
1592 1526 1933 1604 auxilio,
1980 1528 2057 1590 in
2091 1530 2657 1594 Athamaniam

346 1658 428 1701 se
485 1644 909 1702 venturum
958 1656 1124 1699 cum
1194 1634 1549 1698 delectis
1617 1633 2090 1712 AEtolorum‚
2150 1638 2350 1719 quod
2397 1640 2657 1701 consi-

349 1742 543 1806 lium
578 1751 797 1807 esset
832 1743 1131 1824 gentis,
1166 1747 1243 1804 et
1276 1740 1686 1806 Nicandro
1721 1749 2085 1822 praetore.
2135 1743 2344 1821 Quos
2394 1744 2528 1808 ubi
2564 1746 2656 1810 ad

360 1851 619 1915 omnia
664 1859 1004 1933 paratos
1051 1870 1230 1913 esse
1277 1847 1509 1924 vidit,
1571 1848 1979 1912 certiores
2041 1850 2385 1915 subinde
2434 1852 2657 1929 facit,

347 1979 499 2039 quo
526 1958 651 2022 die
678 1978 846 2022 cum
875 1957 1242 2021 exercitu
1268 1955 1826 2020 Athamaniam
1864 1956 2388 2038 ingressurus
2414 1967 2653 2023 esset.

350 2064 515 2128 Mire
563 2087 694 2129 non
740 2065 949 2129 solum
995 2085 1141 2128 cum
1188 2063 1479 2127 exercitu
1536 2084 1603 2124 se
1662 2070 2002 2126 venturum
2048 2064 2464 2146 Amynander
2510 2089 2656 2149 pro-

347 2171 566 2248 mittit,
612 2171 726 2234 sed
775 2192 919 2235 cum
968 2179 1107 2235 toto
1153 2170 1522 2235 AEtolorum
1569 2169 1861 2246 consilio,
1908 2172 2081 2252 quod
2129 2172 2289 2235 alibi
2334 2195 2656 2256 nusquam

351 2300 621 2361 peregre
668 2277 1033 2361 profectum
1079 2277 1237 2360 legi,
1307 2285 1373 2341 et
1418 2297 1566 2340 cum
1614 2298 1863 2341 summo
1924 2279 2347 2360 magistratu,
2413 2289 2477 2346 et
2534 2281 2657 2345 hoc

351 2388 675 2469 promittit
730 2386 1018 2450 nondum
1085 2385 1322 2449 AEtolis
1384 2383 1712 2464 (delectis)
1775 2385 2111 2450 consultiS.
2202 2388 2362 2451 Nam
2425 2397 2658 2471 postea

355 2493 775 2560 demum.eos
844 2493 940 2558 ad
995 2494 1260 2557 omnia
1313 2501 1656 2574 paratos
1703 2491 1906 2569 videt,
1956 2493 2129 2573 quod
2174 2494 2389 2577 ipsum
2435 2497 2655 2579 inepte

356 2601 717 2679 subiicitur,
787 2623 917 2667 non
984 2599 1296 2677 indicato,
1359 2599 1848 2682 Amynandrum
1910 2620 2053 2665 cum
2113 2602 2191 2666 iis
2239 2604 2483 2685 egisse,
2533 2605 2654 2668 etsi

348 2711 495 2791 ipsa
540 2710 855 2774 orationis
888 2708 1101 2775 forma
1147 2707 1386 2788 (Quos
1431 2706 1565 2771 ubi
1617 2742 1690 2750 —
1741 2707 1975 2788 vidit)
2025 2718 2250 2791 aperte
2287 2710 2653 2792 significare

351 2816 627 2894 videtur,
664 2816 913 2898 aliquid
947 2815 1321 2880 huiusmodi
1370 2815 1805 2897 praecessisse.
1874 2814 2053 2878 Infra
2102 2815 2162 2896 (ξ
2212 2821 2276 2893 9)
2326 2818 2654 2900 Amynan-

348 2925 467 2989 der
511 2946 680 2988 cum
727 2924 956 2988 mille
1004 2922 1298 2987 AEtolis
1346 2921 1618 2999 (auxilio
1652 2922 2036 3002 impetrato)
2083 2923 2149 2985 iu
2185 2924 2647 2987 Athamaniam

346 3034 603 3095 venisse
660 3039 997 3109 narratum
1067 3029 1471 3095 delectorum
1530 3026 2035 3110 (apocletorum)
2098 3029 2356 3094 consilii
2415 3038 2653 3112 praeto-

341 3140 511 3203 risve
544 3138 726 3202 nulla
774 3139 1016 3203 mentio
1062 3138 1154 3202 fit.
1194 3136 1419 3214 Illud:
1469 3135 1678 3216 quod
1713 3137 2145 3200 consilium
2195 3146 2413 3200 esset
2460 3159 2634 3219 gen·
2675 3138 2826 3207 (43⁷)

342 3248 453 3311 tis
515 3266 711 3326 quam
771 3247 990 3329 inepte
1051 3247 1115 3308 in
1179 3266 1257 3308 ea
1302 3242 1777 3320 includeretur,
1841 3263 1984 3326 quae
2029 3243 2443 3326 Amynander
2485 3267 2647 3308 nun-

341 3355 500 3418 tiari
523 3352 1003 3417 Athamanibus
1049 3353 1350 3417 iussisset
1375 3351 1590 3431 (quasi
1625 3349 2026 3414 Athamanes
2063 3351 2343 3415 docendi
2388 3350 2647 3431 fuerint,

347 3462 621 3544 quinam
689 3468 911 3525 essent
979 3460 1344 3524 AEtolorum
1411 3457 1757 3540 apocleti),
1819 3459 2018 3521 etiam
2074 3457 2646 3524 Weissenbornius

345 3571 567 3633 sensit.
636 3567 817 3632 Nihil
852 3567 1265 3631 manifestius
1291 3588 1485 3649 quam
1523 3563 1777 3647 aliquid
1811 3564 2149 3629 excidisse.
2218 3565 2437 3629 Livius
2476 3568 2645 3630 enim

344 3676 432 3739 ad
475 3676 645 3740 hanc
691 3674 964 3739 formam
1009 3675 1392 3755 scripserat:
1458 3708 1537 3716 —
1592 3673 1670 3734 in
1718 3670 2283 3755 Athamaniam
2332 3695 2411 3737 se
2472 3696 2645 3738 ven-

341 3789 635 3847 turum.
727 3783 888 3861 Agit
935 3781 1213 3843 deinde
1261 3802 1431 3845 cum
1490 3779 1840 3843 delectis
1887 3779 2356 3859 AEtolorum,
2424 3781 2642 3860 quod

342 3890 776 3953 consilium
844 3897 953 3951 est
1010 3888 1308 3971 gentiS,
1378 3896 1453 3951 et
1519 3886 1930 3951 Nicandro
1999 3897 2374 3970 praet1ore3
2446 3909 2643 3969 quos

338 3997 471 4061 ubi
519 4005 641 4061 cet.
735 3995 977 4061 Similis
1024 3996 1263 4060 lacuna
1322 3994 1608 4059 omnium
1668 3991 1968 4057 codicum
2013 3995 2080 4057 in
2128 4015 2268 4078 cap.
2319 3999 2376 4073 9,
2426 3999 2463 4059 9
2510 3997 2642 4078 pri·

340 4104 486 4168 dem
533 4105 986 4170 animadversa
1033 4111 1151 4179 est,
1199 4105 1264 4166 in
1314 4122 1367 4165 e.
1404 4105 1505 4179 28,
1556 4106 1592 4163 6
1642 4099 1838 4182 paulo
1877 4109 2029 4183 post
2063 4101 2639 4179 demonstrabitur,

337 4213 405 4275 in
441 4214 781 4294 superiore
818 4219 1039 4275 autem
1073 4210 1243 4274 libro
1292 4230 1343 4273 c.
1398 4213 1492 4286 10,
1547 4212 1617 4270 11
1670 4228 1710 4270 a
1756 4206 2075 4285 Creverio,
2123 4211 2188 4272 in
2235 4210 2491 4289 XXXV,
2540 4216 2638 4289 34,

344 4325 372 4382 1
425 4341 464 4383 a
510 4319 1048 4384 Weissenbornio
1098 4317 1502 4400 deprehensa
1559 4322 1689 4392 est,
1749 4335 1942 4395 quam
2000 4317 2135 4398 ipse
2183 4338 2442 4400 quoque
2489 4327 2640 4381 ante

337 4427 579 4490 multos
637 4440 842 4491 annos
899 4435 1218 4491 notaram.
1310 4424 1456 4487 Alia
1516 4423 1817 4504 exempla
1874 4433 2217 4489 occurrent
2282 4423 2636 4503 XXXVIII,
