3230 5282
1392 643 1516 706 233
2380 653 2506 711 Lib.
2540 653 2608 709 X.

344 846 458 909 quo
495 826 642 893 nihil
686 835 789 895 est
831 828 1127 908 inanius,
1196 833 1473 912 agunt3
1551 846 1685 911 quo
1730 827 2042 893 tandem?
2111 826 2279 893 Tum
2323 826 2608 911 abrupte

340 933 603 1002 additur:
671 936 1108 1022 expellunt
1163 940 1287 1001 cet.
1402 933 1638 1001 Omnia
1682 941 1868 1002 recta
1912 942 2137 1018 erunt,
2198 936 2287 1017 si,
2346 935 2609 1002 sublato

335 1042 438 1110 illo
512 1051 785 1129 agunt,
862 1044 1357 1129 scripserimus:
1446 1042 1849 1127 impulsos
1937 1044 2182 1110 semel
2270 1050 2609 1110 terrore

337 1153 610 1236 eodem,
689 1175 844 1239 quo
924 1157 1405 1237 coeperant,
1487 1150 1916 1236 expellunt
1994 1158 2228 1219 extra
2291 1157 2611 1236 portam

333 1260 783 1348 vallumque.
894 1260 1036 1327 Iam
1103 1265 1411 1344 apparet,
1477 1259 1745 1324 minime
1802 1259 2144 1325 abundare
2198 1259 2401 1324 verba
2455 1280 2607 1343 quo

335 1377 782 1454 coeperant,
852 1369 1203 1437 coniuncta
1270 1387 1419 1433 cum
1483 1366 1635 1432 finis
1704 1373 1772 1433 et
1839 1369 2053 1433 exitus
2112 1366 2608 1449 significatione.

331 1474 791 1562 (Coeperant
867 1498 990 1563 pro
1059 1482 1512 1560 coeperunt
1576 1481 1758 1542 recte
1829 1476 1909 1540 in·
1967 1474 2245 1556 Gaertn.‚
2313 1474 2609 1555 Havete„

328 1584 460 1651 aliis
501 1586 955 1653 emendatione
1001 1584 1351 1669 scriptum3
1400 1582 1515 1649 cfr.
1562 1604 1854 1668 prooem.
1899 1606 1964 1669 p.
2014 1582 2214 1665 380¹)

478 1692 625 1780 Cap.
652 1699 753 1776 34,
793 1698 823 1758 1
852 1697 982 1760 et2
1017 1692 1264 1758 editur:
1310 1690 1780 1757 Postumius
1814 1691 2264 1758 Milioniam
2299 1711 2611 1775 oppug-

332 1821 505 1868 nare
560 1802 905 1869 adortus
962 1801 1035 1865 vi
1089 1800 1345 1885 primo
1401 1805 1648 1881 atque
1693 1799 2030 1884 impetu,
2101 1798 2325 1879 dein,
2383 1804 2612 1883 post-

328 1929 537 1991 quam
589 1932 680 1977 ea
733 1929 1016 1995 parum
1070 1906 1663 1993 procedebant,
1725 1927 1964 1991 opere
2022 1926 2112 1972 ac
2167 1906 2430 1973 vineis
2476 1905 2611 1972 de-

324 2038 504 2084 mum
569 2018 971 2085 iniunctis
1026 2036 1250 2081 muro
1310 2016 1550 2099 cepit.
1662 2014 1739 2080 In
1795 2015 1899 2080 his
1953 2015 2330 2082 necessario
2387 2035 2612 2081 omnes

323 2124 570 2192 ablativi
614 2132 735 2192 aut
778 2125 862 2191 ad
908 2124 1331 2209 participium
1376 2122 1717 2189 adortus
1763 2124 2113 2207 pertinent,
2172 2123 2351 2209 quod
2395 2143 2611 2206 neque

323 2231 540 2301 additae
604 2254 798 2300 voces
866 2232 1171 2299 demum
1240 2227 1645 2297 iniunctis
1714 2252 1936 2298 muro
1996 2232 2343 2315 patiuntur
2395 2251 2610 2315 neque

321 2341 568 2407 verbum
625 2342 879 2426 cepit,
949 2339 1129 2426 quod
1189 2339 1284 2406 sic
1326 2338 1500 2404 nude
1546 2339 1705 2405 addi
1749 2341 2009 2423 nequit,
2079 2345 2196 2405 aut
2240 2338 2327 2404 ad
2371 2340 2607 2423 cepit,

320 2448 475 2531 quod
518 2449 848 2516 sententia
889 2447 1242 2514 manifesto
1287 2448 1562 2531 respuit.
1656 2445 1906 2514 Omitto
1964 2447 2483 2531 inaequalitatem
2541 2448 2611 2512 in

321 2576 542 2639 opere
636 2563 707 2623 et
797 2556 1060 2622 vineis
1149 2554 1457 2621 demum
1544 2556 1951 2621 iniunctis
2041 2576 2283 2621 muro.
2404 2557 2615 2621 Recta

323 2665 525 2730 omnia
579 2664 743 2732 fient
787 2664 1050 2730 sublato
1095 2683 1215 2743 ac,
1275 2664 1453 2748 quod
1498 2664 1848 2749 Siesbyeus
1894 2666 2121 2730 suasit.
2226 2663 2614 2748 Significata

321 2773 729 2857 oppugnandi
806 2773 1067 2838 ratione
1135 2771 1406 2838 additur
1472 2771 1871 2857 significatio
1938 2772 2036 2837 rei
2101 2794 2274 2857 segre
2342 2771 2609 2839 effectae.

319 2878 416 2945 Sic
466 2881 726 2970 demum
784 2886 961 2946 recte
1017 2901 1113 2965 op
1133 2900 1265 2945 ere
1324 2880 1406 2946 de
1462 2901 1729 2964 genere·
1761 2880 2034 2961 dicitur3
2103 2880 2394 2963 alioquin
2449 2881 2610 2946 scri-

315 2985 569 3053 beretur
611 2988 1004 3072 operibus
1050 3008 1141 3053 ac
1185 2988 1471 3054 vineis.
1560 2988 1808 3071 (1875.)

470 3094 625 3180 Cap.
666 3098 767 3176 36,
815 3099 882 3159 ⁷:
931 3093 1212 3177 (Consul
1255 3095 1343 3160 M.
1364 3095 1637 3178 Atilius)
1685 3096 2024 3162 obstitit
2067 3095 2403 3180 profuse
2447 3102 2611 3161 ten-

314 3200 694 3269 dentibus
752 3203 920 3268 suis
976 3204 1058 3267 in
1104 3209 1404 3269 castra.
1505 3203 1790 3269 Effuse
1838 3210 2088 3284 euntes,
2137 3203 2465 3282 cedentes,
2510 3204 2611 3269 fu-

308 3311 584 3394 gientes,
651 3316 921 3377 ruentes
978 3311 1157 3391 novi,
1224 3310 1287 3375 h.
1336 3333 1427 3392 e.,
1498 3312 1807 3379 celeriter
1864 3319 1931 3379 et
1976 3313 2117 3378 sine
2162 3311 2297 3377 ullo
2345 3312 2611 3393 ordine;

306 3417 630 3502 profuse
696 3424 1035 3484 ruentes
1102 3440 1234 3485 non
1300 3420 1511 3503 magis
1577 3420 1715 3485 scio
1784 3421 1899 3504 qui
1967 3421 2127 3500 sint,
2196 3440 2399 3503 quam
2464 3439 2610 3503 quse

303 3525 493 3609 fuga
553 3525 921 3611 profusa,
989 3547 1144 3592 nam
1207 3526 1597 3612 profusus
1664 3548 1923 3612 semper
1989 3527 2075 3593 ad
2143 3527 2399 3612 copiam
2461 3549 2609 3612 per-

303 3634 485 3699 tinet.
604 3635 846 3719 Itaque
913 3634 1111 3701 aliter
1177 3635 1399 3701 Livius
1466 3635 1766 3719 scripsit;
1845 3637 2082 3720 opinor
2145 3633 2350 3701 fuisse
2419 3636 2605 3702 olim:

305 3741 649 3808 obstitit
720 3761 951 3824 prope
1019 3742 1275 3805 effuse
1341 3742 1881 3808 tendentibus
1940 3744 2112 3809 suis
2171 3744 2254 3808 in
2311 3752 2606 3810 castra.

306 3847 501 3933 [Olim
541 3870 799 3935 prope
843 3849 1032 3915 fuse
1080 3850 1509 3934 scripseram3
1556 3848 1823 3916 effuse
1868 3850 2487 3935 Weissenbornius.]

468 3954 626 4042 Cap.
675 3960 778 4037 38,
825 3961 864 4022 2
913 3978 1055 4041 sqq.
1144 3957 1222 4022 In
1264 3958 1392 4024 hoc
1434 3959 1579 4024 loco
1626 3959 1925 4043 primum,
1986 3964 2063 4023 ut
2107 3967 2329 4026 cetera
2371 3960 2607 4026 melius

300 4065 675 4150 procedant,
731 4065 1144 4134 emendanda
1187 4066 1663 4133 sententiarum
1708 4066 2040 4133 distinctio
2087 4073 2208 4133 est.
2306 4067 2597 4133 Primum
2636 4082 2776 4153 (195)

302 4175 462 4239 enim
529 4174 830 4239 universe
897 4172 1336 4257 significatur,
1403 4175 1579 4258 quod
1635 4180 1870 4259 postea
1926 4175 2305 4257 singulatim
2363 4177 2608 4243 descri-

344 4427 390 4494 ¹)
424 4427 514 4481 De
557 4430 650 4495 32,
703 4429 740 4482 4
774 4431 835 4482 et
878 4430 971 4496 3⁷,
1029 4429 1094 4481 15
1137 4433 1298 4484 recte
1341 4428 1454 4482 iam
1491 4429 1561 4483 ab
1599 4428 1725 4482 aliis
1764 4426 2071 4484 iudicatum
2117 4435 2229 4497 est;
2276 4429 2373 4484 cfr.
2410 4433 2605 4484 tamen

422 4529 677 4583 prooem.
712 4531 769 4583 p.
810 4515 874 4568 16
911 4519 970 4568 et
1003 4531 1059 4583 p.
1097 4515 1179 4568 80.
