3230 5282
579 612 705 668 Lib.
743 612 839 667 111.
1686 600 1765 661 96

581 790 1064 870 pugnarent.
1166 782 1337 861 Quid
1392 790 1566 849 esset
1620 785 1688 849 in
1742 784 1846 849 his
1890 785 2105 869 pravi,
2163 791 2458 852 senserat
2504 784 2872 881 Glareanus

579 893 807 977 aliqua
885 914 963 959 ex
1038 898 1225 977 parte
1294 898 1359 957 et
1426 891 1685 958 duobus
1751 892 1966 959 modis
2034 893 2403 960 enarrando
2468 899 2871 978 aperuerunt

579 1000 1155 1068 Drakenborchius
1202 1006 1268 1065 et
1311 1000 1911 1081 Weissenbornius,
1968 1021 2247 1083 quorum
2301 1000 2412 1066 ille
2455 1002 2588 1067 tria
2632 1021 2871 1085 genera

581 1110 1096 1194 oppugnantium
1142 1108 1454 1190 distingui
1498 1114 1709 1193 putat,
1754 1129 1874 1175 nec
1917 1108 2094 1176 videt
2129 1110 2465 1181 maxime
2498 1110 2867 1175 necessario

527 1296 538 1303 ι
577 1238 729 1283 cum
785 1223 1354 1302 oppugnarent
1409 1218 1714 1301 coniungi
1771 1215 2010 1301 (neque
2058 1218 2228 1283 enim
2273 1216 2658 1283 admirabile
2705 1223 2867 1295 erat,

576 1325 758 1410 quod
815 1326 1279 1409 competitores
1335 1331 1402 1390 et
1458 1325 1621 1391 socii
1676 1346 1902 1390 eorum
1961 1325 2357 1392 decemviros
2406 1333 2869 1410 oppugnarent,

578 1434 698 1499 sed
755 1434 1218 1517 suspiciosum,
1285 1432 1465 1517 quod
1507 1432 1577 1497 hi
1622 1432 1955 1515 maxime),
2020 1439 2187 1514 tum,
2255 1439 2330 1499 ut
2375 1434 2582 1500 socii
2626 1435 2866 1499 omisso

579 1563 846 1607 eorum
900 1540 1180 1621 feratur,
1247 1546 1466 1606 tamen
1519 1562 1653 1606 non
1708 1541 2029 1624 intellegi,
2097 1543 2208 1624 qui
2264 1542 2394 1607 sint
2437 1540 2533 1606 illi
2579 1548 2647 1607 et
2689 1541 2869 1606 cuius

578 1652 676 1715 rei
733 1650 922 1729 socii,
988 1655 1321 1733 postremo
1382 1669 1654 1732 prorsus
1710 1649 1982 1714 ridicule
2039 1651 2237 1716 tertio
2296 1650 2365 1715 in
2422 1670 2659 1733 genere
2714 1650 2869 1734 poni

576 1759 713 1823 sive
773 1757 918 1824 hos
977 1758 1110 1822 sive
1155 1756 1298 1823 hos
1343 1757 1708 1837 maxime,
1776 1758 1967 1840 quasi
2010 1758 2181 1824 inter
2223 1758 2393 1837 hos,
2461 1758 2574 1841 qui
2619 1776 2866 1841 oppug-

578 1871 813 1932 nantes
859 1865 1409 1945 demonstrantur,
1455 1866 1675 1948 priora
1721 1864 1848 1931 duo
1894 1886 2139 1949 genera
2184 1867 2703 1951 oppugnantium
2737 1886 2868 1931 non

577 1976 744 2054 sint3
822 1973 1392 2039 Weissenbornius
1484 1978 1706 2038 autem
1782 1981 1964 2039 recte
2040 1974 2363 2040 intellexit
2443 1996 2644 2040 unum
2720 1995 2865 2037 cum

578 2081 824 2147 invidia
890 2086 957 2146 et
1024 2082 1395 2165 suspicione
1461 2083 1957 2148 commemorari
2024 2083 2421 2148 decemviros
2490 2102 2867 2165 oppugnan-

579 2191 743 2255 tium
799 2209 1034 2273 genuS,
1103 2210 1365 2268 eorum,
1434 2190 1545 2270 qui
1601 2190 1730 2273 ipsi
1788 2190 2293 2256 decemviratum
2337 2190 2683 2274 petissent3
2752 2188 2865 2254 sed

579 2297 737 2362 dum
792 2296 912 2361 hos
967 2302 1082 2361 aut
1139 2297 1353 2362 soc-ios
1412 2303 1528 2360 aut
1583 2299 1863 2364 maxime
1910 2319 2325 2382 oppugnasse
2369 2298 2534 2377 vult,
2600 2302 2866 2381 praeter-

575 2426 778 2489 quam
835 2403 1012 2486 quod
1071 2404 1340 2469 socius
1397 2425 1773 2488 oppugno
1830 2405 1992 2471 nihil
2036 2428 2308 2491 prorsus
2354 2411 2456 2471 est
2498 2425 2618 2471 nec
2663 2404 2866 2470 socii

579 2518 720 2577 aut
764 2512 1103 2577 maxime
1147 2518 1325 2577 recte
1373 2511 1790 2596 copulantur,
1853 2514 1967 2579 sed
2013 2515 2216 2580 socii
2261 2521 2403 2580 aut
2447 2514 2864 2598 principes

577 2619 884 2705 (quorum
929 2626 1149 2685 tamen
1193 2619 1523 2705 principes
1569 2622 1791 2704 priore
1835 2621 1978 2688 loco
2024 2622 2311 2707 ponendi
2347 2620 2580 2704 erant),
2626 2620 2863 2706 fingere

577 2730 716 2813 ipse
774 2729 1029 2812 cogitur
1084 2727 1249 2793 alios
1307 2729 1529 2794 nescio
1588 2749 1755 2812 quos
1814 2730 2235 2815 oppugnandi
2292 2731 2638 2815 principes,
2707 2752 2867 2814 quo-

576 2858 721 2900 rum
764 2835 833 2901 hi
880 2836 1042 2902 socii
1085 2833 1345 2901 fuerint.
1449 2835 1682 2902 Omnia
1738 2843 1921 2903 recta
1977 2845 2169 2903 erunt
2223 2836 2522 2904 adhibita
2563 2837 2869 2903 facillima

434 2974 548 3041 (so)
586 2950 654 3008 et
697 2945 1057 3008 certissima
1100 2942 1581 3010 emendatione:
1652 2952 1738 3011 ut
1794 2944 2321 3026 decemviros,
2388 2947 2524 3030 qui
2570 2945 2866 3010 decem-

579 3053 929 3117 viratum
986 3053 1426 3135 petissent,
1488 3059 1628 3117 aut
1682 3053 1834 3115 son
1883 3060 2026 3119 aut
2068 3053 2150 3118 hi
2193 3055 2530 3119 maxime
2578 3073 2866 3138 oppug-

576 3158 957 3241 narent.¹)
1057 3159 1154 3224 Ea
1210 3159 1468 3225 demum
1525 3168 1705 3225 recte
1764 3162 2096 3227 contraria
2138 3162 2314 3227 inter
2359 3183 2428 3227 se
2471 3160 2864 3226 referuntur.

577 3266 748 3351 [Hoc
793 3268 994 3333 etiam
1030 3265 1365 3333 Creverius
1411 3267 1833 3352 correxerat]
1903 3270 2137 3335 Restat
2180 3271 2248 3334 in
2293 3269 2521 3334 eadem
2560 3269 2631 3333 L.
2656 3268 2865 3333 Malu-

571 3376 857 3458 ginensis
903 3375 1198 3440 oratione
1243 3375 1423 3441 aliud
1468 3376 1773 3442 mendum
1817 3375 1877 3460 (ξ
1930 3377 2066 3460 11);
2122 3379 2216 3443 sic
2262 3378 2435 3444 enim
2480 3376 2655 3461 apud
2699 3377 2864 3440 Dra-

573 3483 1042 3549 kenborchium
1088 3482 1424 3548 scribitur:
1475 3491 1831 3550 ceterum
1876 3486 2283 3566 neminem,
2331 3486 2634 3551 maiore
2680 3505 2866 3550 cura

577 3592 1001 3674 occupatis
1079 3591 1398 3670 animiS,
1477 3613 1743 3658 verum
1812 3614 2022 3673 esse,
2102 3593 2670 3676 praeiudicium
2746 3593 2862 3656 rei

576 3703 819 3763 tantae
875 3698 1213 3763 adferre.
1325 3697 1497 3764 Sibi
1554 3700 1884 3784 placere
1941 3699 2034 3765 de
2093 3722 2183 3766 eo
2242 3709 2361 3766 cet.
2472 3700 2548 3766 Id
2592 3721 2864 3784 pravum

487 3797 496 3807 ’
569 3827 715 3871 esse
762 3813 829 3871 et
873 3805 1035 3871 ordo
1081 3806 1425 3871 verborum
1470 3809 1718 3890 arguit,
1772 3809 2163 3874 neminem
2221 3810 2440 3893 inepte
2496 3811 2562 3873 in
2607 3809 2864 3873 initium

632 4041 676 4106 ι)
715 4040 942 4109 [Et-rore
977 4043 1306 4111 scripseram
1343 4061 1452 4098 uno
1488 4044 1658 4098 verbo
1692 4044 1845 4113 plus:
1885 4046 1994 4113 qui
2029 4045 2165 4115 ipsi
2201 4046 2753 4102 decemviratum.
2799 4044 2866 4098 Id

710 4143 880 4180 unum
933 4126 1187 4182 Kratzius
1241 4146 1365 4183 ann.
1419 4128 1609 4199 philol.
1656 4127 1833 4182 XCIII
1883 4148 1936 4199 p.
1985 4133 2088 4184 272
2140 4148 2309 4199 quum
2364 4132 2600 4186 consilio
2654 4130 2861 4184 factum

708 4216 957 4279 putaret,
1011 4230 1142 4267 sane
1193 4219 1347 4269 recte
1398 4214 1790 4284 reprehendit3
1846 4214 1915 4269 de
1971 4216 2172 4270 ceteris
2221 4234 2399 4286 neque
2442 4217 2533 4270 hic
2581 4232 2761 4284 neque
2805 4215 2863 4268 in

708 4296 935 4364 reliquis
978 4297 1119 4352 locis
1155 4306 1250 4353 aut
1283 4300 1420 4368 quid
1456 4299 1576 4353 vitii
1613 4304 1762 4354 esset
1797 4304 1893 4354 aut
1928 4299 2062 4369 quid
2099 4303 2380 4357 sententia
2414 4301 2731 4372 postularet
2767 4306 2864 4353 aut

709 4381 842 4449 quid
886 4387 1014 4451 apte
1051 4383 1382 4451 efficeretur,
1431 4385 1718 4439 intellexit.
1808 4385 2227 4440 Eiusdemmodi
2273 4388 2383 4442 alia
2427 4402 2604 4455 neque
2650 4385 2864 4439 adnoto

709 4483 890 4535 neque
925 4466 1145 4537 refuto]
