3230 5282
667 582 790 638 Lib.
826 583 869 638 Ι.
1781 574 1864 635 62

665 757 740 822 In
784 757 896 823 lib.
942 756 1005 821 Π
1052 778 1108 822 c.
1154 761 1269 838 43,
1326 762 1441 838 44,
1498 763 1613 838 45,
1671 762 1755 822 46
1812 760 2077 842 gravior
2120 759 2287 826 Livii
2343 766 2448 826 est
2491 781 2709 841 error,
2772 761 2968 844 quod,

664 872 811 931 tota
850 888 924 932 re
971 866 1245 932 obscure
1290 867 1509 932 animo
1555 865 2048 951 comprehensa,
2106 889 2203 949 ea,
2260 889 2406 952 quae
2451 890 2505 934 c.
2550 873 2654 949 43,
2711 874 2749 935 5
2795 869 2968 952 (cum

663 974 977 1060 Dionysio
1011 973 1345 1040 Halicarn.
1382 974 1494 1055 IX,
1538 979 1579 1038 2
1615 976 2035 1059 conspirans)
2069 976 2122 1041 F
2136 976 2321 1044 abio
2366 977 2535 1044 duce
2577 979 2658 1043 in
2692 978 2974 1045 Veien-

663 1083 892 1149 tibus
937 1083 1257 1149 accidisse
1301 1083 1649 1167 significat,
1692 1091 1928 1169 postea
1962 1106 2018 1150 c.
2054 1090 2161 1167 44,
2212 1089 2285 1149 11
2325 1092 2397 1151 et
2427 1090 2528 1168 46,
2580 1091 2608 1150 1
2649 1087 2717 1151 in
2753 1108 2972 1153 rerum

662 1192 943 1276 proximi
1013 1192 1168 1257 anni
1220 1192 1597 1257 narratione
1653 1198 1972 1276 tanquam
2023 1195 2093 1259 in
2146 1193 2425 1277 AEquis
2479 1203 2670 1279 gesta
2721 1203 2970 1262 narrat.

526 1311 634 1381 (51)
670 1299 1245 1366 Drakenborchius
1262 1351 1278 1379 ,
1346 1299 1595 1383 Sigonii
1650 1300 1893 1366 librum
1933 1303 2455 1369 recentissimum
2499 1310 2568 1369 et
2609 1305 2971 1389 interpola-

660 1409 989 1474 tissimum
1055 1415 1125 1474 et
1187 1409 1480 1475 eiusdem
1545 1410 1806 1492 generis
1862 1411 2144 1476 alterum
2205 1410 2364 1494 (ΗΞ)
2421 1419 2711 1495 secutus,
2768 1435 2823 1478 c.
2882 1417 2967 1478 43

660 1518 1009 1583 Veientum
1066 1521 1135 1582 et
1185 1516 1553 1599 AEquorum
1608 1519 1876 1583 nomina
1930 1521 2370 1604 transposuit,
2436 1521 2614 1605 quod
2657 1521 2965 1601 „Livium

660 1647 791 1691 non
845 1624 1120 1692 ferenda
1173 1626 1242 1691 in
1296 1627 1469 1690 tanti
1512 1626 1795 1692 nominis
1839 1646 1919 1691 ac
1961 1626 2152 1693 famae
2196 1629 2511 1695 historico
2553 1630 2971 1712 neglegentia

658 1736 889 1819 paucis
934 1734 1298 1800 interiectis
1344 1734 1448 1798 sui
1492 1734 1774 1800 oblitum
1818 1737 2003 1801 esse“
2053 1758 2186 1803 non
2231 1737 2561 1818 credebat,
2603 1736 2969 1821 habuitque

660 1843 1131 1926 obsequenteS,
1210 1842 1323 1925 qui
1400 1844 1469 1907 in
1536 1845 1874 1928 superiore
1937 1843 2085 1911 loco
2151 1845 2490 1911 codicibus
2556 1845 2968 1926 obedierant,

658 1952 1109 2036 Kreyssigium
1154 1956 1221 2015 et
1264 1949 1622 2030 Hertzium‚
1681 1952 2241 2033 dissentientibus,
2289 1955 2401 2037 qui
2445 1953 2584 2019 illic
2625 1953 2966 2020 Dukerum

659 2068 893 2126 contra
949 2060 1211 2125 codices
1269 2061 1479 2125 secuti
1536 2066 1757 2139 erant,
1825 2059 2238 2127 Alschefskio
2297 2069 2368 2127 et
2407 2060 2960 2129 Weissenbornio.

656 2168 924 2233 Utinam
968 2188 1099 2233 non
1144 2167 1354 2233 multo
1400 2169 1703 2250 graviora
1739 2167 1960 2234 Livius
2005 2169 2441 2235 commisisset
2484 2177 2553 2236 et
2586 2192 2732 2254 quae
2766 2171 2964 2237 verbo

654 2298 787 2342 uno
849 2275 1139 2342 alterove
1193 2275 1509 2341 mutando
1552 2276 2121 2360 transponendove
2168 2278 2503 2343 occultare
2548 2301 2682 2344 non
2725 2280 2960 2363 possis.

658 2385 801 2451 Lib.
849 2384 972 2464 IV,
1044 2387 1156 2463 30,
1228 2387 1303 2447 15
1350 2383 1417 2447 in
1464 2383 1765 2449 omnibus
1810 2384 2166 2466 codicibus,
2232 2387 2522 2470 exceptis
2564 2387 2780 2453 tribus
2827 2409 2964 2453 om-

654 2496 837 2559 nium
881 2492 1121 2557 infimis
1167 2491 1426 2571 (iisdem
1474 2489 1831 2575 Sigoniano
1879 2500 1945 2559 et
1987 2493 2111 2573 112,
2156 2501 2300 2560 tum
2343 2492 2957 2580 Havercampiano)‚

657 2601 1001 2669 scribitur:
1067 2605 1155 2666 ut
1201 2597 1637 2677 Quinctius
1700 2602 1985 2687 consul
2030 2602 2123 2668 de
2168 2601 2386 2669 bello
2432 2602 2531 2668 ad
2577 2603 2962 2689 populum

652 2711 941 2789 ferret,
1010 2716 1078 2774 et
1143 2729 1196 2773 c.
1258 2713 1371 2789 31,
1446 2714 1474 2773 l
1546 2709 1770 2774 Livius
1839 2711 2142 2795 proximo
2209 2732 2383 2777 anno
2450 2711 2522 2777 Τ.
2586 2695 2962 2789 Quinctium

651 2820 947 2885 Pennum
1007 2839 1100 2884 ex
1163 2817 1608 2885 consulatu
1664 2819 2004 2885 tribunum
2046 2819 2330 2885 militum
2374 2827 2667 2886 creatum
2712 2820 2960 2886 scribit.

651 2929 853 3010 Atqui
901 2947 1101 3012 supra
1145 2949 1198 2993 c.
1249 2931 1361 3007 30,
1424 2931 1499 2990 12
1548 2926 1856 2991 consules
1912 2926 2108 2993 huius
2154 2929 2307 2993 anni
2353 2928 2651 2994 ediderat
2696 2926 2766 2993 G.
2812 2928 2962 2996 Ser-

653 3037 876 3102 vilium
921 3037 1218 3115 Ahalam,
1268 3036 1341 3101 L.
1378 3035 1715 3120 Papirium
1759 3034 2221 3120 Mugillanum3
2264 3035 2337 3100 T.
2376 3033 2717 3113 Quinctius
2763 3058 2956 3121 supe—

653 3147 828 3212 riore
884 3166 1055 3212 anno
1115 3145 1341 3212 consul
1396 3144 1617 3210 fuerat
1675 3141 1738 3226 (ἓ
1784 3142 1871 3225 4).
1982 3144 2214 3227 Itaque
2262 3143 2482 3210 Livius
2524 3166 2658 3210 non
2702 3146 2836 3210 iam
2881 3167 2960 3213 ex

653 3255 910 3320 duobus
966 3253 1345 3321 hominibus
1393 3252 1673 3318 alterum
1718 3271 1838 3335 pro
1882 3252 2094 3317 altero
2139 3252 2516 3331 nominavit,
2577 3252 2694 3318 sed
2737 3254 2956 3337 negle-

648 3356 910 3447 gentius
967 3362 1192 3427 Ahalae
1249 3366 1316 3425 et
1369 3359 1712 3441 Mugillani
1772 3359 2017 3426 oblitus
2079 3360 2163 3425 ad
2221 3362 2596 3445 superiores
2654 3362 2958 3428 consules

649 3471 1011 3550 aberravit,
1076 3470 1298 3535 nescio
1368 3468 1527 3550 quid
1590 3469 1661 3531 in
1726 3466 1937 3533 altero
1997 3489 2076 3533 ex
2131 3469 2214 3535 iis
2272 3468 2614 3553 deligendo
2671 3468 2954 3536 secutus.

648 3579 956 3645 Editores
1013 3576 1163 3642 inde
1221 3598 1262 3642 a
1306 3575 1599 3659 sigonio,
1669 3577 1960 3660 exceptis
2004 3576 2334 3660 Bekkero,
2400 3577 2955 3658 Weissenbornio,

646 3687 945 3766 Hertzi0‚
1017 3685 1182 3750 Livii
1252 3704 1541 3749 errorem
1609 3683 2054 3751 audacissima
2118 3686 2482 3751 mutatione
2540 3686 2958 3752 occultarunt

649 3795 762 3877 (ut
818 3794 1201 3860 consules
1263 3793 1352 3857 de
1397 3792 1617 3857 bello
1664 3812 1724 3856 a.
1768 3814 1831 3876 p.
1878 3791 2264 3876 ferrent);
2319 3792 2767 3859 Alschefskius
2814 3796 2956 3878 qui-

648 3905 815 3983 dem,
861 3904 1056 3968 homo
1104 3901 1395 3984 alioquin
1440 3898 1914 3966 incredibiliter
1959 3903 2477 3986 superstitiosus,
2525 3903 2726 3968 etiam
2771 3924 2825 3967 c.
2875 3907 2948 3967 31

647 4034 740 4077 ex
797 4010 1228 4077 consulatu
1285 4008 1545 4074 delevit.
1657 4008 1872 4092 Magis
1930 4011 2131 4077 etiam
2189 4010 2353 4075 Livii
2410 4013 2478 4075 in
2534 4013 2816 4077 materia
2872 4033 2952 4077 ex

646 4139 691 4144 -.
816 4141 827 4144 Δ
922 4142 969 4144 A
1012 4141 1025 4144 ἡ
1050 4139 1102 4148 Α.

784 4203 989 4254 supra
1046 4185 1225 4238 belli
1279 4185 1517 4239 Latini
1575 4192 1850 4254 metum,
1908 4187 2012 4241 etsi
2066 4186 2380 4240 rectissime
2424 4185 2698 4255 aliquid
2744 4203 2955 4257 supra

780 4272 1121 4325 hominem
1157 4287 1303 4324 esse
1340 4275 1397 4324 et
1431 4271 1663 4340 putari
1700 4271 1922 4325 dicitur.
1979 4270 2039 4324 Si
2084 4271 2207 4340 quis
2241 4271 2464 4325 Livium
2500 4288 2688 4326 errore
2723 4273 2952 4328 liberari

779 4358 923 4425 vult,
959 4355 1315 4411 scribendum
1352 4357 1465 4409 erit
1498 4356 1568 4411 in
1604 4355 1803 4425 quod,
1841 4361 1907 4410 ut
1941 4356 2115 4411 verba
2150 4357 2230 4412 sic
2269 4356 2631 4412 ordinentur:
2680 4357 2845 4413 Nam
2883 4359 2952 4413 id

780 4460 1053 4514 quoque
1101 4441 1196 4510 (de
1233 4440 1478 4509 Sabinis)
1526 4446 1926 4497 accesserat
1962 4458 2170 4511 super
2204 4442 2374 4496 belli
2409 4442 2641 4498 Latini
2677 4449 2950 4513 metum,

777 4529 848 4582 in
886 4527 1073 4597 quod
1108 4533 1211 4582 cet.
1286 4526 1395 4581 Sed
1428 4526 1734 4597 perdurum
1768 4528 1876 4582 hoc
1914 4525 2059 4595 erit]
