3230 5282
503 540 515 552 ·
582 600 709 653 Lib.
745 599 862 652 XL.
1649 589 1772 649 574

556 779 691 835 tur
736 776 1042 851 castra3
1102 773 1440 851 castris,
1504 794 1671 856 quse
1727 793 1915 855 pars
1961 774 2295 838 maxime
2342 794 2381 837 a
2425 776 2862 857 pugnanti-

552 877 701 941 bus
749 879 1127 960 conspici
1183 871 1545 962 poterat,
1615 881 1916 944 iniecit
1970 881 2289 945 Acilius
2356 882 2651 963 ignem,
2710 883 2862 947 sub-

558 986 843 1049 stantivo
891 987 1220 1065 castris,
1267 988 1335 1050 in
1381 1007 1512 1070 quo
1557 987 1812 1051 nullum
1858 995 1957 1052 est
2003 988 2276 1071 pondus,
2321 988 2486 1053 nihil
2532 991 2859 1054 contrarie

552 1092 855 1169 relatum,
922 1094 1157 1158 vitiose
1224 1096 1508 1177 repetito
1577 1100 1643 1158 et
1708 1095 1775 1158 in
1833 1095 2096 1159 initium
2143 1099 2483 1160 sententiae
2549 1104 2856 1162 retracto.

551 1198 753 1264 Nulla
797 1208 899 1264 est
943 1200 1291 1280 dubitatio,
1337 1202 1495 1284 quin
1543 1201 1765 1266 Livius
1812 1203 2179 1285 scripserit:
2226 1226 2288 1286 p.
2339 1225 2389 1267 s.
2440 1225 2491 1267 c.
2538 1205 2858 1287 capiun-

553 1312 683 1371 tur
728 1315 1037 1388 castra3
1084 1307 1330 1388 captis
1372 1343 1462 1353 —
1503 1309 1801 1373 iniecit
1838 1309 2153 1374 Acilius
2189 1311 2465 1392 ignem,
2511 1312 2860 1376 notissima

552 1413 763 1496 figura
825 1413 980 1495 (vid.
1036 1437 1095 1479 v.
1147 1437 1201 1480 c.
1249 1416 1333 1495 II,
1380 1420 1482 1495 25,
1554 1421 1589 1479 5
1652 1421 1719 1480 et
1763 1415 1868 1493 VI,
1917 1420 2015 1493 32,
2078 1416 2163 1496 8),
2212 1438 2430 1499 quam
2497 1417 2856 1495 XXXVIII,

558 1526 657 1599 13,
709 1528 748 1584 4
792 1521 1132 1587 Bekkerus
1179 1544 1214 1587 e
1258 1523 1487 1588 Bamb.
1555 1524 1740 1588 Livio
1784 1522 2076 1588 reddidit
2122 1523 2580 1604 (castellum
2623 1526 2695 1588 vi
2741 1546 2852 1589 ce-

551 1630 706 1712 pit3
773 1636 1094 1713 captum
1173 1630 1900 1696 Alabandensibus
1967 1630 2305 1712 reddit).
2397 1630 2579 1714 [Gap.
2650 1636 2749 1711 33,
2815 1636 2854 1696 9

548 1738 614 1799 in
674 1737 820 1801 edd.
889 1743 1046 1802 vett.
1107 1738 1550 1802 scribebatur:
1619 1737 1961 1802 Flaccus
2004 1773 2093 1782 —-
2135 1761 2275 1822 per
2321 1737 2852 1804 Celtiberiam

548 1843 1183 1927 populabundus
1241 1845 1471 1910 ducit
1526 1846 1933 1928 legioneS,
2001 1846 2255 1910 multa
2311 1846 2671 1912 castella
2716 1867 2853 1929 op-

548 1952 1011 2034 pugnandO,
1057 1973 1207 2016 nec
1272 1953 1617 2017 maxima
1682 1973 1876 2035 pars
1933 1961 2055 2017 oet.
2149 1953 2247 2016 Ad
2293 1953 2419 2018 hoc
2464 1976 2544 2018 ox
2602 1954 2671 2017 M
2737 1953 2851 2017 ad-

548 2066 817 2124 notatur
883 2058 1132 2123 donec
1202 2061 1542 2123 maxima
1618 2080 1827 2142 pars,
1921 2059 2112 2125 Frob.
2162 2060 2254 2123 II:
2327 2062 2852 2144 oppugnavit,

548 2165 833 2243 donec,
902 2166 1081 2247 quod
1127 2166 1363 2231 deinde
1430 2173 1762 2231 retentum
1820 2174 1917 2231 est
1983 2188 2192 2249 usque
2250 2168 2339 2232 ad
2403 2168 2851 2233 Weissenbor-

546 2273 755 2350 nium,
800 2274 914 2354 qui
958 2273 1167 2337 edidit
1224 2274 1796 2356 oppugnandO,
1869 2275 2151 2352 donec,
2219 2276 2519 2357 gerundii
2564 2275 2851 2340 ablativo

545 2398 676 2441 non
700 2380 1061 2460 aptissimo,
1095 2382 1465 2464 praesertim
1500 2381 2253 2464 populabundus—
2290 2380 2850 2465 oppugnando.

437 2563 447 2572 ⁸
543 2485 844 2568 Apparet
901 2507 979 2550 ex
1024 2487 1219 2552 Frob.
1269 2488 1352 2565 ΙΙ,
1398 2489 1466 2551 in
1512 2488 1578 2553 M
1625 2510 1756 2552 non
1812 2489 2018 2553 fuisse
2078 2489 2653 2572 oppugnando,
2713 2487 2852 2552 do·

544 2612 694 2657 nec
762 2592 880 2687 sed
945 2595 1660 2679 oppugnandonec.
1749 2595 1920 2660 Hinc
1984 2595 2060 2660 fit
2126 2594 2267 2676 (cfr.
2328 2596 2408 2660 de
2466 2594 2664 2675 XXV,
2710 2599 2768 2675 8,
2813 2597 2853 2659 8

549 2720 612 2781 p.
650 2703 794 2779 290,
841 2700 1074 2767 Kleine
1120 2702 1430 2786 philolog.
1482 2702 1811 2768 Schriften
1848 2726 1908 2786 p.
1948 2705 2134 2784 373):
2184 2724 2679 2787 oppugnans,
2727 2702 2854 2766 do-

547 2828 716 2873 nec.
808 2808 1124 2875 Similiter
1168 2810 1464 2888 XXXIX,
1514 2815 1613 2889 32,
1688 2815 1764 2874 10
1824 2818 2001 2876 recte
2067 2811 2425 2893 Rupertius
2491 2810 2857 2874 volitans

550 2938 670 2999 pro
716 2917 1143 2983 volitando
1193 2919 1478 3001 scripsit.
1572 2918 1700 2983 Sed
1747 2926 1926 2984 recte
1972 2918 2338 2984 Gronovius
2383 2918 2713 2983 intellexit
2755 2937 2856 2980 re-

551 3026 725 3108 quiri
770 3027 990 3108 potius
1038 3026 1556 3108 expugnandi
1600 3027 1888 3091 verbum.
1944 3025 2156 3108 1865]

724 3130 880 3217 Cap.
931 3137 1030 3211 34,
1081 3138 1151 3196 2:
1197 3133 1581 3214 Aquileia
1628 3134 1950 3199 colonia
1993 3134 2287 3198 Latina
2333 3131 2605 3197 eodem
2652 3151 2857 3195 anno

549 3242 634 3305 in
668 3262 862 3325 agro
910 3240 1337 3307 Gallorum
1384 3248 1507 3305 est
1554 3241 1925 3306 deducta.
2014 3241 2237 3319 Miror,
2282 3241 2608 3304 neminem
2653 3239 2859 3303 anim-

553 3350 918 3414 advertisse
966 3356 1032 3414 et
1076 3351 1400 3413 rationem
1470 3347 1581 3429 (—
1649 3349 1859 3412 Roma
1925 3349 2097 3412 enim
2142 3347 2401 3412 colonia
2457 3349 2526 3411 in
2570 3367 2717 3410 eum
2760 3345 2860 3409 lo·

554 3477 724 3536 cum,
771 3457 887 3521 ubi
933 3456 1154 3521 sedem
1199 3455 1511 3521 habitura
1555 3463 1689 3534 est,
1738 3456 2103 3535 deducitur,
2151 3457 2219 3519 in
2265 3474 2472 3536 eoque
2516 3452 2663 3518 loco
2710 3471 2860 3515 con-

556 3564 768 3644 ditur,
816 3540 950 3629 non
993 3563 1346 3628 deducitur
1399 3563 1512 3643 ——)
1560 3570 1627 3628 et
1673 3564 2276 3628 constantissimum
2320 3561 2487 3626 Livii
2545 3560 2860 3625 omnium-

554 3693 680 3753 que
724 3693 917 3737 usum
962 3670 1344 3755 postulares
1387 3678 1461 3734 ut
1516 3671 1876 3735 scribatur:
1945 3672 2025 3734 in
2091 3691 2364 3752 agrum
2423 3667 2859 3733 Gallorum.

555 3778 738 3862 (Cap.
766 3783 867 3858 29,
921 3786 948 3842 1
999 3780 1079 3842 in
1125 3798 1396 3860 agrum
1431 3777 1889 3856 Etruscum,
1919 3798 1974 3841 c.
2000 3782 2102 3856 43,
2135 3781 2197 3839 l:
2245 3797 2520 3859 agrum
2555 3810 2660 3853 —-,
2708 3793 2863 3857 quo

553 3887 1230 3965 —deduceretur,
1278 3885 1356 3963 X,
1385 3888 1535 3963 3,2;
1583 3906 1860 3967 agrum
1905 3920 2007 3963 —-,
2046 3887 2127 3948 in
2172 3905 2403 3968 quem
2439 3889 2507 3947 et
2546 3886 2642 3961 13,
2674 3887 2739 3944 1:
2786 3880 2865 3944 in

556 4015 831 4077 agrum
853 3993 1192 4074 AEquicu
1213 3992 1493 4069 lorum,
1519 3990 1812 4070 XXXIV,
1837 3997 1996 4071 45,1
2029 4000 2094 4057 et
2119 3996 2218 4070 53,
2250 3996 2305 4068 1,
2331 3988 2778 4067 XXXV1L47,
2805 3990 2865 4064 2,

554 4101 851 4175 XXXIX,
889 4106 989 4179 44,
1021 4104 1097 4164 10
1134 4104 1201 4164 et
1241 4104 1340 4179 55,
1383 4098 1469 4180 9.)
1507 4097 1666 4178 (cfr.
1694 4120 1838 4182 quae
1876 4099 1957 4163 de
1996 4098 2226 4176 XXIV,
2254 4102 2354 4177 20,
2388 4103 2416 4161 1
2447 4098 2582 4161 dixi
2606 4118 2666 4178 p.
2694 4092 2867 4174 257.)

559 4206 679 4292 [In
726 4230 996 4291 agrum
1052 4209 1184 4272 iam
1231 4207 1645 4289 Doeringius.
1737 4206 1813 4270 In
1860 4207 2186 4289 periochis
2234 4225 2492 4288 semper
2537 4203 2867 4267 ablativus

556 4313 876 4399 ponitur]
966 4315 1216 4381 Eodem
1285 4317 1498 4398 capite
1564 4314 1739 4378 infra
1805 4313 1867 4397 (ξ
1916 4314 2002 4394 6),
2050 4314 2166 4378 ubi
2235 4314 2483 4378 editur:
2554 4311 2630 4375 Is
2689 4314 2870 4374 erat

560 4422 669 4505 (de
703 4423 810 4487 Μ’.
845 4422 1059 4488 Acilio
1093 4423 1454 4489 Glabrione
1490 4422 1701 4503 dicit),
1747 4422 1882 4504 qui
1926 4423 2102 4503 ipse
2148 4441 2316 4485 eam
2360 4419 2603 4484 aedem
2645 4437 2869 4481 vove·
