3230 5282
1463 577 1585 639 165
2421 592 2549 647 Lib.
2585 592 2681 647 VI.

370 761 484 826 tali
548 763 843 827 transitu
910 760 999 826 ad
1063 760 1276 827 maius
1343 766 1411 826 et
1475 781 1596 845 per
1654 783 1726 828 se
1781 762 1969 828 nulla
2024 768 2154 843 est;
2222 763 2452 846 quidni
2508 765 2683 829 enim

367 869 564 935 liceat
622 871 1083 955 copiosissime
1144 870 1224 935 de
1280 891 1351 936 re
1408 870 1495 936 ad
1537 870 1840 936 homines
1885 871 2246 954 pertinenti
2290 871 2551 937 dicere?
2596 872 2684 936 Et

369 978 531 1043 dixit
592 979 760 1044 satis
805 977 1016 1043 multa
1058 978 1335 1063 Appius.
1444 977 1623 1064 Apta
1688 980 1815 1043 erit
1874 978 2207 1065 ‘orationis
2273 978 2485 1045 forma
2550 1001 2685 1045 una

366 1085 589 1152 littera
637 1093 927 1151 mutata:
995 1086 1108 1151 De
1175 1085 1692 1170 indignitate
1751 1086 1956 1151 satis
2015 1085 2314 1151 dictum
2371 1093 2512 1152 est.
2602 1088 2683 1150 At

365 1195 569 1260 enim
638 1193 999 1278 dignitas
1067 1193 1167 1259 ad
1226 1194 1598 1260 homines
1665 1194 2032 1279 pertine’t
2089 1193 2193 1276 (ut
2248 1213 2328 1259 ea
2381 1193 2670 1261 fortasse
2707 1211 2851 1282 (138)

366 1302 623 1387 neglegi
688 1323 881 1387 posse
937 1303 1226 1387 cuipiam
1267 1301 1633 1384 videatur);
1700 1300 1901 1385 quid
1969 1301 2061 1366 de
2125 1300 2678 1384 religionibus

363 1446 449 1456 —
491 1410 839 1497 loquar?
903 1411 1131 1495 Fingit
1185 1431 1227 1475 a
1282 1410 1619 1477 contraria
1673 1415 1866 1494 parte
1926 1408 2196 1489 elevari,
2265 1429 2409 1492 quae
2456 1410 2537 1474 de
2581 1410 2681 1474 in-

367 1518 695 1604 dignitate
755 1519 1023 1600 dixerit3
1092 1520 1318 1604 itaque
1387 1518 1472 1583 ad
1540 1518 1611 1583 id
1664 1519 1942 1598 transit,
2011 1517 2189 1601 quod
2256 1517 2503 1582 elevari
2568 1539 2681 1582 ne-

366 1635 592 1714 queat.
705 1626 960 1693 Eodem
1027 1625 1166 1692 fere
1232 1626 1430 1693 modo
1499 1647 1554 1693 c.
1599 1631 1713 1707 40,
1786 1631 1862 1691 15
1921 1626 2117 1691 dixit:
2186 1625 2288 1691 At
2351 1625 2681 1692 hercule

369 1756 632 1801 sermo
710 1741 832 1801 est
899 1736 1222 1801 minime
1290 1735 1598 1815 civilis;
1678 1734 1918 1819 quid?
1995 1735 2325 1817 rogatio
2406 1734 2680 1818 qualis

369 1851 516 1923 est,
547 1844 701 1924 —⁰?,
748 1843 879 1910 nisi
921 1843 1102 1928 quod
1135 1843 1230 1908 ibi
1263 1844 1479 1908 minus
1525 1842 1799 1908 concedi
1842 1841 2132 1925 fingitur,
2181 1842 2297 1908 sed
2331 1843 2398 1906 in
2436 1864 2513 1908 eo
2549 1842 2683 1908 for-

367 1958 545 2018 tasse
613 1974 751 2018 non
818 1952 982 2017 satis
1049 1971 1193 2016 esse
1259 1952 1609 2032 momenti;
1678 1951 1908 2035 itaque
1970 1950 2050 2014 de
2106 1951 2356 2016 maiore
2402 1951 2683 2016 interro-

369 2066 582 2142 gatur.
673 2058 883 2124 Paulo
927 2066 1084 2143 post
1129 2056 1191 2144 (ξ
1237 2057 1326 2141 8),
1373 2058 1488 2124 ubi
1534 2059 1629 2124 sic
1673 2059 2017 2124 scribitur:
2087 2058 2430 2123 eludant
2473 2079 2684 2124 nunc

368 2167 569 2232 licet
622 2167 1113 2250 religiones:
1181 2166 1377 2251 quid
1436 2168 1646 2231 enim
1704 2172 1858 2246 est,
1929 2167 1995 2232 si
2061 2166 2277 2251 pulli
2332 2188 2486 2231 non
2543 2188 2682 2250 pa-

372 2282 731 2355 scentur,
802 2276 868 2341 si
937 2296 1027 2340 ex
1093 2296 1337 2340 cavea
1393 2274 1722 2341 tardius
1780 2275 2172 2355 exierint,
2243 2276 2310 2341 si
2356 2275 2684 2350 ‚occeci-

368 2384 591 2448 nerit
648 2383 869 2448 avis?
933 2382 1244 2448 mendum
1301 2383 1562 2462 subest,
1632 2383 1810 2467 quod
1866 2384 2175 2466 quoniam
2220 2405 2430 2467 neque
2478 2405 2556 2449 ex
2603 2404 2681 2448 eo

369 2498 471 2556 est
513 2511 785 2573 genere,
853 2511 1130 2576 quorum
1188 2490 1667 2556 demonstratio
1712 2491 2133 2556 vehementer
2179 2492 2468 2557 animum
2509 2490 2681 2572 ferit,

367 2604 437 2665 et
493 2598 660 2665 duas
720 2619 911 2665 voces
965 2599 1228 2665 videtur
1273 2600 1631 2683 attingere,
1697 2621 1883 2684 paene
1926 2600 2167 2665 invitus
2213 2620 2683 2681 commemor03

366 2708 487 2774 sed
534 2708 740 2773 statui
782 2707 990 2774 libere
1037 2708 1259 2774 dicere
1305 2729 1520 2792 neque
1567 2709 1925 2792 quicquam
1969 2729 2287 2792 premere.
2376 2707 2469 2773 Ut
2514 2708 2685 2772 enim

365 2816 670 2881 omittam
729 2816 943 2899 ipsam
999 2823 1198 2881 rectae
1254 2816 1793 2898 interrogationis
1853 2836 1933 2880 ex
1977 2817 2187 2899 ipsius
2232 2814 2491 2880 Claudii
2535 2837 2684 2899 per-

364 2944 531 2989 sona
574 2922 853 2988 formam
895 2924 962 2988 in
1008 2924 1436 3009 exprimenda
1479 2922 1762 2988 aliorum
1807 2923 2221 2990 cavillatione
2267 2923 2403 3006 (cui
2448 2923 2683 2989 deinde

363 3032 513 3115 ipse
568 3031 962 3115 respondet:
1029 3032 1293 3097 Parva
1359 3038 1548 3098 sunt
1602 3031 1764 3096 haec
1822 3031 1978 3114 cet.)
2033 3033 2298 3096 minime
2356 3038 2509 3115 apte
2563 3054 2682 3116 po-

367 3141 599 3219 sitam,
664 3139 919 3204 nullam
988 3141 1254 3205 omnino
1325 3140 1707 3223 excogitare
1763 3161 2036 3223 possum
2092 3141 2416 3205 rationem
2470 3159 2684 3224 neque

363 3246 687 3330 simplicis
765 3247 974 3312 futuri
1042 3246 1539 3332 (pascentur)
1606 3267 1821 3332 neque
1890 3249 2104 3312 exacti
2163 3246 2555 3328 (exierint
2596 3282 2686 3292 —

363 3354 923 3437 occecinerit).
1024 3355 1256 3440 Neque
1313 3356 1487 3419 enim
1543 3354 1670 3436 illi,
1729 3377 1896 3439 quos
1956 3353 2272 3420 Claudius
2331 3355 2686 3438 religiones

361 3460 638 3526 eludere
683 3461 905 3546 fingit,
971 3463 1098 3528 hoc
1144 3463 1483 3543 dicebant,
1551 3463 1717 3527 nihil
1773 3484 1918 3528 esse
1963 3464 2123 3529 mali
2178 3462 2291 3545 (-—
2338 3464 2691 3547 oportebat

360 3576 593 3634 autem
659 3567 839 3636 fore
897 3571 1053 3651 dici,
1122 3571 1249 3637 hoc
1294 3579 1426 3650 est,
1496 3572 1656 3635 erit
1696 3570 1843 3653 —),
1916 3571 1971 3635 si
2026 3571 2309 3655 posthac
2355 3592 2508 3637 aves
2553 3593 2688 3637 non

357 3685 798 3760 pascerentur
871 3679 1206 3744 tardiusve
1285 3681 1543 3744 exirent
1621 3680 1837 3744 avisve
1904 3680 2302 3744 occinuisset
2378 3679 2551 3762 (quae
2620 3684 2687 3745 et

357 3784 547 3849 facta
589 3793 790 3851 antea
835 3808 1008 3871 saepe
1055 3794 1246 3852 erant
1287 3809 1502 3872 neque
1547 3786 1963 3871 frequentius
2008 3787 2289 3871 posthac
2332 3787 2556 3852 futura
2589 3787 2686 3853 illi

357 3893 755 3976 putabant),
823 3893 939 3958 sed
997 3895 1167 3959 nihil
1236 3896 1498 3961 omnino
1567 3897 1636 3959 in
1703 3895 1807 3960 his
1874 3895 2073 3960 rebus
2143 3917 2287 3960 esse
2354 3896 2685 3976 momenti,

356 4000 621 4065 nnllam
666 4001 1216 4084 significationem
1261 4002 1554 4086 dignam,
1624 4024 1823 4087 quam
1881 4004 2030 4087 quis
2088 4009 2370 4068 curaret.
2481 4002 2685 4087 Atqui

355 4108 491 4173 hoc
559 4110 656 4174 sic
726 4110 1074 4175 dicendum
1141 4115 1286 4174 erat
1338 4117 1523 4175 recta
1578 4111 2127 4194 interrogatione:
2199 4110 2406 4188 Quid
2474 4113 2687 4177 enim

357 4224 516 4295 est,
574 4218 642 4282 si
698 4217 913 4301 pulli
960 4217 1377 4302 (aliquando)
1423 4240 1575 4284 non
1632 4226 2119 4303 pascuntur,
2179 4220 2245 4286 si
2305 4240 2396 4284 ex
2442 4240 2686 4285 cavea

353 4325 688 4390 tardius
768 4327 1197 4391 exierunt?
1274 4326 1439 4392 Mihi
1516 4327 1781 4410 quidem
1859 4328 2083 4394 Livius
2167 4329 2264 4393 sic
2340 4329 2684 4412 scripsisse
