3230 5282
642 1441 1520 1527 EMENDATIONUM
1579 1443 2275 1527 LIVIANARUM
2640 1467 2781 1538 (199)

1177 1608 1364 1663 PARS
1403 1608 1748 1664 SECUNDA

378 1748 510 1811 wll
560 1748 833 1812 uuolton
877 1748 1048 1811 num
1092 1750 1124 1810 A
1168 1749 1415 1811 vlesssmo
1462 1748 1625 1811 Pullo
1670 1750 1737 1810 An
1783 1748 2108 1812 mensumn
2154 1748 2546 1812 nnssunfflonsss

1307 1852 1613 1914 confluxus.

1229 2123 1712 2206 ravennium)

307 2252 681 2363 Librorum
750 2295 916 2360 Livii
973 2315 1014 2360 a
1067 2296 1372 2361 vicesimo
1441 2297 1651 2380 primo
1719 2295 1805 2361 ad
1872 2296 2248 2362 vicesimum
2312 2295 2615 2379 quintum

308 2404 818 2471 instrumentum
885 2405 1186 2469 criticum
1252 2403 1337 2468 ad
1394 2404 1896 2469 aestimationem
1963 2411 2030 2470 et
2092 2425 2283 2469 usum
2348 2424 2615 2488 prorsus

307 2514 581 2598 simplex
627 2520 754 2593 est3
811 2513 878 2577 in
925 2514 1160 2578 ceteris
1203 2513 1418 2577 tertiae
1465 2512 1732 2577 decadis
1775 2512 1965 2578 libris
2010 2512 2097 2578 ad
2141 2535 2287 2578 eam
2330 2513 2615 2578 auctori-

315 2628 549 2702 tatem,
622 2643 768 2705 quae
823 2622 891 2687 in
948 2621 1080 2686 illis
1136 2621 1281 2688 sola
1335 2626 1598 2703 regnat,
1667 2621 2052 2706 adiungitur
2095 2621 2268 2687 alter
2310 2620 2413 2687 sui
2456 2622 2615 2687 iuris

315 2733 553 2811 testis‚.
606 2730 724 2797 sed
788 2730 902 2815 qui
967 2731 1183 2795 rarius
1251 2736 1318 2795 et
1383 2730 1576 2810 quasi
1632 2751 1667 2794 e
1722 2730 2082 2814 longinquo
2150 2730 2218 2794 in
2274 2751 2616 2814 eompara-

314 2839 562 2906 tionem
619 2839 855 2903 veniat.
966 2838 1199 2923 Itaque
1268 2838 1549 2922 primum
1619 2837 1702 2903 de
1771 2838 1888 2903 illa
1946 2839 2344 2904 auctoritate
2400 2839 2617 2904 dicen-

315 2945 467 3013 dum
515 2954 637 3028 est,
697 2968 829 3030 qua
872 2968 990 3031 per
1035 2968 1261 3013 omnes
1305 2946 1509 3012 libros
1555 2947 1863 3030 praesenti
1909 2952 1992 3026 et,
2042 2946 2097 3012 si
2141 2967 2378 3031 parvas
2422 2968 2617 3030 quas-

374 3203 417 3269 ¹)
458 3200 549 3271 [A.
592 3203 752 3268 1860,
800 3203 987 3256 animo
1023 3204 1082 3256 in
1117 3203 1400 3272 prioribus
1438 3203 1685 3271 quinque
1720 3201 1880 3256 libris
1916 3200 2125 3269 defixn,
2173 3204 2373 3269 captus
2410 3200 2621 3255 codicis

448 3287 725 3342 Puteanei
760 3286 1075 3356 splendore,
1122 3305 1293 3356 quum
1328 3304 1445 3341 non
1481 3288 1621 3341 satis
1658 3287 2038 3354 attendissem,
2076 3302 2214 3355 quas
2249 3286 2310 3340 in
2343 3286 2617 3357 posterio-

449 3374 614 3427 ribus
668 3372 827 3426 libris
881 3372 1186 3441 scripturas
1238 3391 1273 3426 a
1319 3372 1588 3427 Rhenano
1637 3389 1667 3427 e
1712 3372 1905 3426 codice
1960 3371 2211 3442 Spirensi
2261 3372 2624 3441 depromptas

451 3459 580 3529 ipse
623 3475 753 3512 cum
798 3458 999 3512 ceteris
1044 3463 1297 3514 tenerem
1333 3476 1367 3512 a
1399 3458 1687 3513 Puteaneo
1735 3457 2120 3532 deflectentes,
2172 3474 2275 3527 per
2307 3461 2490 3512 totam
2527 3458 2620 3512 de·

450 3544 653 3599 cadem
708 3542 908 3598 eodem
956 3543 1130 3597 modo
1185 3543 1368 3598 solum
1422 3543 1701 3598 dominari
1753 3544 1873 3598 cod.
1930 3545 2082 3611 Put.,
2136 3547 2453 3598 ceterorum
2505 3544 2626 3598 sine

452 3630 790 3701 exceptione
854 3633 1146 3697 parentem
1160 3669 1174 3696 ,
1239 3629 1548 3699 disputavi;
1620 3646 1856 3699 quaeque
1918 3635 2120 3685 contra
2181 3628 2625 3698 proferebantur,

449 3715 626 3770 nimis
660 3713 1031 3784 pertinaciter
1065 3715 1272 3784 sprevi,
1331 3715 1399 3769 de
1445 3715 1773 3769 lacunarum
1820 3716 2056 3769 duarum
2090 3715 2359 3769 maiorum
2401 3716 2622 3785 supple-

451 3802 665 3856 mentis
701 3805 914 3854 temere
950 3799 1405 3855 Weissenbornio
1443 3817 1724 3867 assensus,
1770 3800 1829 3854 in
1864 3817 1974 3869 quo
2010 3800 2181 3854 etiam
2215 3800 2445 3855 Hertzio
2482 3819 2622 3856 non·

445 3886 602 3941 nihil
637 3885 862 3941 iniuriae
898 3884 1019 3939 feci.
1097 3885 1244 3940 Eum
1280 3902 1550 3953 errorem,
1587 3887 1684 3955 qni
1717 3889 1908 3940 tamen
1943 3886 2004 3939 in
2039 3885 2277 3954 singulis
2312 3888 2629 3942 tractandis

453 3972 602 4027 nihil
639 3971 756 4026 fere
785 3975 993 4039 praeter
1021 3970 1178 4025 illam
1207 3973 1724 4041 supplementorum
1754 3971 2174 4026 damnationem
2201 3972 2393 4025 attulit
2419 3972 2627 4042 damni,

456 4074 609 4112 nunc
659 4057 908 4124 correxi,
960 4055 1156 4112 reficto
1202 4057 1312 4112 hoc
1347 4057 1666 4127 prooemi0‚
1719 4073 1854 4111 usus
1892 4056 1987 4125 iis,
2042 4073 2167 4125 quse
2203 4057 2416 4127 primus
2451 4057 2624 4113 Heer-

453 4143 748 4212 wagenius
784 4142 846 4196 in
883 4143 1356 4198 commentatione
1391 4143 1589 4198 critica
1617 4142 1688 4197 de
1707 4141 1768 4195 T.
1789 4141 1937 4196 Livii
1954 4141 2156 4210 XXVI,
2191 4146 2277 4211 41,
2317 4145 2568 4213 18—44,
2601 4148 2625 4197 1

463 4227 876 4296 (Norimbergoe
917 4227 1068 4295 1869)
1116 4227 1283 4284 docte
1318 4233 1376 4283 et
1409 4246 1537 4283 vere
1573 4228 1913 4298 disputavit,
1959 4232 2082 4282 tum
2118 4245 2241 4296 quse
2277 4228 2532 4283 Halmius
2568 4229 2628 4282 in

459 4313 679 4367 nuntiis
714 4312 1017 4367 academiae
1053 4313 1407 4369 Monacensis
1444 4332 1491 4368 a.
1517 4316 1667 4382 1869,
1703 4312 1767 4367 Π
1803 4330 1856 4383 p.
1877 4315 1980 4368 680
2015 4330 2155 4383 sqq„
2193 4313 2630 4368 Studemundius

463 4403 529 4453 et
585 4397 991 4453 Mommsenius
1046 4400 1104 4454 in
1139 4400 1430 4456 Analectis
1474 4399 1726 4454 Livianis
1778 4416 1833 4469 p.
1883 4401 1916 4453 6
1972 4416 2090 4469 sqq.
2137 4404 2196 4455 et
2246 4402 2316 4455 32
2367 4417 2484 4469 sqq.
2532 4417 2627 4454 ex·

461 4481 817 4553 posuerunt]

2109 4588 2173 4641 16
