3230 5282
1795 588 1880 648 44

683 768 1196 836 Crustumini
1253 770 1600 855 quidem,
1662 792 1715 836 c.
1771 776 1869 850 14,
1917 776 1957 835 4
2005 769 2530 854 occupabant
2574 768 2682 851 (ex
2725 791 2857 836 uno
2902 770 2986 850 M,

683 885 901 945 ortum
947 900 1027 943 ex
1072 877 1599 962 apparebat),
1659 900 1711 944 c.
1765 884 1874 958 17,
1939 884 2015 943 10
2065 878 2465 944 secundus
2511 878 2607 943 ab
2654 878 2987 944 Romulo

680 987 1248 1053 dinumeretur
1308 986 1415 1068 (ex
1474 1008 1605 1052 uno
1663 985 1791 1069 M),
1861 1009 1913 1052 c.
1978 990 2087 1067 18,
2158 990 2196 1050 6
2253 987 2333 1050 in
2387 986 2748 1070 lapidem
2808 1008 2991 1054 con-

682 1095 922 1175 sedit,
980 1117 1034 1160 c.
1089 1099 1184 1175 19,
1243 1100 1279 1159 5
1330 1095 1811 1161 sacerdotes
1859 1116 2049 1161 suos
2096 1096 2388 1177 cuique
2436 1094 2767 1161 deorum
2811 1117 2990 1179 per-

678 1203 940 1269 ficere
986 1203 1134 1287 (pro
1181 1201 1614 1288 praeficere
1662 1224 1741 1268 ex
1785 1226 1917 1270 uno
1956 1201 2073 1284 M),
2123 1225 2175 1268 c.
2220 1207 2317 1283 19,
2366 1206 2404 1266 6
2443 1204 2990 1270 intercalares

680 1311 1099 1377 mensibus
1166 1306 1774 1396 interponendo
1836 1311 1900 1394 (e
1957 1312 2102 1377 cod.
2164 1312 2616 1376 recentissimo
2675 1317 2741 1377 et
2794 1312 2991 1376 inter-

680 1420 1128 1503 polatissimo,
1197 1420 1803 1504 Havercampian03
1867 1421 2146 1485 retinuit
2189 1419 2334 1501 Η.),
2402 1441 2455 1484 c.
2505 1423 2615 1499 21,
2677 1425 2717 1484 4
2763 1420 2989 1485 adin-

679 1528 981 1605 voluta,
1029 1550 1093 1593 c:
1122 1532 1222 1609 26,
1271 1534 1307 1592 9
1354 1529 1433 1594 in
1478 1528 1744 1594 filiam
1790 1527 1948 1611 (quo
1996 1527 2297 1607 efficitur,
2343 1535 2419 1593 ut
2451 1526 2770 1593 Horatius
2805 1533 2992 1611 pater

681 1637 890 1716 dicat,
961 1659 1030 1702 se
1086 1638 1155 1701 in
1214 1638 1499 1702 occisam
1544 1635 1751 1701 ffliam
1797 1636 2401 1701 animadversurum
2443 1634 2678 1715 fuisse,
2748 1637 2801 1700 si
2850 1637 2994 1721 ipsa

679 1745 918 1809 iniuria
987 1746 1206 1810 occisa
1275 1744 1495 1826 esset).
1620 1745 1779 1809 Haec
1845 1745 2045 1827 igitur
2111 1744 2421 1828 expulsa3
2491 1742 2605 1808 sed
2673 1745 2993 1809 retinetur

680 1860 902 1918 tamen
947 1852 1127 1937 praef.
1178 1857 1215 1917 3
1255 1853 1331 1934 (a
1374 1853 1950 1933 Weissenbornio,
2005 1874 2140 1918 non
2185 1851 2270 1916 ab
2316 1851 2645 1933 Hertzio):
2715 1852 2780 1917 si
2826 1873 2994 1917 mea

679 1963 895 2028 fama
939 1964 1018 2028 in
1065 1961 1415 2028 obscuro
1463 1968 1606 2040 est,
1666 1983 1787 2044 pro
1836 1944 1962 2038 sit,
2021 1962 2212 2044 quasi
2255 1959 2482 2025 Livius
2529 1960 2807 2041 dubitet,
2866 1982 2995 2045 qua

679 2069 860 2135 sama
903 2091 1075 2135 nunc
1122 2070 1237 2148 sit,
1303 2090 1436 2135 non
1495 2068 1576 2133 de
1632 2069 1889 2134 incerta
1931 2068 2140 2134 futuri
2183 2070 2500 2152 temporis
2546 2068 2743 2133 laude
2790 2067 2992 2149 dicat)

546 2192 653 2261 (38)
693 2183 760 2242 et
795 2175 828 2260 ξ
869 2178 943 2241 5*
975 2178 1254 2262 prisca
1297 2183 1478 2242 tota
1523 2176 1674 2241 illa
1719 2184 1980 2242 mente
2028 2176 2250 2261 (quem
2293 2176 2512 2242 locum
2546 2175 2738 2257 attigi
2773 2197 2993 2259 supra,

681 2286 795 2350 ubi
867 2285 949 2350 de
1022 2283 1252 2351 ordine
1319 2283 1674 2350 verborum
1741 2285 1808 2348 in
1869 2286 2012 2350 cod.
2074 2284 2433 2369 archetypo
2491 2289 2748 2349 mutato
2809 2282 2992 2365 dixi),

684 2402 823 2459 tum
870 2416 921 2458 c.
975 2399 1042 2473 1,
1106 2398 1135 2456 1
1187 2392 1520 2458 fuerunt
1563 2391 1711 2477 (pro
1757 2391 2203 2475 fuerant)¹),
2264 2415 2317 2457 c.
2369 2396 2426 2471 3,
2479 2392 2594 2456 11*
2638 2390 2869 2465 addit
2909 2426 2995 2437 ——

683 2502 1107 2568 interemit
1163 2500 1270 2583 (ex
1313 2522 1446 2566 uno
1492 2499 1571 2582 P)
1617 2536 1705 2545 —
1750 2500 2068 2580 adimit,
2129 2523 2180 2565 c.
2233 2507 2302 2581 5,
2364 2501 2438 2565 5*
2484 2499 2810 2583 aperire
2855 2522 2993 2565 no-

682 2612 957 2677 luerat
1002 2609 1109 2692 (ex
1153 2631 1285 2676 uno
1321 2607 1493 2692 P)2)‚
1542 2630 1594 2674 c.
1635 2614 1695 2690 9,
1740 2614 1775 2674 5
1824 2631 1913 2675 ac
1956 2609 2381 2695 plerisque
2426 2606 2994 2691 rogitantibus

741 2832 786 2897 ¹)
822 2830 978 2885 Nihil
1012 2830 1123 2885 hoc
1158 2829 1362 2884 mendo
1398 2829 1710 2900 vulgatius,
1765 2847 1870 2885 nec
1905 2829 1964 2884 id
1999 2847 2130 2884 raro
2168 2830 2238 2883 ab
2275 2829 2345 2883 iis
2383 2829 2548 2898 ipsis,
2605 2829 2699 2897 qui
2736 2828 2790 2882 h.
2829 2829 2864 2882 1.
2902 2846 2992 2882 re·

821 2916 1005 2970 tinent
1051 2921 1253 2970 contra
1299 2915 1663 2980 sententiam,
1709 2922 2025 2986 correctum
2071 2921 2182 2980 est3
2239 2920 2302 2968 ut
2336 2914 2415 2982 11,
2462 2917 2556 2982 30,
2598 2916 2632 2968 8
2669 2914 2994 2968 restitutum

821 3002 892 3054 ab
930 3007 1169 3070 utroque
1204 3001 1604 3055 invaserant
1640 3000 1851 3067 (Alsch.
1890 3017 1958 3054 ex
1995 3017 2107 3055 uno
2145 3000 2205 3054 M
2243 2999 2686 3067 invaserunt),
2733 2999 2803 3067 11,
2840 3002 2925 3066 47,
2965 3001 3000 3052 5

819 3105 952 3142 non
986 3092 1359 3156 potuerant
1394 3087 1481 3153 (A.
1504 3104 1573 3141 ex
1609 3103 1721 3140 uno
1757 3085 1801 3139 P
1841 3085 2256 3154 potuerunt),
2292 3086 2442 3154 VIII,
2478 3089 2529 3152 8,
2572 3087 2636 3137 17
2665 3085 3001 3139 duxerant

822 3173 907 3241 (A.
929 3190 959 3226 e
994 3172 1298 3239 MPLIHI,
1347 3172 1456 3228 hoc
1493 3177 1596 3241 est,
1646 3189 1714 3225 ex
1751 3170 2061 3241 archetypo
2097 3171 2410 3241 depravato
2448 3177 2510 3226 ut
2544 3170 2587 3237 Ι,
2630 3176 2674 3238 1,
2716 3175 2760 3239 1,
2798 3172 2995 3224 duxe-

821 3257 1024 3325 runt),
1072 3258 1148 3325 X,
1193 3261 1278 3325 38,
1326 3260 1358 3311 2
1402 3257 1866 3311 adhibuerant
1911 3254 1996 3323 (A.
2032 3276 2101 3312 ex
2137 3276 2250 3311 uno
2289 3257 2349 3310 M
2387 3257 2896 3311 adornaverant
2927 3283 2997 3293 —

824 3341 1325 3409 adhibuerunt).
1390 3341 1588 3410 Neque
1624 3347 1817 3397 tamen
1853 3342 1995 3396 nihil
2030 3342 2380 3411 reliquerunt
2407 3341 2829 3412 corrigendum3
2865 3358 2999 3397 nam

823 3427 917 3496 IV,
954 3432 1004 3494 4,
1041 3430 1075 3482 3
1112 3428 1484 3495 retinuerunt,
1524 3427 1675 3495 quod
1696 3427 2083 3482 Alschefskius
2120 3433 2389 3498 posuerat
2425 3427 2579 3495 (item
2615 3444 2684 3481 ex
2703 3426 3000 3494 MPLIHI,

822 3514 881 3567 id
927 3519 1031 3581 est,
1075 3529 1144 3565 ex
1181 3511 1508 3581 archetypo)
1548 3512 1848 3580 fuerunt,
1902 3513 2262 3582 pessumdata
2305 3513 2489 3583 figura
2521 3513 2809 3567 rhetorica
2844 3528 3003 3581 apen-

822 3600 1055 3666 tissima,
1094 3615 1219 3667 quoe
1258 3598 1445 3667 posita
1472 3603 1557 3653 est
1583 3599 1643 3652 in
1673 3598 2001 3652 diversitate
2028 3601 2332 3653 verborum
2370 3599 2649 3652 fuerant
2673 3627 2740 3637 -
2768 3598 3005 3652 fuerat

822 3712 892 3722 —
927 3689 1121 3737 crant
1158 3683 1226 3737 de
1262 3684 1450 3753 priore
1488 3689 1658 3752 statu,
1697 3684 1910 3738 creati
1953 3689 2110 3739 sunt
2144 3713 2211 3723 —
2248 3702 2392 3740 esse
2430 3684 2662 3752 coepit
2694 3712 2763 3722 -
2799 3684 3003 3738 insti-

824 3774 1043 3822 tutum
1090 3773 1192 3822 est
1237 3768 1307 3822 de
1345 3785 1438 3836 e0,
1494 3770 1587 3837 qui
1634 3776 1767 3838 post
1810 3769 2039 3823 effectus
2086 3775 2184 3824 est.
2273 3769 2448 3824 Recte
2484 3770 2653 3823 etiam
2690 3769 2765 3834 V,
2819 3772 2878 3836 8,
2937 3772 3004 3823 13

826 3854 1089 3923 Sigonius
1128 3860 1633 3922 occupaverant
1669 3855 1838 3909 scribi
1877 3855 2071 3908 voluit.
2145 3855 2355 3909 Contra
2389 3854 3001 3925 plusquamperfectum

824 3957 994 4009 prave
1039 3941 1269 4008 ponitur
1315 3940 1374 3994 in
1422 3941 1681 3994 omnibus
1727 3941 2071 3995 editionibus
2107 3940 2213 4007 111,
2260 3943 2353 4008 26,
2398 3944 2433 3994 4
2470 3941 2639 4009 (quod
2684 3941 2797 3995 ubi
2844 3957 3000 3994 sen·

826 4031 1061 4080 serant
1094 4026 1345 4093 hostes,
1393 4027 1617 4080 crevit
1649 4054 1719 4064 —
1757 4026 2063 4093 audacia,
2100 4044 2329 4096 prorsus
2366 4028 2592 4093 vitiose5
2628 4044 2759 4081 nam
2794 4024 3004 4092 XXIII,

825 4114 917 4178 27,
982 4115 1014 4166 3
1066 4112 1338 4181 longioris
1410 4112 1682 4180 temporis
1748 4112 2067 4166 observatio
2133 4111 2529 4180 significatur),
2604 4111 2753 4181 apud
2805 4111 3002 4164 Alsch.

830 4202 1032 4264 autem,
1070 4196 1174 4264 W„
1210 4196 1276 4249 Η.
1307 4201 1512 4252 contra
1541 4198 1855 4266 superiores
1876 4196 1970 4263 IV,
2009 4198 2093 4263 47,
2131 4199 2164 4249 7
2194 4195 2443 4262 (coloni
2463 4227 2529 4235 —
2551 4196 3005 4265 acceperant),

827 4283 897 4335 ab
933 4298 1048 4336 uno
1084 4280 1441 4336 Alschefskio
1479 4300 1548 4336 ex
1583 4282 1644 4335 M
1679 4282 1801 4347 VII,
1839 4285 1922 4349 37,
1960 4284 1992 4336 3
2032 4281 2535 4350 (contulerant).

740 4367 789 4433 ²)
829 4368 951 4422 Hoc
989 4384 1212 4435 quoque
1247 4366 1700 4436 frequentissime
1736 4366 1824 4430 fit,
1872 4372 1935 4420 ut
1971 4372 2104 4436 post
2139 4370 2310 4422 verba
2345 4368 2653 4423 voluntatis
2689 4364 3008 4421 infinitivus

826 4453 1045 4508 activus
1088 4470 1194 4521 pro
1240 4453 1464 4525 passivo
1510 4453 1908 4517 substituatur3
1956 4469 2003 4505 c.
2047 4455 2135 4520 17,
2181 4455 2214 4507 3
2251 4454 2309 4508 in
2346 4454 2657 4521 archetypo
2699 4451 2807 4506 fuit
2841 4468 3003 4520 reg·
