<?xml version="1.0" encoding="UTF-8"?>
<!DOCTYPE html PUBLIC "-//W3C//DTD XHTML 1.0 Transitional//EN"
    "http://www.w3.org/TR/xhtml1/DTD/xhtml1-transitional.dtd">
<html xmlns="http://www.w3.org/1999/xhtml" xml:lang="en" lang="en">
 <head>
  <title>
</title>
<meta http-equiv="Content-Type" content="text/html;charset=utf-8" />
  <meta name='ocr-system' content='tesseract 3.04.00' />
  <meta name='ocr-capabilities' content='ocr_page ocr_carea ocr_par ocr_line ocrx_word'/>
</head>
<body>
  <div class='ocr_page' id='page_1' title='image "./emendationesliv03madvgoog_0478.png"; bbox 0 0 3230 5282; ppageno 0'>
   <div class='ocr_carea' id='block_1_1' title="bbox 560 570 1778 632">
    <p class='ocr_par' dir='ltr' id='par_1_1' title="bbox 560 570 1778 632">
     <span class='ocr_line' id='line_1_1' title="bbox 560 570 1778 632; baseline -0.002 0"><span class='ocrx_word' id='word_1_1' title='bbox 560 579 682 632; x_wconf 83' lang='lat' dir='ltr'>Lib.</span> <span class='ocrx_word' id='word_1_2' title='bbox 722 579 921 632; x_wconf 87' lang='lat' dir='ltr'>XXXI.</span> <span class='ocrx_word' id='word_1_3' title='bbox 1652 570 1778 630; x_wconf 82' lang='lat'>464</span> 
     </span>
    </p>
   </div>
   <div class='ocr_carea' id='block_1_2' title="bbox 388 751 2872 4274">
    <p class='ocr_par' dir='ltr' id='par_1_2' title="bbox 559 751 2872 1153">
     <span class='ocr_line' id='line_1_2' title="bbox 561 751 2870 836; baseline 0.003 -23"><span class='ocrx_word' id='word_1_4' title='bbox 561 751 877 829; x_wconf 84' lang='lat' dir='ltr'>veniet,</span> <span class='ocrx_word' id='word_1_5' title='bbox 955 771 1184 833; x_wconf 79' lang='lat' dir='ltr'>prave,</span> <span class='ocrx_word' id='word_1_6' title='bbox 1265 752 1493 816; x_wconf 87' lang='lat' dir='ltr'>addita</span> <span class='ocrx_word' id='word_1_7' title='bbox 1558 753 1886 817; x_wconf 86' lang='lat' dir='ltr'>sententia</span> <span class='ocrx_word' id='word_1_8' title='bbox 1953 753 2257 818; x_wconf 82' lang='lat' dir='ltr'>relativa:</span> <span class='ocrx_word' id='word_1_9' title='bbox 2344 756 2631 836; x_wconf 90' lang='lat' dir='ltr'>quinto</span> <span class='ocrx_word' id='word_1_10' title='bbox 2687 753 2870 819; x_wconf 90' lang='lat' dir='ltr'>inde</span> 
     </span>
     <span class='ocr_line' id='line_1_3' title="bbox 563 857 2872 946; baseline 0.003 -26"><span class='ocrx_word' id='word_1_11' title='bbox 563 857 717 936; x_wconf 88' lang='lat' dir='ltr'>die,</span> <span class='ocrx_word' id='word_1_12' title='bbox 787 877 1018 940; x_wconf 90' lang='lat' dir='ltr'>quam</span> <span class='ocrx_word' id='word_1_13' title='bbox 1074 858 1169 922; x_wconf 89' lang='lat' dir='ltr'>ab</span> <span class='ocrx_word' id='word_1_14' title='bbox 1218 858 1607 923; x_wconf 78' lang='lat' dir='ltr'>Corintho</span> <span class='ocrx_word' id='word_1_15' title='bbox 1666 867 1788 924; x_wconf 90' lang='lat' dir='ltr'>cet.</span> <span class='ocrx_word' id='word_1_16' title='bbox 1892 859 1999 924; x_wconf 86' lang='lat' dir='ltr'>Sic</span> <span class='ocrx_word' id='word_1_17' title='bbox 2058 861 2228 925; x_wconf 91' lang='lat' dir='ltr'>enim</span> <span class='ocrx_word' id='word_1_18' title='bbox 2286 860 2388 926; x_wconf 91' lang='lat' dir='ltr'>bis</span> <span class='ocrx_word' id='word_1_19' title='bbox 2444 861 2616 927; x_wconf 90' lang='lat' dir='ltr'>idem</span> <span class='ocrx_word' id='word_1_20' title='bbox 2675 863 2872 946; x_wconf 85' lang='lat' dir='ltr'>signi-</span> 
     </span>
     <span class='ocr_line' id='line_1_4' title="bbox 559 963 2872 1050; baseline 0.003 -22"><span class='ocrx_word' id='word_1_21' title='bbox 559 963 825 1043; x_wconf 86' lang='lat' dir='ltr'>ficatur,</span> <span class='ocrx_word' id='word_1_22' title='bbox 882 986 1185 1048; x_wconf 83' lang='lat' dir='ltr'>perverso</span> <span class='ocrx_word' id='word_1_23' title='bbox 1236 966 1496 1046; x_wconf 86' lang='lat' dir='ltr'>ordine,</span> <span class='ocrx_word' id='word_1_24' title='bbox 1555 968 1837 1050; x_wconf 88' lang='lat' dir='ltr'>primum</span> <span class='ocrx_word' id='word_1_25' title='bbox 1885 966 2418 1047; x_wconf 78' lang='lat' dir='ltr'>demonstrande,</span> <span class='ocrx_word' id='word_1_26' title='bbox 2478 968 2711 1035; x_wconf 92' lang='lat' dir='ltr'>deinde</span> <span class='ocrx_word' id='word_1_27' title='bbox 2757 991 2872 1034; x_wconf 87' lang='lat' dir='ltr'>no-</span> 
     </span>
     <span class='ocr_line' id='line_1_5' title="bbox 562 1071 967 1153; baseline -0.005 -16"><span class='ocrx_word' id='word_1_28' title='bbox 562 1071 967 1153; x_wconf 89' lang='lat' dir='ltr'>minando.¹)</span> 
     </span>
    </p>

    <p class='ocr_par' dir='ltr' id='par_1_3' title="bbox 561 1179 2872 1481">
     <span class='ocr_line' id='line_1_6' title="bbox 735 1179 2872 1268; baseline 0.001 -22"><span class='ocrx_word' id='word_1_29' title='bbox 735 1179 892 1263; x_wconf 89' lang='lat' dir='ltr'>Cap.</span> <span class='ocrx_word' id='word_1_30' title='bbox 944 1185 1012 1252; x_wconf 87' lang='grc'>9,</span> <span class='ocrx_word' id='word_1_31' title='bbox 1072 1187 1140 1244; x_wconf 87' lang='lat'>7:</span> <span class='ocrx_word' id='word_1_32' title='bbox 1208 1181 1507 1246; x_wconf 83' lang='lat' dir='ltr'><strong>Moram</strong></span> <span class='ocrx_word' id='word_1_33' title='bbox 1578 1189 1765 1247; x_wconf 87' lang='lat' dir='ltr'>voto</span> <span class='ocrx_word' id='word_1_34' title='bbox 1838 1182 2168 1265; x_wconf 85' lang='lat' dir='ltr'>publico</span> <span class='ocrx_word' id='word_1_35' title='bbox 2229 1183 2603 1249; x_wconf 89' lang='lat' dir='ltr'>Licinius</span> <span class='ocrx_word' id='word_1_36' title='bbox 2674 1205 2872 1268; x_wconf 92' lang='lat' dir='ltr'>pon—</span> 
     </span>
     <span class='ocr_line' id='line_1_7' title="bbox 561 1289 2871 1374; baseline 0.001 -21"><span class='ocrx_word' id='word_1_37' title='bbox 561 1289 767 1353; x_wconf 83' lang='lat' dir='ltr'>tifex</span> <span class='ocrx_word' id='word_1_38' title='bbox 814 1290 1210 1374; x_wconf 83' lang='lat' dir='ltr'>maximus</span> <span class='ocrx_word' id='word_1_39' title='bbox 1260 1289 1589 1366; x_wconf 88' lang='lat' dir='ltr'>adtulit,</span> <span class='ocrx_word' id='word_1_40' title='bbox 1651 1291 1782 1373; x_wconf 93' lang='lat' dir='ltr'>qui</span> <span class='ocrx_word' id='word_1_41' title='bbox 1828 1291 2176 1372; x_wconf 83' lang='lat' dir='ltr'>negavit,</span> <span class='ocrx_word' id='word_1_42' title='bbox 2226 1313 2315 1356; x_wconf 87' lang='lat' dir='ltr'>ex</span> <span class='ocrx_word' id='word_1_43' title='bbox 2361 1292 2687 1357; x_wconf 87' lang='lat' dir='ltr'>incerta</span> <span class='ocrx_word' id='word_1_44' title='bbox 2733 1313 2871 1374; x_wconf 87' lang='lat' dir='ltr'>pe-</span> 
     </span>
     <span class='ocr_line' id='line_1_8' title="bbox 562 1397 2871 1481; baseline 0 -19"><span class='ocrx_word' id='word_1_45' title='bbox 562 1398 800 1462; x_wconf 81' lang='lat' dir='ltr'>cunia</span> <span class='ocrx_word' id='word_1_46' title='bbox 853 1417 1138 1460; x_wconf 82' lang='lat' dir='ltr'>vovere</span> <span class='ocrx_word' id='word_1_47' title='bbox 1188 1397 1515 1476; x_wconf 87' lang='lat' dir='ltr'>debere,</span> <span class='ocrx_word' id='word_1_48' title='bbox 1586 1399 1776 1478; x_wconf 90' lang='lat' dir='ltr'>quia</span> <span class='ocrx_word' id='word_1_49' title='bbox 1832 1419 1920 1462; x_wconf 84' lang='lat' dir='ltr'>ea</span> <span class='ocrx_word' id='word_1_50' title='bbox 1981 1400 2331 1480; x_wconf 88' lang='lat' dir='ltr'>pecunia</span> <span class='ocrx_word' id='word_1_51' title='bbox 2388 1420 2539 1463; x_wconf 89' lang='lat' dir='ltr'>non</span> <span class='ocrx_word' id='word_1_52' title='bbox 2595 1405 2871 1481; x_wconf 88' lang='lat' dir='ltr'>posset</span> 
     </span>
    </p>

    <p class='ocr_par' dir='ltr' id='par_1_4' title="bbox 504 1504 2872 3306">
     <span class='ocr_line' id='line_1_9' title="bbox 504 1504 2869 1588; baseline 0 -20"><span class='ocrx_word' id='word_1_53' title='bbox 504 1556 508 1561; x_wconf 92' lang='lat'>.</span> <span class='ocrx_word' id='word_1_54' title='bbox 562 1507 642 1568; x_wconf 92' lang='lat' dir='ltr'>in</span> <span class='ocrx_word' id='word_1_55' title='bbox 700 1504 1001 1568; x_wconf 91' lang='lat' dir='ltr'>bellum</span> <span class='ocrx_word' id='word_1_56' title='bbox 1058 1506 1243 1569; x_wconf 88' lang='lat' dir='ltr'>usui</span> <span class='ocrx_word' id='word_1_57' title='bbox 1299 1526 1476 1569; x_wconf 90' lang='lat' dir='ltr'>esse</span> <span class='ocrx_word' id='word_1_58' title='bbox 1523 1507 1979 1588; x_wconf 82' lang='lat' dir='ltr'>seponique</span> <span class='ocrx_word' id='word_1_59' title='bbox 2028 1507 2306 1571; x_wconf 83' lang='lat' dir='ltr'>statim</span> <span class='ocrx_word' id='word_1_60' title='bbox 2354 1506 2691 1571; x_wconf 88' lang='lat' dir='ltr'>deberet</span> <span class='ocrx_word' id='word_1_61' title='bbox 2748 1512 2869 1570; x_wconf 88' lang='lat' dir='ltr'>cet.</span> 
     </span>
     <span class='ocr_line' id='line_1_10' title="bbox 560 1611 2871 1697; baseline 0 -21"><span class='ocrx_word' id='word_1_62' title='bbox 560 1613 764 1676; x_wconf 87' lang='lat' dir='ltr'>Recte</span> <span class='ocrx_word' id='word_1_63' title='bbox 824 1611 1164 1677; x_wconf 86' lang='lat' dir='ltr'>Creverius</span> <span class='ocrx_word' id='word_1_64' title='bbox 1230 1613 1297 1676; x_wconf 87' lang='lat' dir='ltr'>in</span> <span class='ocrx_word' id='word_1_65' title='bbox 1369 1611 1493 1677; x_wconf 87' lang='lat' dir='ltr'>hac</span> <span class='ocrx_word' id='word_1_66' title='bbox 1551 1614 1879 1695; x_wconf 87' lang='lat' dir='ltr'>scriptura</span> <span class='ocrx_word' id='word_1_67' title='bbox 1937 1612 2322 1677; x_wconf 85' lang='lat' dir='ltr'>infinitivum</span> <span class='ocrx_word' id='word_1_68' title='bbox 2381 1614 2712 1697; x_wconf 85' lang='lat' dir='ltr'>passivum</span> <span class='ocrx_word' id='word_1_69' title='bbox 2769 1634 2871 1677; x_wconf 88' lang='lat' dir='ltr'>re-</span> 
     </span>
     <span class='ocr_line' id='line_1_11' title="bbox 561 1704 2872 1802; baseline 0 -18"><span class='ocrx_word' id='word_1_70' title='bbox 561 1720 869 1802; x_wconf 86' lang='lat' dir='ltr'>quirebat</span> <span class='ocrx_word' id='word_1_71' title='bbox 938 1719 1237 1800; x_wconf 83' lang='lat' dir='ltr'>(voveri</span> <span class='ocrx_word' id='word_1_72' title='bbox 1308 1719 1602 1785; x_wconf 90' lang='lat' dir='ltr'>debere</span> <span class='ocrx_word' id='word_1_73' title='bbox 1670 1717 1894 1800; x_wconf 89' lang='lat' dir='ltr'>ludos;</span> <span class='ocrx_word' id='word_1_74' title='bbox 1962 1704 2171 1801; x_wconf 86' lang='lat' dir='ltr'>neque</span> <span class='ocrx_word' id='word_1_75' title='bbox 2241 1722 2413 1786; x_wconf 91' lang='lat' dir='ltr'>enim</span> <span class='ocrx_word' id='word_1_76' title='bbox 2482 1720 2662 1786; x_wconf 88' lang='lat' dir='ltr'>aliud</span> <span class='ocrx_word' id='word_1_77' title='bbox 2717 1721 2872 1785; x_wconf 87' lang='lat' dir='ltr'>sub-</span> 
     </span>
     <span class='ocr_line' id='line_1_12' title="bbox 561 1825 2871 1910; baseline 0 -19"><span class='ocrx_word' id='word_1_78' title='bbox 561 1829 803 1892; x_wconf 86' lang='lat' dir='ltr'>iectum</span> <span class='ocrx_word' id='word_1_79' title='bbox 851 1825 1001 1907; x_wconf 90' lang='lat' dir='ltr'>est).</span> <span class='ocrx_word' id='word_1_80' title='bbox 1109 1826 1236 1891; x_wconf 86' lang='lat' dir='ltr'>Sed</span> <span class='ocrx_word' id='word_1_81' title='bbox 1294 1834 1614 1910; x_wconf 74' lang='lat' dir='ltr'>praeterea</span> <span class='ocrx_word' id='word_1_82' title='bbox 1670 1850 1799 1893; x_wconf 92' lang='lat' dir='ltr'>non</span> <span class='ocrx_word' id='word_1_83' title='bbox 1846 1833 2106 1892; x_wconf 89' lang='lat' dir='ltr'>tantum</span> <span class='ocrx_word' id='word_1_84' title='bbox 2154 1827 2451 1893; x_wconf 89' lang='lat' dir='ltr'>debere</span> <span class='ocrx_word' id='word_1_85' title='bbox 2499 1850 2577 1893; x_wconf 85' lang='lat' dir='ltr'>ex</span> <span class='ocrx_word' id='word_1_86' title='bbox 2621 1829 2871 1893; x_wconf 85' lang='lat' dir='ltr'>incerta</span> 
     </span>
     <span class='ocr_line' id='line_1_13' title="bbox 560 1933 2870 2019; baseline 0 -20"><span class='ocrx_word' id='word_1_87' title='bbox 560 1936 843 2019; x_wconf 85' lang='lat' dir='ltr'>pecunia</span> <span class='ocrx_word' id='word_1_88' title='bbox 898 1933 1089 1999; x_wconf 91' lang='lat' dir='ltr'>ludos</span> <span class='ocrx_word' id='word_1_89' title='bbox 1148 1935 1366 1998; x_wconf 83' lang='lat' dir='ltr'>voveri</span> <span class='ocrx_word' id='word_1_90' title='bbox 1424 1935 1712 1999; x_wconf 90' lang='lat' dir='ltr'>Licinius</span> <span class='ocrx_word' id='word_1_91' title='bbox 1770 1935 2089 2018; x_wconf 87' lang='lat' dir='ltr'>negabat,</span> <span class='ocrx_word' id='word_1_92' title='bbox 2157 1935 2272 1999; x_wconf 87' lang='lat' dir='ltr'>sed</span> <span class='ocrx_word' id='word_1_93' title='bbox 2347 1957 2540 2019; x_wconf 84' lang='lat' dir='ltr'>posse</span> <span class='ocrx_word' id='word_1_94' title='bbox 2607 1937 2870 2000; x_wconf 93' lang='lat' dir='ltr'>omnino</span> 
     </span>
     <span class='ocr_line' id='line_1_14' title="bbox 562 2042 2871 2126; baseline -0 -18"><span class='ocrx_word' id='word_1_95' title='bbox 562 2045 742 2108; x_wconf 83' lang='lat' dir='ltr'>salva</span> <span class='ocrx_word' id='word_1_96' title='bbox 788 2042 1100 2124; x_wconf 85' lang='lat' dir='ltr'>religione</span> <span class='ocrx_word' id='word_1_97' title='bbox 1148 2043 1240 2106; x_wconf 90' lang='lat' dir='ltr'>sic</span> <span class='ocrx_word' id='word_1_98' title='bbox 1286 2044 1536 2124; x_wconf 80' lang='lat' dir='ltr'>voveri3</span> <span class='ocrx_word' id='word_1_99' title='bbox 1582 2065 1703 2107; x_wconf 89' lang='lat' dir='ltr'>nec</span> <span class='ocrx_word' id='word_1_100' title='bbox 1753 2063 1972 2123; x_wconf 89' lang='lat' dir='ltr'>causa,</span> <span class='ocrx_word' id='word_1_101' title='bbox 2019 2064 2162 2126; x_wconf 83' lang='lat' dir='ltr'>quae</span> <span class='ocrx_word' id='word_1_102' title='bbox 2211 2042 2481 2108; x_wconf 81' lang='lat' dir='ltr'>additur</span> <span class='ocrx_word' id='word_1_103' title='bbox 2520 2042 2741 2125; x_wconf 88' lang='lat' dir='ltr'>(quia</span> <span class='ocrx_word' id='word_1_104' title='bbox 2783 2063 2871 2107; x_wconf 90' lang='lat' dir='ltr'>ea</span> 
     </span>
     <span class='ocr_line' id='line_1_15' title="bbox 562 2141 2872 2234; baseline 0 -20"><span class='ocrx_word' id='word_1_105' title='bbox 562 2151 907 2234; x_wconf 90' lang='lat' dir='ltr'>pecunia</span> <span class='ocrx_word' id='word_1_106' title='bbox 954 2172 1108 2215; x_wconf 90' lang='lat' dir='ltr'>non</span> <span class='ocrx_word' id='word_1_107' title='bbox 1152 2149 1491 2233; x_wconf 91' lang='lat' dir='ltr'>posset),</span> <span class='ocrx_word' id='word_1_108' title='bbox 1544 2141 1696 2234; x_wconf 83' lang='lat' dir='ltr'>apte</span> <span class='ocrx_word' id='word_1_109' title='bbox 1734 2150 2039 2216; x_wconf 84' lang='lat' dir='ltr'>convenit</span> <span class='ocrx_word' id='word_1_110' title='bbox 2074 2151 2393 2233; x_wconf 73' lang='lat' dir='ltr'>negativae</span> <span class='ocrx_word' id='word_1_111' title='bbox 2430 2151 2770 2215; x_wconf 71' lang='lat' dir='ltr'>sententiae</span> <span class='ocrx_word' id='word_1_112' title='bbox 2806 2157 2872 2214; x_wconf 92' lang='lat' dir='ltr'>et</span> 
     </span>
     <span class='ocr_line' id='line_1_16' title="bbox 561 2256 2871 2340; baseline -0 -19"><span class='ocrx_word' id='word_1_113' title='bbox 561 2259 828 2322; x_wconf 84' lang='lat' dir='ltr'>incertae</span> <span class='ocrx_word' id='word_1_114' title='bbox 865 2258 1177 2339; x_wconf 88' lang='lat' dir='ltr'>pecuniae.</span> <span class='ocrx_word' id='word_1_115' title='bbox 1249 2256 1512 2335; x_wconf 88' lang='lat' dir='ltr'>Vereor,</span> <span class='ocrx_word' id='word_1_116' title='bbox 1547 2280 1628 2322; x_wconf 89' lang='lat' dir='ltr'>ne</span> <span class='ocrx_word' id='word_1_117' title='bbox 1668 2258 1917 2338; x_wconf 88' lang='lat' dir='ltr'>aliquid</span> <span class='ocrx_word' id='word_1_118' title='bbox 1952 2257 2270 2321; x_wconf 84' lang='lat' dir='ltr'>exciderit</span> <span class='ocrx_word' id='word_1_119' title='bbox 2304 2275 2590 2340; x_wconf 87' lang='lat' dir='ltr'>veraque</span> <span class='ocrx_word' id='word_1_120' title='bbox 2628 2258 2871 2321; x_wconf 86' lang='lat' dir='ltr'>oratio-</span> 
     </span>
     <span class='ocr_line' id='line_1_17' title="bbox 559 2363 2871 2448; baseline -0.001 -20"><span class='ocrx_word' id='word_1_121' title='bbox 559 2367 662 2429; x_wconf 92' lang='lat' dir='ltr'>nis</span> <span class='ocrx_word' id='word_1_122' title='bbox 686 2364 896 2427; x_wconf 86' lang='lat' dir='ltr'>forma</span> <span class='ocrx_word' id='word_1_123' title='bbox 920 2364 1056 2427; x_wconf 77' lang='lat' dir='ltr'>haec</span> <span class='ocrx_word' id='word_1_124' title='bbox 1079 2363 1310 2428; x_wconf 89' lang='lat' dir='ltr'>fuerit:</span> <span class='ocrx_word' id='word_1_125' title='bbox 1357 2367 1689 2447; x_wconf 87' lang='lat' dir='ltr'>negavit</span> <span class='ocrx_word' id='word_1_126' title='bbox 1723 2387 1809 2429; x_wconf 84' lang='lat' dir='ltr'>ex</span> <span class='ocrx_word' id='word_1_127' title='bbox 1846 2366 2162 2429; x_wconf 87' lang='lat' dir='ltr'>incerta</span> <span class='ocrx_word' id='word_1_128' title='bbox 2195 2364 2551 2448; x_wconf 87' lang='lat' dir='ltr'>pecunia</span> <span class='ocrx_word' id='word_1_129' title='bbox 2587 2384 2871 2428; x_wconf 84' lang='lat' dir='ltr'>vovere</span> 
     </span>
     <span class='ocr_line' id='line_1_18' title="bbox 563 2471 2868 2554; baseline 0.001 -22"><span class='ocrx_word' id='word_1_130' title='bbox 563 2471 847 2550; x_wconf 72' lang='lat' dir='ltr'>licere3</span> <span class='ocrx_word' id='word_1_131' title='bbox 907 2491 983 2534; x_wconf 78' lang='lat' dir='ltr'>ex</span> <span class='ocrx_word' id='word_1_132' title='bbox 1032 2479 1246 2534; x_wconf 81' lang='lat' dir='ltr'>certa</span> <span class='ocrx_word' id='word_1_133' title='bbox 1292 2472 1546 2534; x_wconf 74' lang='lat' dir='ltr'>voveri</span> <span class='ocrx_word' id='word_1_134' title='bbox 1592 2472 1916 2550; x_wconf 89' lang='lat' dir='ltr'>debere,</span> <span class='ocrx_word' id='word_1_135' title='bbox 1978 2473 2168 2554; x_wconf 88' lang='lat' dir='ltr'>quia</span> <span class='ocrx_word' id='word_1_136' title='bbox 2214 2493 2302 2535; x_wconf 90' lang='lat' dir='ltr'>ea</span> <span class='ocrx_word' id='word_1_137' title='bbox 2353 2473 2698 2554; x_wconf 87' lang='lat' dir='ltr'>pecunia</span> <span class='ocrx_word' id='word_1_138' title='bbox 2746 2478 2868 2535; x_wconf 91' lang='lat' dir='ltr'>cet.</span> 
     </span>
     <span class='ocr_line' id='line_1_19' title="bbox 564 2577 2867 2663; baseline -0 -19"><span class='ocrx_word' id='word_1_139' title='bbox 564 2577 839 2661; x_wconf 88' lang='lat' dir='ltr'>[Eodem</span> <span class='ocrx_word' id='word_1_140' title='bbox 888 2578 1097 2663; x_wconf 59' lang='lat' dir='ltr'>capg</span> <span class='ocrx_word' id='word_1_141' title='bbox 1151 2584 1226 2644; x_wconf 88' lang='grc'>10</span> <span class='ocrx_word' id='word_1_142' title='bbox 1274 2600 1308 2645; x_wconf 92' lang='lat' dir='ltr'>e</span> <span class='ocrx_word' id='word_1_143' title='bbox 1357 2580 1582 2645; x_wconf 90' lang='lat' dir='ltr'>Bamb.</span> <span class='ocrx_word' id='word_1_144' title='bbox 1623 2580 1820 2645; x_wconf 84' lang='lat' dir='ltr'>scribi</span> <span class='ocrx_word' id='word_1_145' title='bbox 1869 2579 2092 2644; x_wconf 90' lang='lat' dir='ltr'>debet:</span> <span class='ocrx_word' id='word_1_146' title='bbox 2147 2579 2410 2644; x_wconf 87' lang='lat' dir='ltr'>octies</span> <span class='ocrx_word' id='word_1_147' title='bbox 2459 2585 2647 2643; x_wconf 87' lang='lat' dir='ltr'>ante</span> <span class='ocrx_word' id='word_1_148' title='bbox 2694 2578 2867 2643; x_wconf 90' lang='lat' dir='ltr'>ludi</span> 
     </span>
     <span class='ocr_line' id='line_1_20' title="bbox 560 2684 2871 2770; baseline -0 -19"><span class='ocrx_word' id='word_1_149' title='bbox 560 2689 824 2769; x_wconf 85' lang='lat' dir='ltr'>magni</span> <span class='ocrx_word' id='word_1_150' title='bbox 862 2694 1008 2763; x_wconf 63' lang='lat' dir='ltr'>cet„</span> <span class='ocrx_word' id='word_1_151' title='bbox 1047 2687 1157 2751; x_wconf 91' lang='lat' dir='ltr'>ubi</span> <span class='ocrx_word' id='word_1_152' title='bbox 1185 2688 1427 2752; x_wconf 82' lang='lat' dir='ltr'>editur:</span> <span class='ocrx_word' id='word_1_153' title='bbox 1468 2690 1718 2752; x_wconf 87' lang='lat' dir='ltr'>toties</span> <span class='ocrx_word' id='word_1_154' title='bbox 1755 2695 1960 2752; x_wconf 88' lang='lat' dir='ltr'>ante.</span> <span class='ocrx_word' id='word_1_155' title='bbox 2012 2687 2468 2770; x_wconf 88' lang='lat' dir='ltr'>Epiphonema</span> <span class='ocrx_word' id='word_1_156' title='bbox 2490 2685 2655 2751; x_wconf 92' lang='lat' dir='ltr'>illud</span> <span class='ocrx_word' id='word_1_157' title='bbox 2678 2684 2871 2751; x_wconf 89' lang='lat' dir='ltr'>inane</span> 
     </span>
     <span class='ocr_line' id='line_1_21' title="bbox 561 2793 2871 2878; baseline -0.002 -15"><span class='ocrx_word' id='word_1_158' title='bbox 561 2802 681 2863; x_wconf 82' lang='lat' dir='ltr'>est,</span> <span class='ocrx_word' id='word_1_159' title='bbox 728 2817 845 2859; x_wconf 83' lang='lat' dir='ltr'>nec</span> <span class='ocrx_word' id='word_1_160' title='bbox 889 2801 1139 2859; x_wconf 89' lang='lat' dir='ltr'>rectum</span> <span class='ocrx_word' id='word_1_161' title='bbox 1176 2797 1422 2859; x_wconf 87' lang='lat' dir='ltr'>toties</span> <span class='ocrx_word' id='word_1_162' title='bbox 1458 2817 1575 2878; x_wconf 83' lang='lat' dir='ltr'>pro</span> <span class='ocrx_word' id='word_1_163' title='bbox 1613 2817 1768 2878; x_wconf 75' lang='lat' dir='ltr'>saep</span> <span class='ocrx_word' id='word_1_164' title='bbox 1790 2817 1840 2873; x_wconf 79' lang='lat' dir='ltr'>e,</span> <span class='ocrx_word' id='word_1_165' title='bbox 1888 2793 2062 2875; x_wconf 91' lang='lat' dir='ltr'>quod</span> <span class='ocrx_word' id='word_1_166' title='bbox 2097 2800 2354 2858; x_wconf 90' lang='lat' dir='ltr'>rectum</span> <span class='ocrx_word' id='word_1_167' title='bbox 2389 2800 2561 2859; x_wconf 90' lang='lat' dir='ltr'>esset</span> <span class='ocrx_word' id='word_1_168' title='bbox 2595 2795 2661 2858; x_wconf 93' lang='lat' dir='ltr'>in</span> <span class='ocrx_word' id='word_1_169' title='bbox 2697 2815 2871 2859; x_wconf 88' lang='lat' dir='ltr'>com-</span> 
     </span>
     <span class='ocr_line' id='line_1_22' title="bbox 559 2900 2871 2985; baseline -0 -20"><span class='ocrx_word' id='word_1_170' title='bbox 559 2904 929 2985; x_wconf 88' lang='lat' dir='ltr'>paratione,</span> <span class='ocrx_word' id='word_1_171' title='bbox 999 2923 1116 2966; x_wconf 89' lang='lat' dir='ltr'>cur</span> <span class='ocrx_word' id='word_1_172' title='bbox 1182 2924 1311 2966; x_wconf 92' lang='lat' dir='ltr'>non</span> <span class='ocrx_word' id='word_1_173' title='bbox 1380 2924 1554 2967; x_wconf 89' lang='lat' dir='ltr'>nunc</span> <span class='ocrx_word' id='word_1_174' title='bbox 1624 2923 1883 2984; x_wconf 85' lang='lat' dir='ltr'>quoque</span> <span class='ocrx_word' id='word_1_175' title='bbox 1941 2901 2170 2967; x_wconf 87' lang='lat' dir='ltr'>eodem</span> <span class='ocrx_word' id='word_1_176' title='bbox 2226 2900 2422 2966; x_wconf 87' lang='lat' dir='ltr'>modo</span> <span class='ocrx_word' id='word_1_177' title='bbox 2480 2907 2871 2967; x_wconf 85' lang='lat' dir='ltr'>voverentur</span> 
     </span>
     <span class='ocr_line' id='line_1_23' title="bbox 559 3006 2868 3091; baseline -0 -17"><span class='ocrx_word' id='word_1_178' title='bbox 559 3009 727 3088; x_wconf 82' lang='lat' dir='ltr'>ludi3</span> <span class='ocrx_word' id='word_1_179' title='bbox 797 3010 909 3074; x_wconf 88' lang='lat' dir='ltr'>cfr.</span> <span class='ocrx_word' id='word_1_180' title='bbox 961 3008 1092 3074; x_wconf 79' lang='lat' dir='ltr'>Cic.</span> <span class='ocrx_word' id='word_1_181' title='bbox 1145 3010 1223 3073; x_wconf 87' lang='lat' dir='ltr'>de</span> <span class='ocrx_word' id='word_1_182' title='bbox 1268 3010 1308 3072; x_wconf 93' lang='lat' dir='ltr'>l.</span> <span class='ocrx_word' id='word_1_183' title='bbox 1360 3031 1495 3091; x_wconf 86' lang='lat' dir='ltr'>agr.</span> <span class='ocrx_word' id='word_1_184' title='bbox 1544 3010 1627 3088; x_wconf 90' lang='lat'>11,</span> <span class='ocrx_word' id='word_1_185' title='bbox 1676 3015 1731 3085; x_wconf 79' lang='lat'>7,</span> <span class='ocrx_word' id='word_1_186' title='bbox 1787 3014 1882 3072; x_wconf 86' lang='grc'>17.</span> <span class='ocrx_word' id='word_1_187' title='bbox 1998 3006 2245 3072; x_wconf 84' lang='lat' dir='ltr'>Contra</span> <span class='ocrx_word' id='word_1_188' title='bbox 2293 3008 2460 3073; x_wconf 87' lang='lat' dir='ltr'>Livii</span> <span class='ocrx_word' id='word_1_189' title='bbox 2505 3011 2668 3073; x_wconf 90' lang='lat' dir='ltr'>mori</span> <span class='ocrx_word' id='word_1_190' title='bbox 2717 3030 2868 3073; x_wconf 90' lang='lat' dir='ltr'>con-</span> 
     </span>
     <span class='ocr_line' id='line_1_24' title="bbox 559 3116 2867 3199; baseline -0 -20"><span class='ocrx_word' id='word_1_191' title='bbox 559 3120 731 3183; x_wconf 87' lang='lat' dir='ltr'>venit</span> <span class='ocrx_word' id='word_1_192' title='bbox 798 3116 1173 3181; x_wconf 87' lang='lat' dir='ltr'>huiusmodi</span> <span class='ocrx_word' id='word_1_193' title='bbox 1241 3116 1582 3181; x_wconf 81' lang='lat' dir='ltr'>adnotatio</span> <span class='ocrx_word' id='word_1_194' title='bbox 1658 3138 1735 3179; x_wconf 85' lang='lat' dir='ltr'>ex</span> <span class='ocrx_word' id='word_1_195' title='bbox 1804 3116 2087 3180; x_wconf 88' lang='lat' dir='ltr'>alicuius</span> <span class='ocrx_word' id='word_1_196' title='bbox 2157 3116 2506 3180; x_wconf 84' lang='lat' dir='ltr'>annalibus</span> <span class='ocrx_word' id='word_1_197' title='bbox 2562 3118 2867 3199; x_wconf 87' lang='lat' dir='ltr'>repetita.</span> 
     </span>
     <span class='ocr_line' id='line_1_25' title="bbox 561 3222 1761 3306; baseline -0.003 -16"><span class='ocrx_word' id='word_1_198' title='bbox 561 3225 688 3290; x_wconf 88' lang='lat' dir='ltr'>Cfr.</span> <span class='ocrx_word' id='word_1_199' title='bbox 740 3226 845 3301; x_wconf 84' lang='lat' dir='ltr'>IV,</span> <span class='ocrx_word' id='word_1_200' title='bbox 897 3229 996 3299; x_wconf 81' lang='lat'>32,</span> <span class='ocrx_word' id='word_1_201' title='bbox 1046 3228 1112 3285; x_wconf 80' lang='lat'>2:</span> <span class='ocrx_word' id='word_1_202' title='bbox 1163 3225 1451 3288; x_wconf 85' lang='lat' dir='ltr'>sexies.</span> <span class='ocrx_word' id='word_1_203' title='bbox 1547 3222 1761 3306; x_wconf 73' lang='lat'>1863]</span> 
     </span>
    </p>

    <p class='ocr_par' dir='ltr' id='par_1_5' title="bbox 560 3329 2866 3523">
     <span class='ocr_line' id='line_1_26' title="bbox 734 3329 2864 3415; baseline -0 -19"><span class='ocrx_word' id='word_1_204' title='bbox 734 3332 893 3415; x_wconf 90' lang='lat' dir='ltr'>Cap.</span> <span class='ocrx_word' id='word_1_205' title='bbox 969 3334 1075 3409; x_wconf 81' lang='lat'>11,</span> <span class='ocrx_word' id='word_1_206' title='bbox 1148 3333 1256 3394; x_wconf 80' lang='lat'>12:</span> <span class='ocrx_word' id='word_1_207' title='bbox 1337 3333 1720 3415; x_wconf 89' lang='lat' dir='ltr'>iussique</span> <span class='ocrx_word' id='word_1_208' title='bbox 1802 3329 2032 3412; x_wconf 88' lang='lat' dir='ltr'>(legati</span> <span class='ocrx_word' id='word_1_209' title='bbox 2112 3331 2392 3395; x_wconf 87' lang='lat' dir='ltr'>Romani</span> <span class='ocrx_word' id='word_1_210' title='bbox 2469 3329 2864 3410; x_wconf 82' lang='lat' dir='ltr'>Masinissae)</span> 
     </span>
     <span class='ocr_line' id='line_1_27' title="bbox 560 3437 2866 3523; baseline -0.001 -18"><span class='ocrx_word' id='word_1_211' title='bbox 560 3439 971 3523; x_wconf 81' lang='lat' dir='ltr'>polliceri,</span> <span class='ocrx_word' id='word_1_212' title='bbox 1043 3438 1110 3501; x_wconf 91' lang='lat' dir='ltr'>si</span> <span class='ocrx_word' id='word_1_213' title='bbox 1174 3439 1363 3518; x_wconf 90' lang='lat' dir='ltr'>quid</span> <span class='ocrx_word' id='word_1_214' title='bbox 1421 3440 1493 3503; x_wconf 89' lang='lat' dir='ltr'>ei</span> <span class='ocrx_word' id='word_1_215' title='bbox 1548 3439 1646 3504; x_wconf 89' lang='lat' dir='ltr'>ad</span> <span class='ocrx_word' id='word_1_216' title='bbox 1704 3437 2188 3502; x_wconf 88' lang='lat' dir='ltr'>firmandum</span> <span class='ocrx_word' id='word_1_217' title='bbox 2244 3439 2866 3520; x_wconf 85' lang='lat' dir='ltr'>augendumque</span> 
     </span>
    </p>

    <p class='ocr_par' dir='ltr' id='par_1_6' title="bbox 388 3543 2869 4274">
     <span class='ocr_line' id='line_1_28' title="bbox 388 3543 2863 3638; baseline -0.001 -26"><span class='ocrx_word' id='word_1_218' title='bbox 388 3567 530 3638; x_wconf 83' lang='lat'><strong>(369)</strong></span> <span class='ocrx_word' id='word_1_219' title='bbox 568 3568 892 3629; x_wconf 86' lang='lat' dir='ltr'>regnum</span> <span class='ocrx_word' id='word_1_220' title='bbox 940 3566 1140 3629; x_wconf 87' lang='lat' dir='ltr'>opus</span> <span class='ocrx_word' id='word_1_221' title='bbox 1188 3567 1365 3611; x_wconf 90' lang='lat' dir='ltr'>esse</span> <span class='ocrx_word' id='word_1_222' title='bbox 1410 3545 1895 3621; x_wconf 85' lang='lat' dir='ltr'>indicasset,</span> <span class='ocrx_word' id='word_1_223' title='bbox 1956 3545 2185 3609; x_wconf 79' lang='lat' dir='ltr'>enixe</span> <span class='ocrx_word' id='word_1_224' title='bbox 2232 3543 2315 3608; x_wconf 92' lang='lat' dir='ltr'>id</span> <span class='ocrx_word' id='word_1_225' title='bbox 2359 3546 2741 3629; x_wconf 90' lang='lat' dir='ltr'>populum</span> <span class='ocrx_word' id='word_1_226' title='bbox 2788 3546 2863 3610; x_wconf 88' lang='lat' dir='ltr'>R.</span> 
     </span>
     <span class='ocr_line' id='line_1_29' title="bbox 561 3652 2868 3737; baseline 0 -19"><span class='ocrx_word' id='word_1_227' title='bbox 561 3655 846 3718; x_wconf 88' lang='lat' dir='ltr'>merito</span> <span class='ocrx_word' id='word_1_228' title='bbox 904 3653 1079 3717; x_wconf 90' lang='lat' dir='ltr'>eius</span> <span class='ocrx_word' id='word_1_229' title='bbox 1126 3660 1728 3737; x_wconf 75' lang='lat' dir='ltr'>praestaturum.</span> <span class='ocrx_word' id='word_1_230' title='bbox 1821 3652 2025 3716; x_wconf 82' lang='lat' dir='ltr'>Recte</span> <span class='ocrx_word' id='word_1_231' title='bbox 2072 3652 2534 3717; x_wconf 88' lang='lat' dir='ltr'>indicasset</span> <span class='ocrx_word' id='word_1_232' title='bbox 2580 3675 2698 3736; x_wconf 92' lang='lat' dir='ltr'>pro</span> <span class='ocrx_word' id='word_1_233' title='bbox 2745 3654 2868 3718; x_wconf 90' lang='lat' dir='ltr'>iu-</span> 
     </span>
     <span class='ocr_line' id='line_1_30' title="bbox 562 3759 2869 3844; baseline -0 -18"><span class='ocrx_word' id='word_1_234' title='bbox 562 3761 926 3826; x_wconf 87' lang='lat' dir='ltr'>dicasset</span> <span class='ocrx_word' id='word_1_235' title='bbox 980 3781 1014 3824; x_wconf 91' lang='lat' dir='ltr'>e</span> <span class='ocrx_word' id='word_1_236' title='bbox 1059 3759 1113 3823; x_wconf 92' lang='lat' dir='ltr'><strong>B</strong></span> <span class='ocrx_word' id='word_1_237' title='bbox 1157 3761 1537 3825; x_wconf 89' lang='lat' dir='ltr'>restitutum</span> <span class='ocrx_word' id='word_1_238' title='bbox 1594 3760 1912 3841; x_wconf 74' lang='lat' dir='ltr'>est,(etsi</span> <span class='ocrx_word' id='word_1_239' title='bbox 1970 3761 2038 3824; x_wconf 89' lang='lat' dir='ltr'>in</span> <span class='ocrx_word' id='word_1_240' title='bbox 2093 3760 2214 3823; x_wconf 88' lang='lat' dir='ltr'>tali</span> <span class='ocrx_word' id='word_1_241' title='bbox 2273 3781 2346 3824; x_wconf 91' lang='lat' dir='ltr'>re</span> <span class='ocrx_word' id='word_1_242' title='bbox 2403 3763 2644 3844; x_wconf 74' lang='lat' dir='ltr'>exigua</span> <span class='ocrx_word' id='word_1_243' title='bbox 2690 3761 2869 3826; x_wconf 92' lang='lat' dir='ltr'>codi-</span> 
     </span>
     <span class='ocr_line' id='line_1_31' title="bbox 562 3852 2867 3953; baseline 0 -20"><span class='ocrx_word' id='word_1_244' title='bbox 562 3890 711 3933; x_wconf 86' lang='lat' dir='ltr'>cum</span> <span class='ocrx_word' id='word_1_245' title='bbox 759 3868 1122 3932; x_wconf 86' lang='lat' dir='ltr'>auctoritas</span> <span class='ocrx_word' id='word_1_246' title='bbox 1170 3868 1331 3948; x_wconf 89' lang='lat' dir='ltr'>est);</span> <span class='ocrx_word' id='word_1_247' title='bbox 1398 3869 1467 3932; x_wconf 92' lang='lat' dir='ltr'>in</span> <span class='ocrx_word' id='word_1_248' title='bbox 1526 3889 1602 3933; x_wconf 88' lang='lat' dir='ltr'>eo</span> <span class='ocrx_word' id='word_1_249' title='bbox 1661 3870 1833 3932; x_wconf 91' lang='lat' dir='ltr'>enim</span> <span class='ocrx_word' id='word_1_250' title='bbox 1870 3852 2021 3933; x_wconf 90' lang='lat' dir='ltr'>uno</span> <span class='ocrx_word' id='word_1_251' title='bbox 2078 3866 2373 3932; x_wconf 86' lang='lat' dir='ltr'>liberalis</span> <span class='ocrx_word' id='word_1_252' title='bbox 2431 3875 2496 3933; x_wconf 91' lang='lat' dir='ltr'>et</span> <span class='ocrx_word' id='word_1_253' title='bbox 2540 3890 2867 3953; x_wconf 86' lang='lat' dir='ltr'>propensa</span> 
     </span>
     <span class='ocr_line' id='line_1_32' title="bbox 558 3974 2866 4051; baseline 0.001 -12"><span class='ocrx_word' id='word_1_254' title='bbox 558 3976 859 4040; x_wconf 84' lang='lat' dir='ltr'>voluntas</span> <span class='ocrx_word' id='word_1_255' title='bbox 939 3981 1110 4051; x_wconf 78' lang='lat' dir='ltr'>erat,</span> <span class='ocrx_word' id='word_1_256' title='bbox 1196 3976 1249 4038; x_wconf 85' lang='lat' dir='ltr'>si</span> <span class='ocrx_word' id='word_1_257' title='bbox 1317 3975 1685 4039; x_wconf 74' lang='lat' dir='ltr'>Masinissae</span> <span class='ocrx_word' id='word_1_258' title='bbox 1767 3974 2109 4039; x_wconf 88' lang='lat' dir='ltr'>desideriis</span> <span class='ocrx_word' id='word_1_259' title='bbox 2191 3975 2656 4042; x_wconf 85' lang='lat' dir='ltr'>satisfacturus</span> <span class='ocrx_word' id='word_1_260' title='bbox 2724 3983 2866 4042; x_wconf 90' lang='lat' dir='ltr'>erat</span> 
     </span>
     <span class='ocr_line' id='line_1_33' title="bbox 559 4082 2865 4167; baseline 0.001 -21"><span class='ocrx_word' id='word_1_261' title='bbox 559 4084 843 4167; x_wconf 86' lang='lat' dir='ltr'>populus</span> <span class='ocrx_word' id='word_1_262' title='bbox 901 4084 1263 4160; x_wconf 73' lang='lat' dir='ltr'>Romanae,</span> <span class='ocrx_word' id='word_1_263' title='bbox 1330 4103 1462 4147; x_wconf 93' lang='lat' dir='ltr'>non</span> <span class='ocrx_word' id='word_1_264' title='bbox 1534 4082 1750 4147; x_wconf 90' lang='lat' dir='ltr'>solum</span> <span class='ocrx_word' id='word_1_265' title='bbox 1820 4102 1937 4147; x_wconf 87' lang='lat' dir='ltr'>suo</span> <span class='ocrx_word' id='word_1_266' title='bbox 1996 4082 2259 4146; x_wconf 87' lang='lat' dir='ltr'>iudicio.</span> <span class='ocrx_word' id='word_1_267' title='bbox 2378 4082 2491 4165; x_wconf 88' lang='lat' dir='ltr'>(Et</span> <span class='ocrx_word' id='word_1_268' title='bbox 2546 4088 2865 4166; x_wconf 84' lang='lat' dir='ltr'>praeterea</span> 
     </span>
     <span class='ocr_line' id='line_1_34' title="bbox 559 4188 2866 4274; baseline 0 -19"><span class='ocrx_word' id='word_1_269' title='bbox 559 4191 853 4274; x_wconf 90' lang='lat' dir='ltr'>alioquin</span> <span class='ocrx_word' id='word_1_270' title='bbox 915 4188 1331 4254; x_wconf 88' lang='lat' dir='ltr'>scribendum</span> <span class='ocrx_word' id='word_1_271' title='bbox 1393 4194 1566 4254; x_wconf 87' lang='lat' dir='ltr'>erat:</span> <span class='ocrx_word' id='word_1_272' title='bbox 1638 4189 1702 4252; x_wconf 89' lang='lat' dir='ltr'>si</span> <span class='ocrx_word' id='word_1_273' title='bbox 1762 4189 1955 4272; x_wconf 86' lang='lat' dir='ltr'>quid</span> <span class='ocrx_word' id='word_1_274' title='bbox 2000 4225 2088 4235; x_wconf 93' lang='lat'>—-</span> <span class='ocrx_word' id='word_1_275' title='bbox 2131 4190 2478 4273; x_wconf 89' lang='lat' dir='ltr'>populus</span> <span class='ocrx_word' id='word_1_276' title='bbox 2524 4191 2599 4254; x_wconf 89' lang='lat' dir='ltr'>R.</span> <span class='ocrx_word' id='word_1_277' title='bbox 2650 4190 2866 4255; x_wconf 90' lang='lat' dir='ltr'>iudi-</span> 
     </span>
    </p>
   </div>
   <div class='ocr_carea' id='block_1_3' title="bbox 563 4348 864 4357">
    <p class='ocr_par' dir='ltr' id='par_1_7' title="bbox 563 4348 864 4357">
     <span class='ocr_line' id='line_1_35' title="bbox 563 4348 864 4357; baseline 0 925"><span class='ocrx_word' id='word_1_278' title='bbox 563 4348 864 4357; x_wconf 95' lang='lat' dir='ltr'> </span> 
     </span>
    </p>
   </div>
   <div class='ocr_carea' id='block_1_4' title="bbox 615 4418 1851 4486">
    <p class='ocr_par' dir='ltr' id='par_1_8' title="bbox 615 4418 1851 4486">
     <span class='ocr_line' id='line_1_36' title="bbox 615 4418 1851 4486; baseline 0 -14"><span class='ocrx_word' id='word_1_279' title='bbox 615 4422 662 4485; x_wconf 87' lang='lat'>¹)</span> <span class='ocrx_word' id='word_1_280' title='bbox 698 4418 782 4472; x_wconf 90' lang='lat' dir='ltr'>De</span> <span class='ocrx_word' id='word_1_281' title='bbox 819 4436 863 4473; x_wconf 86' lang='lat' dir='ltr'>c.</span> <span class='ocrx_word' id='word_1_282' title='bbox 903 4422 952 4485; x_wconf 85' lang='grc'>8,</span> <span class='ocrx_word' id='word_1_283' title='bbox 990 4421 1023 4472; x_wconf 91' lang='grc'><strong>9</strong></span> <span class='ocrx_word' id='word_1_284' title='bbox 1059 4419 1242 4474; x_wconf 89' lang='lat' dir='ltr'>dicam</span> <span class='ocrx_word' id='word_1_285' title='bbox 1280 4419 1351 4473; x_wconf 85' lang='lat' dir='ltr'>ad</span> <span class='ocrx_word' id='word_1_286' title='bbox 1386 4419 1645 4486; x_wconf 87' lang='lat' dir='ltr'>XXXIII,</span> <span class='ocrx_word' id='word_1_287' title='bbox 1688 4422 1765 4486; x_wconf 83' lang='lat'>14,</span> <span class='ocrx_word' id='word_1_288' title='bbox 1803 4422 1851 4473; x_wconf 86' lang='lat'>4.</span> 
     </span>
    </p>
   </div>
  </div>
 </body>
</html>
