3230 5282
592 544 717 599 Lib.
756 542 947 598 XLIV.
1681 532 1804 592 696

593 753 678 763 --
722 719 1005 800 ingens
1051 717 1415 783 oblatum
1459 716 1826 779 nulliu-
1874 719 2228 784 avaritia
2272 717 2691 783 dimissum
2748 722 2887 780 est.

595 826 713 890 His
757 826 959 908 igitur
1005 826 1372 908 occupatis,
1431 825 1897 907 relinquuntur
1952 834 2171 891 tamen
2217 827 2286 889 in
2330 826 2457 890 hoc
2503 826 2716 908 capite
2763 824 2896 889 alia

424 938 565 1006 (57⁷)
601 933 899 1015 quaedam
933 934 1371 1017 corrigenda.
1469 933 1759 998 Primum
1829 932 1861 1017 ἓ
1908 939 1965 1014 6,
2031 934 2148 998 ubi
2213 934 2294 998 de
2359 934 2585 998 Persei
2653 938 2892 997 conatu

596 1042 823 1106 Gallos
869 1042 955 1106 ad
992 1042 1372 1107 societatem
1409 1041 1742 1107 alliciendi
1780 1044 2016 1123 agitur,
2055 1042 2299 1107 editur:
2347 1044 2422 1127 ip
2444 1064 2524 1108 se
2562 1039 2897 1122 (Perseus)

597 1171 844 1232 equos
889 1150 1438 1235 phalerasque
1495 1156 1577 1215 et
1634 1151 1943 1233 sagula,
2003 1152 2293 1217 donum
2354 1148 2895 1234 principibus,

595 1258 809 1324 ferre
855 1266 932 1324 et
978 1280 1252 1342 parum
1299 1259 1503 1337 auri,
1551 1259 1763 1341 quod
1821 1260 2041 1325 inter
2100 1280 2407 1343 paucos
2453 1258 2901 1336 divideret,

597 1375 741 1447 cet„
786 1368 1014 1432 vitiose
1060 1387 1336 1450 parum
1380 1388 1499 1449 pro
1547 1387 1656 1445 e0‚
1704 1368 1882 1451 quod
1928 1375 2029 1433 est
2072 1368 2432 1452 paulum,
2494 1368 2735 1449 posito.
2824 1364 2896 1428 In

597 1477 820 1541 codice
867 1483 971 1541 est
1024 1496 1345 1560 parvom
1400 1476 1580 1539 auri
1649 1473 1824 1560 (ipsa
1867 1477 2143 1560 antiqua
2186 1478 2535 1561 scriptura,
2587 1495 2790 1558 quam
2835 1480 2898 1537 et

598 1584 756 1649 alibi
799 1584 1126 1649 interdum
1169 1585 1236 1648 in
1282 1604 1613 1668 aequom,
1672 1604 1953 1665 equom
2012 1585 2159 1650 aliis
2216 1584 2526 1649 librarius
2571 1581 2904 1662 servavit),

597 1693 775 1775 quod
818 1693 1112 1775 quamvis
1158 1713 1277 1776 pro
1324 1692 1730 1756 substantivo
1776 1691 1857 1756 de
1904 1713 2103 1776 parvo
2139 1713 2409 1757 numero
2445 1699 2511 1756 et
2557 1692 2754 1774 copia
2797 1711 2898 1754 ra·

595 1823 739 1872 rum
787 1802 875 1866 sit
920 1801 1335 1882 (inusitatum
1381 1821 1520 1886 esse
1568 1799 1928 1882 significavi
1974 1802 2261 1866 Gramm.
2310 1799 2465 1870 Lat..
2502 1798 2535 1882 ξ
2576 1803 2697 1862 285
2748 1799 2790 1863 b
2836 1799 2903 1861 in

596 1909 935 1993 margine),
1000 1916 1220 1975 tamen
1288 1910 1508 1993 sperni
1576 1930 1707 1973 non
1774 1909 1999 1989 debet,
2058 1908 2289 1994 [quum
2347 1909 2716 1992 praesertim
2760 1908 2901 1990 ipse

598 2018 825 2084 Cicero
871 2016 1053 2083 Verr.
1101 2017 1217 2096 111,
1267 2021 1386 2081 130
1448 2038 1934 2101 perparvum
1994 2039 2084 2082 ex
2129 2016 2311 2080 illis
2354 2015 2614 2080 lucris
2673 2015 2775 2079 ad
2820 2035 2903 2079 se

599 2127 1021 2210 pervenire
1069 2123 1355 2207 dixerit],
1420 2145 1551 2190 non
1624 2126 1827 2208 magis
1874 2147 2071 2208 quam
2127 2126 2408 2189 alterum
2464 2124 2659 2203 illud,
2724 2122 2902 2207 apud

600 2233 978 2300 Ciceronem
1022 2239 1090 2299 et
1133 2234 1542 2318 antiquiores
1578 2255 1707 2298 non
1743 2235 1955 2299 minus
1989 2235 2400 2312 inusitatum,
2435 2232 2613 2316 apud
2651 2232 2905 2297 Livium

599 2350 832 2425 quater
876 2343 1156 2421 omnino,
1200 2342 1328 2405 nisi
1372 2340 1581 2420 fallor,
1629 2343 1945 2425 positum,
1993 2343 2360 2425 exiguum
2406 2363 2553 2405 cum
2599 2341 2901 2423 genetivo

598 2449 994 2532 (exiguum
1031 2449 1191 2513 diei
1236 2449 1347 2529 IX,
1374 2453 1476 2529 42,
1504 2454 1560 2530 6,
1608 2451 1982 2533 exiguum
2027 2452 2282 2534 spatii
2318 2448 2522 2527 XXII,
2576 2455 2676 2528 24,
2704 2454 2765 2527 8,
2792 2470 2899 2513 ex.

600 2559 856 2643 campi
891 2557 1152 2636 XXVII,
1176 2560 1279 2632 27,
1317 2561 1374 2636 3,
1401 2580 1506 2622 ex.
1544 2560 1933 2643 temporis
1971 2558 2104 2639 XL,
2145 2563 2246 2638 28,
2273 2558 2359 2641 4),
2382 2547 2482 2602 '—
2504 2579 2652 2622 nam
2678 2557 2822 2633 VII,
2847 2564 2907 2635 4,

602 2671 637 2730 7
686 2667 750 2732 si
797 2666 990 2751 quid
1036 2667 1422 2750 exiguum,
1468 2690 1603 2733 non
1649 2690 1764 2752 per
1810 2690 1879 2733 se
1926 2670 2304 2752 exiguum
2349 2668 2613 2744 dicitur,
2662 2667 2905 2731 deinde

600 2784 818 2841 autem
886 2776 1061 2860 apud
1108 2775 1437 2856 Ovidium,
1506 2774 1817 2841 Senecam
1886 2776 1995 2858 (de
2054 2776 2240 2841 BreV.
2288 2776 2416 2841 Vit.
2472 2776 2553 2856 1),
2621 2775 2907 2840 Plinium
3034 2780 3042 2789 '

600 2893 982 2969 utrumque,-
1025 2885 1212 2950 alios.
1303 2885 1471 2949 Nam
1527 2905 1857 2968 parvum
1904 2885 2333 2967 sanguinis
2383 2884 2697 2949 Lucanus
2744 2884 2906 2948 dixit

601 2993 682 3072 ΙΙ,
753 2998 903 3073 128,
971 3014 1299 3077 parvum
1364 2992 1760 3075 temporis
1828 2991 2074 3058 Seneca
2138 2992 2308 3056 Med.
2356 2995 2501 3069 5293,
2572 3014 2904 3076 parvum

604 3103 722 3166 sui
778 3103 953 3167 idem
999 3102 1188 3166 Herc.
1237 3102 1378 3167 Oet.
1427 3105 1570 3179 815,
1641 3101 2073 3184 parvulum
2143 3102 2544 3184 temporis
2607 3101 2911 3165 Valerius

602 3210 774 3275 Max.
832 3209 881 3290 Ι,
929 3215 986 3288 7,
1034 3215 1091 3291 7,
1147 3210 1506 3292 eodemque
1552 3210 1862 3292 pertinet,
1910 3209 2090 3291 quod
2148 3230 2268 3292 pro
2316 3230 2423 3288 e0‚
2494 3209 2676 3290 quod
2738 3208 2905 3293 apud

604 3316 985 3384 Ciceronem
1052 3324 1118 3382 et
1182 3318 1587 3401 antiquiores
1653 3317 1893 3381 dicitur
1958 3316 2205 3399 paulo
2263 3316 2541 3400 plures
2605 3318 2905 3398 (maior,

606 3426 775 3506 cet.),
808 3426 1032 3490 Livius
1068 3427 1269 3491 etiam
1302 3442 1569 3509 parvo*
1595 3425 1873 3508 plures
1932 3425 2098 3489 dixit
2132 3425 2238 3504 (X,
2284 3430 2386 3503 45,
2428 3424 2534 3507 11)
2576 3425 2909 3508 quomodo

605 3533 887 3598 Plinium
953 3534 1269 3600 Maiorem
1336 3541 1404 3599 et
1472 3533 1757 3599 Gellium
1821 3533 2077 3599 locutos
2144 3532 2355 3597 lexica
2422 3533 2909 3613 demonstrant3

609 3641 885 3724 (Plinius
930 3642 1129 3708 etiam
1175 3642 1463 3723 exiguo
1510 3650 1699 3726 post
1754 3642 2003 3725 habet).
2093 3641 2232 3707 Nec
2288 3643 2385 3706 ita
2432 3641 2723 3707 difficilis
2770 3649 2915 3707 erat?

608 3750 692 3815 ad
739 3749 877 3815 haec
909 3750 1232 3815 transitus
1268 3749 1352 3814 ab
1387 3751 1486 3829 iis,
1532 3771 1679 3834 quae
1713 3750 1886 3834 apud
1925 3771 2151 3815 omnes
2187 3751 2622 3834 reperiuntur,
2663 3771 2907 3834 parvo

610 3865 1078 3937 contentuS,
1126 3880 1469 3923 summas
1516 3859 2006 3941 voluptates
2054 3859 2446 3941 consequi
2495 3880 2780 3943 parv0,
2828 3860 2909 3923 si-

608 3966 890 4031 milibus.
981 3966 1359 4048 Sequuntur
1405 3966 1465 4049 (ξ
1503 3966 1569 4049 9)
1614 3965 1753 4030 haec
1800 3966 1880 4030 de
1926 3965 2160 4031 iisdem
2196 3965 2436 4031 Gallis:
2483 3966 2668 4032 Haec
2712 3989 2909 4031 man·

612 4075 805 4141 data
847 4075 946 4140 ad
991 4095 1124 4140 eos
1172 4096 1406 4159 quum
1450 4074 1948 4160 pertulisset
2010 4075 2475 4157 Antigonus
2542 4075 2904 4141 adiecis-

613 4192 937 4267 setque,
983 4205 1124 4267 per
1169 4185 1370 4248 viam
1428 4190 1730 4266 quanta
1785 4184 2130 4248 omnium
2186 4191 2653 4267 praeparata
2721 4204 2913 4250 cura

612 4291 829 4374 regis
875 4292 1117 4376 copia
1163 4291 1678 4356 multitudini
1723 4291 1968 4369 foret,
2037 4292 2501 4375 quibusque
2560 4291 2906 4357 muneri·

614 4399 765 4465 bus
836 4400 1254 4484 principes
1321 4401 1858 4465 advenientes
1915 4401 2205 4480 vestiS,
2276 4402 2607 4483 argenti
2675 4420 2911 4484 equo-
