3230 5282
1413 633 1534 696 625
2283 650 2405 704 Lib.
2445 651 2618 704 XLII.

320 817 517 894 Quod
566 819 866 900 Sigonius
915 819 1180 902 scripsit
1226 818 1319 883 ad
1366 819 1674 897 Delum,
1723 819 2008 885 debebat
2049 821 2225 886 Deli
2283 822 2441 903 dici3
2509 844 2619 888 ne-

315 947 449 1009 que
497 926 562 989 id
608 927 1134 1008 augustissimum
1183 947 1323 990 esse
1375 928 1689 1010 templum
1727 927 1947 993 Livius
1993 931 2198 1013 magis
2235 931 2621 996 adnotasset

317 1056 524 1117 quam
572 1035 651 1099 de
698 1034 1000 1117 Delphis,
1070 1056 1283 1116 neque
1349 1030 1609 1100 omnino
1658 1027 1994 1119 probabile
2042 1047 2143 1102 est
2188 1035 2620 1122 praeter'Del-

328 1141 494 1226 phos
542 1145 785 1207 vicinos
832 1153 1016 1207 extra
1051 1142 1394 1208 Boeotiam
1439 1145 1727 1226 positum
1771 1144 1973 1209 fuisse
2018 1145 2267 1211 foedus
2338 1147 2463 1212 Sed
2512 1169 2621 1212 ne-

319 1273 455 1335 que
503 1251 930 1315 Ismenium
981 1252 1248 1316 subesse
1297 1260 1532 1335 potest,
1580 1252 1755 1333 quod
1791 1252 2032 1317 Thebis
2081 1263 2241 1332 erat,
2287 1255 2621 1338 multoque

323 1360 536 1424 minus
582 1361 902 1424 incertum
947 1361 1169 1424 nescio
1220 1360 1394 1443 quod
1429 1360 1780 1426 Posideum
1817 1363 1947 1425 sive
1987 1361 2427 1428 Posidonium.
2495 1364 2620 1428 Re-

326 1468 671 1552 linquitur,
740 1467 912 1549 quod
969 1488 1200 1531 nomen
1265 1489 1297 1532 e
1342 1467 1608 1532 litteris
1653 1467 1938 1533 denum
2002 1470 2308 1535 facillime
2356 1473 2621 1552 eruitur,

327 1577 671 1654 Delium,
719 1575 1194 1640 nobilissimum
1239 1598 1368 1640 11011
1415 1577 1607 1659 longe
1655 1597 1696 1640 a
1740 1577 1978 1643 finibus
2023 1575 2269 1644 Atticae’
2305 1580 2388 1644 ad
2434 1580 2622 1645 Euri-

327 1706 484 1768 pum
552 1682 870 1767 Apollinis
940 1684 1255 1767 templum
1328 1693 1394 1749 et
1461 1685 1792 1768 oppidum.
1883 1685 2217 1771 Templum
2266 1687 2502 1753 Strabo
2561 1696 2625 1753 et

324 1792 689 1857 Pausanias
736 1813 857 1856 sua
902 1813 1161 1874 quoque
1209 1800 1403 1857 aetate
1450 1795 1715 1857 stetisse
1763 1794 2133 1884 ostendunt.
2217 1795 2534 1877 (1864.)¹)

499 1899 654 1983 Cap.
710 1905 802 1978 14,
852 1905 920 1963 6:
970 1901 1366 1966 Miserant
1413 1900 1822 1983 pleraeque
1871 1904 2287 1973 civitates.
2340 1904 2502 1969 alia
2547 1905 2624 1968 in

321 2009 682 2092 speciem
727 2010 1275 2090 praeferentes
1315 2008 1483 2089 (cod.
1520 2008 2087 2091 praeferentis),
2124 2012 2459 2094 legatos.
2530 2012 2625 2076 Et

315 2116 636 2198 legatio
685 2100 1176 2181 Rhodiorum
1224 2123 1403 2181 erat
1450 2117 1926 2201 ac-Satyrus
1967 2121 2370 2203 princeps,
2418 2118 2624 2183 haud

325 2224 646 2294 dubius,
697 2225 891 2306 quin
925 2224 1329 2290 Eumenes
1378 2227 1793 2289 civit-atem
1841 2248 2160 2310 quoque
2195 2248 2410 2291 suam
2448 2226 2625 2292 Per-

323 2334 445 2397 sei
491 2331 979 2397 criminibus
1024 2325 1451 2398 iunxi'sset.
1543 2333 1752 2397 Prava
1798 2355 1940 2399 esse
1988 2336 2132 2400 illa:
2182 2336 2278 2399 Et
2322 2335 2624 2419 legatio

325 2438 826 2504 Rhodiorum
893 2449 1070 2505 erat
1130 2442 1299 2524 (quae
1360 2440 1729 2522 significare
1788 2441 2056 2507 debent:
2127 2444 2627 2510 Rhodiorum

330 2569 659 2630 quoque
727 2548 1041 2629 legatio
1110 2550 1446 2631 aderat),
1515 2551 1740 2633 plures
1795 2558 2168 2631 senserunt3
2237 2554 2302 2615 in
2348 2551 2487 2616 cod.
2538 2554 2628 2616 sic

325 2657 675 2722 scribitur:
723 2657 826 2721 Et
870 2657 1184 2740 legatio
1223 2659 1708 2724 Rhodiorum
1745 2666 1917 2724 erat
1951 2658 2097 2725 hac
2135 2660 2625 2726 falsaiturus

326 2753 731 2850 princeps.
827 2764 1260 2831 Scribendum
1326 2767 1611 2831 videtur:
1684 2766 1736 2830 E
1782 2767 2087 2850 legatis
2133 2768 2627 2833 Rhodiorum

327 2880 511 2937 erat
576 2873 1212 2940 Andranodorus
1283 2874 1965 2956 (Athanodorus‘?)
2033 2877 2416 2961 princeps
2486 2886 2630 2956 cet„

325 2982 454 3046 etsi
499 2982 803 3045 usitatius
864 2988 1005 3046 erat
1062 2983 1379 3047 futurum:
1452 2984 1932 3065 Legationis
1990 2984 2240 3049 Rhod.
2333 2984 2627 3066 (Utrum-

327 3112 454 3172 que
500 3110 734 3153 nomen
783 3090 848 3153 in
893 3090 1147 3154 Doricae
1195 3091 1417 3174 stirpis
1472 3090 1844 3155 hominibus
1894 3092 2244 3174 reperitur,
2289 3093 2628 3157 Andrano-

321 3198 475 3262 dori
523 3218 725 3280 supra
769 3197 935 3262 libro
984 3197 1195 3261 XXIV
1241 3201 1554 3282 saepius.)x
1620 3197 1746 3263 Sed
1792 3219 2046 3279 vereor,
2092 3221 2171 3265 ne
2219 3200 2402 3265 aliud
2446 3223 2623 3265 men-

333 3306 486 3370 dum
532 3306 768 3383 lateat3
818 3327 969 3369 nam
1015 3306 1248 3371 deinde
1294 3309 1359 3371 in
1408 3307 1633 3372 codice
1679 3308 2041 3381 scribiturt,
2078 3330 2303 3391 quem
2349 3307 2629 3373 Eume-

329 3436 474 3478 nes
546 3414 921 3478 civitatis
991 3436 1304 3499 quoque
1372 3438 1512 3481 sua
1577 3416 1859 3480 Persei
1905 3436 1957 3480 c.
2007 3417 2070 3493 i.,
2146 3418 2320 3501 quod
2380 3438 2460 3481 ne
2525 3415 2633 3480 hic

321 3522 598 3605 quidem
644 3521 953 3587 librarius
1000 3544 1079 3587 ex
1125 3525 1554 3589 civitatem
1603 3545 1818 3588 suam
1865 3523 2119 3589 videtur
2154 3524 2500 3591 effecturus
2532 3524 2631 3590 fu-

332 3632 483 3695 isse.
579 3630 957 3713 Suspicere,
1012 3653 1247 3697 nomen
1295 3632 1565 3716 aliquod
1613 3632 1926 3697 excidisse
1986 3633 2391 3713 (civitatis
2441 3655 2632 3717 quo-

335 3760 485 3821 que
535 3759 690 3803 suae
738 3739 1412 3820 insectationem3
1458 3761 1612 3804 nam
1661 3742 2007 3806 crimina
2052 3763 2131 3806 ex
2177 3764 2272 3821 ec,
2324 3742 2500 3826 quod
2538 3764 2635 3806 se·

337 3847 579 3928 quitur,
633 3847 1107 3912 criminibus
1153 3848 1364 3913 audiri
1411 3850 1668 3930 nequit3
1736 3856 2002 3932 poterat
2063 3850 2191 3915 dici
2260 3852 2636 3916 civitatis

338 3976 496 4019 suae
544 3956 895 4020 crimina
939 3956 1219 4022 Persei
1264 3955 1560 4037 iunx.);‚
1603 3957 1719 4021 sed
1763 3979 1870 4022 res
1916 3959 2165 4024 incerta
2210 3966 2324 4024 est.
2416 3958 2637 4022 Proxi-

333 4084 448 4127 ma
493 4063 758 4147 quidem
805 4061 865 4145 (ἓ
913 4063 997 4145 8),
1054 4086 1182 4129 11011
1243 4064 1513 4129 dubium
1581 4072 1712 4144 est,
1783 4067 1935 4147 quin
2003 4068 2230 4131 vitium
2298 4068 2636 4143 traxerint,

328 4192 484 4255 quae
533 4172 627 4235 sic
677 4171 1083 4237 scribuntur:
1155 4172 1377 4251 Quod
1437 4173 1537 4254 (ut
1594 4173 1863 4238 Rhodiae
1920 4174 2263 4256 legationis
2331 4176 2636 4258 princeps

389 4426 438 4492 ι)
478 4423 533 4495 [ᾖ
571 4429 604 4478 ’7
642 4427 912 4482 orationis
952 4428 1042 4480 lex
1079 4428 1337 4499 (propter
1374 4429 1478 4481 sin
1493 4430 1536 4494 t)
1568 4429 1736 4482 scribi
1765 4430 1919 4482 iubet
1954 4431 2196 4498 possit,
2232 4447 2347 4483 11011
2383 4435 2638 4499 posset.

492 4509 662 4580 1864]
2115 4585 2184 4640 40
