3230 5282
1515 596 1640 655 449

411 798 505 841 ex
551 778 846 860 vestigiis
891 783 1217 861 corruptae
1254 778 1621 858 vulgarium
1662 778 2006 861 scripturae
2043 785 2259 843 ortum
2294 779 2499 843 videri
2535 786 2737 862 queat

412 892 540 949 aut
589 906 738 949 cum
786 907 1007 949 eorum
1055 884 1204 948 labe
1241 884 1445 948 ullam
1484 884 1730 949 habeat
1766 886 2240 967 cognationem.
2310 887 2623 972 Apparet,
2670 888 2734 951 in

425 992 595 1057 libro
621 993 860 1073 XXXI,
892 992 1159 1072 XXXII,
1194 993 1409 1074 priore
1447 1000 1634 1075 parte
1661 990 1961 1070 XXXIII,
1995 992 2108 1056 ubi
2131 992 2519 1074 Moguntino
2553 1016 2734 1061 care-

425 1122 597 1181 muS,
665 1122 798 1165 non
842 1100 1041 1183 paulo
1089 1099 1411 1164 infirmius
1457 1098 1958 1164 fundamentum
2006 1121 2173 1178 esse,
2243 1122 2438 1183 quam
2483 1110 2733 1185 postea,

425 1214 491 1271 et
537 1208 732 1291 plura
781 1208 850 1270 in
894 1207 1149 1270 incerta
1195 1208 1563 1291 suspicione
1611 1207 2061 1291 relinquenda.
2154 1206 2366 1284 Quam
2412 1209 2663 1275 vitiosae
2699 1232 2734 1276 e

419 1315 752 1379 levissimo
799 1334 1017 1378 errore
1063 1315 1405 1397 scripturae
1452 1321 1515 1378 et
1563 1315 1628 1377 M
1667 1320 1733 1378 et
1766 1313 1819 1377 B
1855 1315 2200 1394 insideant,
2248 1317 2545 1400 exemplo
2592 1340 2733 1383 esse

424 1429 649 1506 potest
681 1423 747 1486 in
781 1421 958 1486 libro
972 1421 1298 1501 XXXVII,
1326 1425 1424 1501 51,
1451 1426 1487 1485 9
1514 1422 2356 1504 averterunt-fama(m)
2386 1422 2508 1505 [sic
2535 1426 2735 1490 etiam

422 1529 510 1607 M,
552 1528 916 1593 Carbachio
963 1527 1222 1611 silente]
1264 1550 1381 1611 pro
1423 1549 1464 1592 a
1501 1535 1774 1593 vetere
1823 1528 2030 1594 fama
2080 1537 2317 1595 ortum.
2388 1530 2633 1613 [Quum
2666 1534 2734 1598 in

412 1638 918 1719 comparatione
978 1643 1045 1702 et
1101 1637 1534 1700 aestimatione
1593 1636 1836 1701 codicis
1895 1636 2262 1719 Moguntini
2309 1645 2377 1702 et
2420 1639 2733 1705 Bamber·

425 1746 641 1827 gensis
688 1751 1188 1825 ceterorumque
1236 1744 1437 1807 etiam
1483 1750 1634 1825 post
1682 1764 1778 1819 ea,
1828 1760 1970 1825 quae
2020 1766 2219 1826 supra
2262 1747 2513 1830 scripta
2560 1753 2732 1828 sunt,

417 1851 723 1916 aberrari
793 1858 860 1916 et
914 1853 1170 1914 incerta
1225 1849 1707 1931 fluctuantique
1753 1852 2076 1914 sententia
2120 1852 2400 1916 iudicari
2444 1854 2731 1919 viderem

422 1959 508 2022 ad
575 1980 713 2023 rem
781 1958 1235 2041 explicandam
1293 1958 1768 2038 veritatemque
1828 1956 2290 2022 stabiliendam
2352 1960 2544 2042 plura
2601 1960 2732 2026 dis-

424 2068 650 2149 putavi
695 2067 762 2129 in
808 2065 1194 2148 praefatione
1238 2064 1404 2127 Livii
1450 2086 1489 2127 a
1534 2085 1637 2127 me
1686 2064 1846 2127 editi
1892 2064 2012 2127 vol.
2052 2066 2232 2130 tertii
2277 2066 2433 2130 fasc.
2472 2069 2731 2150 prioris,

422 2196 569 2255 quse
628 2175 754 2237 huc
812 2176 1071 2253 integra
1129 2171 1590 2236 transferenda
1649 2178 1827 2254 put0.
1874 2206 1958 2215 ——·
2010 2172 2238 2250 „Quod
2295 2176 2468 2239 enim
2526 2175 2733 2240 codex

418 2280 929 2363 Bambergensis
999 2288 1066 2344 et
1139 2286 1356 2344 exstat
1413 2284 1481 2343 et
1538 2270 1885 2360 diligenter
1941 2278 2220 2344 collatus
2277 2281 2516 2360 multa,
2586 2303 2732 2364 quae

426 2387 580 2451 olim
639 2388 841 2452 solius
887 2389 1256 2471 Moguntini
1302 2386 1430 2450 fide
1478 2386 1896 2464 nitebantur,
1968 2408 2089 2451 sua
2133 2390 2533 2453 auctoritate
2580 2410 2732 2453 con-

424 2495 707 2560 firmavit
783 2503 850 2560 et
915 2517 1086 2560 nova
1152 2495 1461 2576 bonaque
1530 2515 1660 2558 non
1728 2514 1945 2576 pauca
2013 2494 2282 2574 obtulit,
2361 2496 2731 2580 Moguntini

423 2609 686 2684 contra,
755 2605 867 2688 qui
912 2624 1043 2668 non
1090 2607 1459 2686 comparet,
1529 2607 1785 2665 tantum
1832 2602 2194 2686 scripturas
2240 2609 2393 2668 ante
2440 2605 2571 2669 tria
2615 2624 2732 2670 sae-

426 2710 573 2774 cula
652 2712 916 2775 minime
984 2711 1174 2793 plene
1243 2715 1592 2792 excerptas
1661 2716 1960 2774 tenemus
2027 2709 2627 2794 Bambergensique
2665 2729 2736 2776 'a

415 2817 803 2900 Moguntino
852 2817 1254 2900 discrepanti
1300 2815 1594 2880 adhaeret
1628 2815 1764 2881 fere
1801 2818 2102 2881 codicum
2136 2806 2503 2900 vulgarium
2539 2818 2737 2883 turba

417 2944 569 2987 cum
626 2946 701 2989 eo
748 2926 1017 3007 originis
1065 2924 1524 2988 communione
1571 2924 1911 3006 copulata,
1971 2925 2265 2989 homines
2312 2931 2534 2989 autem
2579 2945 2733 2990 raro

418 3039 951 3112 argumentorum
988 3032 1051 3095 vi
1086 3031 1238 3094 freti
1272 3030 1464 3108 bone,
1513 3030 1628 3094 sed
1662 3031 2020 3114 longinquo
2056 3033 2211 3096 testi
2247 3038 2315 3095 et
2350 3033 2464 3095 uni
2502 3038 2733 3097 contra

421 3145 840 3219 praesentem,
898 3139 1173 3202 aliorum
1225 3139 1511 3220 speciem
1559 3159 1777 3201 secum
1826 3139 2216 3217 trahentem,
2273 3138 2547 3203 firmiter
2592 3159 2731 3204 cre-

420 3244 576 3309 dere
642 3245 918 3322 audent,
1000 3245 1249 3309 factum
1316 3252 1444 3323 est,
1528 3252 1603 3309 ut
1676 3245 2247 3310 Weissenbornius
2322 3247 2389 3310 in
2456 3246 2624 3309 Livii
2690 3268 2732 3311 a

415 3373 492 3417 se
550 3352 712 3417 editi
769 3360 835 3416 et
881 3355 1169 3417 enar-rati
1216 3353 1541 3417 volumine
1587 3352 1708 3415 VII
1756 3361 1822 3417 et
1865 3352 2018 3416 VIII
2067 3353 2262 3433 (1860
2309 3360 2376 3417 et
2426 3353 2616 3434 1862)
2664 3361 2732 3420 et

415 3459 694 3525 subinde
754 3459 1046 3524 codicem
1101 3458 1686 3543 Bambergensem,
1756 3481 1947 3542 quem
2007 3461 2214 3543 primo
2271 3462 2445 3525 inter
2504 3482 2727 3527 omnes

411 3566 559 3632 loco
640 3568 825 3649 ponit
904 3566 1081 3648 („die
1159 3568 1344 3632 beste
1415 3568 1951 3650 Handschrift“),
2037 3568 2419 3649 Moguntino
2489 3571 2728 3635 iniuria

410 3681 645 3758 aperte
702 3673 1043 3759 praeferret
1101 3681 1168 3739 et
1223 3676 1291 3738 in
1351 3674 1500 3739 aliis
1556 3675 1720 3739 locis
1777 3696 1907 3739 non
1962 3678 2219 3758 paucis,
2288 3678 2398 3741 ubi
2458 3678 2526 3741 in
2582 3680 2726 3761 ipsa

417 3783 747 3860 oratione,
808 3783 1002 3864 quasi
1048 3784 1337 3846 convicio
1386 3784 1686 3847 veritatis
1735 3785 1980 3863 victuS,
2040 3785 2407 3866 scripturas
2451 3784 2725 3869 Mogun-

414 3889 537 3952 tini
581 3894 870 3969 teneret,
939 3896 1159 3953 tamen
1208 3890 1273 3952 in
1320 3889 1748 3955 adnotatione
1796 3899 1862 3955 et
1906 3892 2132 3954 inanes
2180 3893 2596 3957 coniecturas
2644 3915 2724 3958 ex

414 3977 648 4084 ceteris
709 3996 975 4061 duceret
1034 4003 1102 4061 et
1161 4017 1400 4079 pravas
1457 3997 1985 4080 interpolationis
2046 3999 2455 4081 suspiciones
2502 4002 2569 4064 in
2618 4021 2722 4066 co-

406 4100 624 4167 dicem
667 4103 1124 4186 Moguntinum
1172 4103 1524 4168 coniiceret
1571 4103 2146 4187 dubitationesque
2194 4112 2503 4186 moveret,
2554 4128 2720 4188 quas

412 4231 589 4293 saepe
657 4210 758 4275 vel
825 4212 969 4294 ipsa
1036 4209 1300 4274 illorum
1368 4208 1663 4273 locorum
1731 4210 1942 4275 forma
2009 4218 2075 4275 et
2144 4213 2441 4278 codicum
2509 4216 2575 4278 in
2637 4214 2757 4279 iis·

407 4318 823 4402 comparatio
869 4318 1228 4401 reprimere
1276 4315 1628 4395 debuerat,
1697 4318 1904 4383 multo
1966 4325 2189 4383 autem
2246 4321 2454 4404 magis
2514 4321 2718 4385 totius

413 4425 509 4490 rei
556 4425 1015 4491 consideratio.
1120 4422 1291 4501 Quid
1350 4429 1452 4487 est
1508 4424 1712 4504 enim,
1782 4426 1837 4488 si
1895 4425 2184 4508 singulos
2229 4433 2488 4492 tantum
2533 4427 2717 4492 locos

2192 4545 2259 4596 29
