3230 5282
507 636 633 691 Lib.
671 634 836 690 XLV.
1624 622 1744 683 '742

503 809 765 887 ficetur,
813 809 994 872 cuius
1039 807 1134 871 rei
1180 807 1556 871 tirocinium
1600 806 2037 890 intellegatur,
2088 805 2508 872 scribendum
2555 811 2654 871 est
2709 802 2817 888 [ut

507 917 865 1000 Rupertius
913 916 1114 980 etiam
1160 912 1383 997 vidit]:
1442 917 1512 980 si
1557 916 1634 978 in
1680 915 1749 978 L.
1798 913 2054 979 Paulo
2101 914 2557 979 accusandi
2601 915 2817 979 tiro-

512 1025 809 1089 cinium
874 1043 1197 1106 ponere.
1287 1023 1536 1087 Deinde
1594 1024 1662 1088 in
1710 1023 2055 1106 proximiS,
2117 1043 2319 1107 quum
2367 1021 2677 1087 Servilius
2735 1020 2817 1087 de

507 1130 839 1215 triumpho
907 1130 1098 1195 Pauli
1164 1137 1501 1212 tamquam
1570 1137 1720 1196 acto
1789 1131 2007 1196 dicere
2074 1151 2206 1195 non
2272 1131 2490 1214 possit
2546 1136 2816 1212 totaque

511 1241 841 1307 sententia
887 1239 966 1304 de
1012 1259 1085 1303 re
1131 1237 1287 1303 ficta
1333 1239 1447 1318 sit,
1506 1239 1877 1303 necessario
1924 1238 2340 1304 scribendum
2387 1244 2506 1318 est,
2554 1236 2816 1302 sublato

508 1369 726 1413 errore
769 1345 1099 1430 frequenti
1146 1346 1287 1426 (cfr.
1338 1346 1424 1411 ad
1469 1345 1670 1424 XLII,
1720 1351 1773 1425 5,
1825 1349 1863 1409 8
1908 1369 1970 1430 p.
2024 1346 2205 1429 5ll):
2253 1368 2479 1431 quam
2524 1346 2817 1411 trium-

510 1456 841 1540 phatum
886 1463 1125 1534 esset,
1173 1475 1293 1519 nec
1329 1452 1689 1538 quidquam
1725 1460 2047 1538 praeterea
2082 1454 2493 1519 movendum.
2561 1454 2638 1519 In
2683 1454 2815 1518 illis

507 1573 759 1630 autem:
807 1565 1210 1647 privatum
1256 1584 1430 1628 eum
1473 1564 1809 1628 visurus
1858 1569 2083 1628 esset
2127 1583 2326 1646 quum
2364 1562 2627 1627 deesset
2664 1583 2815 1628 con-

504 1674 784 1752 iunctio.
833 1671 1203 1737 Gronovius
1251 1671 1448 1736 scribi
1495 1671 1734 1736 voluit:
1804 1691 2036 1753 quam
2080 1669 2682 1754 triumphatum
2741 1676 2817 1734 et

510 1802 743 1864 quum
808 1780 1222 1870 privatum
1290 1800 1463 1844 eum
1541 1780 1866 1844 visurus
1935 1787 2182 1858 esset,
2250 1778 2817 1844 Weissenbornius

507 1889 803 1971 scripsit:
860 1889 1270 1972 privatum
1316 1909 1550 1970 quum
1594 1887 1922 1951 visurus
1972 1894 2219 1967 esset3
2266 1886 2381 1952 sed
2426 1886 2820 1969 relinquitur

505 2017 701 2079 grave
746 1997 973 2061 vitium
1007 1997 1355 2075 orationis;
1404 2016 1552 2060 nam
1600 1996 1681 2059 de
1727 2001 1992 2080 postero
2042 1995 2167 2075 die,
2215 2015 2411 2077 quam
2455 1994 2819 2078 triumpha-

506 2111 646 2170 tum
693 2111 898 2184 esset,
946 2102 1291 2169 dicendum
1338 2110 1510 2192 erat:
1569 2125 1800 2187 quum
1843 2103 2162 2168 videret
2209 2104 2369 2183 (iam
2413 2104 2605 2184 tum),
2649 2123 2818 2168 non:

443 2285 448 2292 A
507 2233 739 2295 quum
784 2213 1108 2278 visurus
1155 2219 1385 2276 esset.
1462 2212 1696 2295 Itaque
1743 2212 1798 2277 si
1844 2218 2061 2276 cetera
2103 2218 2285 2276 recta
2331 2219 2502 2289 sunt,
2550 2218 2822 2294 propter

508 2321 839 2404 participii
883 2326 1143 2403 tempus
1190 2320 1552 2403 requiritur
1613 2319 1931 2385 eiusmodi
1976 2319 2283 2399 verbum,
2344 2320 2520 2401 quod
2566 2321 2694 2385 vim
2752 2328 2821 2385 et

508 2426 810 2493 effectum
833 2429 1277 2492 accusationis
1313 2435 1453 2492 tum
1489 2429 1810 2494 institutae
1835 2428 2158 2512 significet
2195 2428 2277 2510 (v,
2317 2448 2371 2492 c.
2408 2430 2821 2512 privatum

506 2558 740 2619 quum
787 2535 1134 2600 laesurus
1184 2535 1464 2616 esset);
1517 2536 1634 2601 sed
1681 2536 1841 2601 nihil
1881 2536 2142 2602 definio.
2211 2537 2557 2601 Postremo
2593 2538 2661 2601 in
2708 2557 2818 2602 co-

508 2645 649 2724 dice
695 2644 1035 2709 scribitur:
1086 2644 1291 2710 diem
1339 2644 1622 2710 dicere
1670 2646 1999 2711 inimico
2049 2666 2217 2710 cum
2263 2645 2363 2710 ad
2410 2645 2816 2729 populum,

507 2774 586 2818 ex
632 2774 759 2836 quo
807 2752 912 2818 fit:
983 2753 1190 2818 diem
1248 2754 1563 2819 diceret
1632 2754 2004 2833 inimico,
2061 2775 2228 2819 eum
2286 2752 2387 2818 ad
2433 2753 2819 2838 populum

508 2861 1042 2944 accusaret.¹)
1109 2861 1531 2928 Manifestum
1577 2861 1885 2927 mendum
1929 2864 2138 2927 teneri
2183 2867 2349 2946 puto
2397 2862 2430 2945 ἓ
2479 2868 2550 2928 8:
2598 2862 2816 2928 Duas

504 2970 696 3034 mihi
744 2962 1054 3053 aliquis
1102 2971 1536 3035 contiones
1582 2991 2021 3054 parumper
2066 2971 2357 3049 faciat,
2404 2991 2635 3035 unam
2680 2971 2818 3033 mi·-

504 3079 739 3143 litum
785 3077 1522 3157 Macedonicorum,
1570 3099 1837 3162 puram
1883 3078 2259 3158 alteram,
2329 3079 2818 3161 integrioris

502 3186 801 3250 iudicii
868 3193 945 3251 et
1024 3206 1064 3250 a
1141 3185 1421 3253 favore
1491 3194 1567 3251 et
1635 3187 1858 3265 odio,
1938 3189 2320 3253 universo
2397 3187 2817 3252 iudicante

502 3293 802 3377 populo
862 3293 1232 3359 Romano,
1334 3294 1620 3359 Ablativi
1675 3295 1743 3359 hi
1813 3296 2194 3361 universo
2253 3296 2686 3361 iudicante
2750 3318 2813 3379 p.

500 3400 576 3465 R.
625 3422 833 3483 neque
898 3400 1064 3466 bene
1130 3422 1276 3466 cum
1341 3401 1687 3468 alteram
1746 3402 2260 3485 (contionem)
2329 3405 2817 3484 coniunguntur

499 3529 710 3590 neque
779 3509 1117 3575 commode
1184 3512 1584 3594 respondent
1641 3513 1960 3595 superiori
2016 3512 2113 3576 illi
2181 3513 2531 3577 militum
2597 3510 2813 3587 Mac..

502 3636 866 3700 parumque
957 3624 1108 3701 apte
1194 3617 1333 3683 haec
1423 3626 1847 3685 concurrunt:
1947 3620 2437 3704 integrioris
2527 3619 2816 3684 iudicii

499 3759 586 3769 —
659 3724 1089 3791 iudicante
1178 3749 1240 3810 p.
1331 3727 1404 3791 R.
1496 3728 1574 3792 In
1654 3728 1879 3794 codice
1957 3735 2087 3792 est:
2173 3729 2588 3793 universis
2655 3726 2810 3792 iiid.

503 3852 557 3897 c.
625 3854 736 3917 pr.
807 3831 977 3915 (sic).
1077 3834 1407 3917 Apparet,
1477 3837 1743 3919 opinor,
1817 3836 2115 3901 subesse:
2181 3837 2545 3901 universi
2605 3857 2666 3919 p.
2737 3835 2814 3900 R.

500 3938 748 4007 Ceterae
792 3940 920 4006 illae
965 3940 1200 4007 litterae
1249 3950 1470 4008 utrum
1517 3966 1744 4010 errore
1784 3965 1863 4008 ex
1901 3946 2236 4029 superiore
2280 3943 2576 4010 iudicii
2620 3965 2813 4027 repe-

551 4237 596 4305 ¹)
637 4237 797 4306 Quod
833 4242 1079 4309 sequitur
1115 4239 1146 4311 ξ
1183 4243 1216 4294 6
1254 4242 1402 4296 eius
1441 4242 1861 4298 obtrectare
1914 4243 2154 4299 laudes
2191 4243 2452 4310 voluit,
2503 4240 2815 4296 notandum

633 4329 748 4390 est3
806 4325 938 4379 alibi
985 4328 1133 4382 enim
1184 4326 1375 4381 Livius
1432 4328 1687 4382 dativum
1731 4327 1862 4383 huic
1923 4331 2094 4385 verbo
2161 4329 2445 4397 adiungit,
2502 4333 2565 4382 ut
2618 4326 2814 4383 Cicero

633 4427 883 4480 semper3
920 4429 1052 4467 nam
1087 4414 1147 4467 in
1183 4413 1428 4484 Philipp.
1451 4412 1518 4480 X,
1562 4415 1611 4481 3,
1649 4416 1682 4467 6
1720 4415 1842 4468 cod.
1865 4413 2169 4470 Vaticanus
2208 4414 2293 4481 (et
2326 4414 2522 4481 Bern.)
2559 4413 2813 4468 dativum

628 4500 841 4563 tuetur3
860 4499 1241 4553 accusativum
1253 4498 1509 4554 Valerius
1521 4499 1687 4567 Max„
1711 4506 1830 4555 tum
1849 4499 2077 4555 Tacitus
2098 4500 2292 4554 eteius
2313 4499 2561 4568 aequales
2579 4499 2808 4554 habent.
