3230 5282
1467 580 1581 643 111
2424 592 2550 650 Lib.
2583 594 2680 649 IV.

365 764 603 844 quasi
644 764 798 828 11101
839 763 1157 846 negotii
1202 783 1454 831 causa
1493 764 1789 831 missus
1835 766 2075 844 esses,
2137 763 2266 831 Cic.
2315 766 2402 832 ad
2444 767 2581 832 Att.
2627 768 2678 847 Ι,

371 874 455 936 10
534 877 698 936 extr.
768 877 916 937 aut:
1005 870 1086 936 id
1151 891 1371 954 aeque
1434 872 1711 937 valere
1781 871 2054 953 debet,
2136 894 2225 939 ac
2303 876 2371 940 si
2447 881 2685 959 pater

361 977 813 1059 indicaret,
868 978 958 1045 id.
1015 1000 1137 1063 pro
1186 976 1349 1045 Suu,
1401 983 1499 1059 18,
1560 978 1703 1061 51);
1760 980 1985 1066 itaque
2039 981 2257 1048 locum
2310 1002 2430 1066 pro
2477 982 2680 1048 dubio

360 1084 760 1169 relinquo.¹)

540 1191 697 1278 Cap.
748 1199 788 1260 '7
834 1202 1000 1261 extr.
1049 1193 1112 1284 (ξ
1164 1194 1269 1277 11)
1318 1196 1749 1280 aperiendum
1807 1203 1875 1262 et
1932 1196 2297 1263 tollendum
2355 1204 2458 1263 est
2498 1220 2677 1264 men-

362 1301 525 1369 dum
581 1304 677 1369 ita
734 1304 1081 1389 antiquum
1138 1303 1366 1386 itaque
1426 1304 1828 1370 occultatum
1883 1306 2013 1370 iam
2069 1306 2136 1368 in
2184 1304 2410 1371 codice
2454 1306 2679 1370 arche-

362 1419 546 1495 typo,
591 1416 667 1476 ut
710 1408 977 1477 difficile
1023 1412 1112 1477 sit
1155 1431 1501 1478 assensum
1546 1418 1969 1494 extorquere3
2014 1413 2129 1477 sed
2174 1412 2536 1497 parendum
2582 1421 2686 1479 est

361 1519 650 1584 veritati.
749 1518 921 1586 Nam
965 1524 1322 1604 postquam
1365 1518 1591 1584 Livius
1640 1520 1826 1600 dixit,
1879 1520 1949 1584 L.
1997 1519 2334 1604 Papirium
2379 1520 2680 1603 Mugilla-

361 1647 520 1692 num
577 1632 647 1691 et
688 1626 760 1691 L.
811 1625 1269 1712 Sempronium
1311 1627 1689 1692 Atratinum
1747 1628 2048 1694 consules
2102 1648 2315 1709 neque
2362 1628 2429 1692 in
2478 1648 2681 1693 anna-

361 1734 542 1799 libus
601 1735 836 1818 priscis
891 1756 1103 1820 neque
1149 1735 1218 1800 in
1260 1734 1450 1800 libris
1495 1736 2001 1819 magistratuum
2045 1735 2339 1815 inveniri,
2409 1732 2681 1816 Credo,

361 1843 617 1926 inquit,
685 1841 894 1925 quod
958 1843 1276 1909 tribuni
1340 1843 1692 1909 militum
1760 1843 2004 1908 initio
2075 1844 2265 1908 anni
2319 1840 2680 1924 fuerunt,

361 1972 495 2027 00,
551 1949 896 2034 perinde
954 1972 1042 2017 ac
1089 1951 1158 2017 si
1201 1957 1463 2017 totum
1509 1971 1796 2016 annum
1842 1951 1920 2014 in
1965 1950 2307 2035 imperio
2353 1950 2680 2031 fuerint,

361 2055 765 2124 suffectis
822 2059 928 2124 iis
986 2058 1461 2125 consulibus
1518 2059 2074 2143 praetermissa
2129 2060 2454 2125 nomina
2510 2081 2679 2125 con-

361 2165 630 2232 sulum
706 2165 1004 2232 horum.
1126 2166 1493 2232 Licinius
1560 2165 1830 2232 Macer
1906 2171 2194 2232 auctor
2262 2173 2388 2231 est
2454 2173 2532 2232 et
2596 2169 2672 2231 in
2712 2182 2821 2251 (92)

357 2273 703 2340 foedere
747 2273 1197 2340 Ardeatino
1267 2280 1348 2338 et
1401 2275 1479 2338 in
1536 2273 1829 2340 linteis
1887 2274 2133 2339 libris
2191 2275 2287 2339 ad
2340 2275 2681 2341 ,Monetae

361 2384 722 2447 inventa.
812 2382 1175 2448 Enarrant:
1225 2402 1627 2466 quamquam
1674 2381 2055 2448 consulibus
2103 2380 2415 2464 suffectiS‚
2461 2390 2683 2449 tamen

359 2489 638 2556 nomina
692 2491 956 2556 omissa.
1065 2489 1231 2555 Eam
1289 2509 1409 2572 ego
1435 2549 1439 2553 .
1463 2472 1865 2555 'sententiam
1909 2489 2165 2554 Livium
2223 2492 2290 2554 in
2344 2491 2472 2557 hoc
2529 2514 2682 2559 con-

362 2604 560 2664 textu
631 2597 878 2664 additis
946 2596 1292 2683 particulis
1353 2596 1874 2682 significaturum
1929 2596 2135 2664 fuisse
2194 2598 2549 2682 contendo;
2617 2601 2685 2665 in

363 2708 520 2791 ipsa
576 2707 752 2771 enim
807 2707 932 2771 hac
989 2706 1475 2772 contrariorum
1530 2707 1874 2772 notatione
1932 2712 2132 2790 caput
2176 2708 2516 2773 sententiae
2562 2715 2683 2773 est.

364 2813 503 2880 Sed
560 2820 637 2879 ut
691 2813 761 2879 id
820 2814 1044 2879 Livius
1099 2814 1492 2897 neglexerit,
1562 2815 1713 2898 quis
1772 2813 1999 2878 credat
2053 2835 2232 2892 011111,
2302 2836 2502 2897 quum
2558 2815 2686 2882 hoc

365 2922 594 2987 dicere
638 2921 864 2987 vellet:
933 2919 1470 2987 suffectorum
1528 2921 1949 2987 consulum
1992 2923 2316 2988 nomina
2358 2929 2685 3006 praeter-

363 3031 661 3109 missa,
764 3036 880 3094 aut
955 3029 1168 3095 minus
1246 3029 1612 3112 eleganter:
1704 3026 2089 3094 suffectis
2183 3030 2685 3112 consulibua,

365 3138 696 3203 nomina
762 3156 1033 3202 eorum
1099 3137 1693 3221 praetermissa,
1773 3142 1909 3201 tam
1976 3135 2214 3220 puerili
2284 3159 2473 3202 usum
2543 3160 2688 3204 0880

369 3245 778 3329 repetitione
822 3243 1174 3310 verborum
1219 3251 1286 3310 et
1330 3250 1470 3309 tam
1513 3243 1717 3309 balba
1752 3245 2083 3310 oratione:
2132 3242 2517 3310 suffectis
2562 3245 2687 3309 his

365 3351 894 3432 consulibua,
949 3353 1508 3436 praetermissa
1563 3352 1884 3417 nomina
1930 3352 2346 3417 consulum
2388 3352 2686 3433 horum,

368 3459 700 3542 singulari
756 3459 958 3524 etiam
1002 3461 1438 3543 perversitate
1483 3462 1872 3544 pronomine
1919 3460 2439 3527 demonstrativo
2486 3463 2687 3544 gemi-

363 3573 537 3634 nato
597 3566 708 3648 (—
765 3588 918 3632 nam
974 3566 1156 3652 quod
1212 3569 1436 3651 priore
1494 3567 1643 3633 loco
1691 3566 2138 3637 Alschefskius
2198 3566 2485 3633 dativum
2543 3591 2690 3635 esse

361 3675 548 3754 vult,
602 3682 678 3741 ut
721 3695 895 3740 nunc
941 3681 1072 3754 est,
1131 3674 1530 3758 ambiguitas
1579 3695 1835 3740 summa
1880 3673 2164 3740 efficitur
2204 3676 2317 3757 —)
2366 3683 2431 3741 et
2474 3677 2688 3744 altero

363 3786 441 3849 in
498 3781 701 3848 finem
751 3783 1095 3848 sententiae
1138 3782 1432 3849 reiecto?
1500 3783 1744 3848 Verum
1803 3803 1884 3847 ex
1938 3783 2065 3848 hoc
2120 3784 2266 3866 ipso
2324 3786 2461 3849 veri
2518 3786 2688 3850 indi-

362 3893 550 3958 cium
616 3891 925 3975 emergit;
1003 3896 1284 3974 apparet
1361 3890 1562 3970 enim,
1644 3891 1738 3955 sic
1803 3890 1945 3955 haec
2011 3883 2447 3973 dispescenda
2513 3913 2689 3959 esse:

427 4101 476 4166 ¹)
517 4098 579 4154 C.
616 4101 667 4168 6,
711 4101 747 4153 2
782 4098 949 4168 attigi
993 4098 1246 4154 breviter
1288 4099 1348 4153 in
1393 4115 1644 4169 prooem.
1682 4116 1735 4168 p.
1773 4099 1808 4151 6
1845 4104 1903 4154 et
1938 4101 2020 4153 34.
2102 4098 2337 4153 Frustra
2380 4099 2690 4155 advocatur

512 4201 650 4239 usus
695 4184 868 4254 longe
915 4184 1165 4239 diversus
1203 4190 1260 4238 et
1292 4184 1556 4254 proprius
1593 4183 1751 4238 verbi
1787 4183 2026 4252 inquit.
2115 4182 2330 4238 Eodem
2367 4186 2553 4255 capite
2588 4184 2619 4255 ξ
2655 4186 2691 4236 9

512 4287 687 4339 quam
730 4287 914 4324 meam
962 4274 1226 4340 putaram
1272 4269 1722 4324 emendationem
1760 4267 2047 4336 (fecerat
2082 4269 2420 4338 unquam),
2468 4271 2540 4325 ad
2577 4270 2687 4324 Cic.

509 4354 643 4409 Fin.
680 4373 735 4425 p.
772 4356 876 4409 835
911 4353 996 4409 ed.
1033 4353 1090 4407 Π
1124 4355 1506 4424 propositam,
1562 4353 1885 4408 Creverium
1933 4370 2238 4423 occupasse
2272 4355 2469 4424 videO,
2524 4373 2689 4424 quem

508 4439 1009 4496 Weissenbornius
1046 4445 1104 4495 et
1137 4438 1399 4495 Hertzius
1437 4440 1614 4494 secuti
1653 4444 1796 4494 sunt.
