3230 5282
601 600 726 656 Lib.
762 600 861 656 IX.
1287 606 1292 617 ⁴
1703 589 1826 651 216

776 771 933 856 Cap.
984 777 1083 854 31,
1144 778 1182 837 2
1228 782 1295 839 et
1343 778 1409 838 3:
1479 774 1568 837 In
1617 772 1945 837 Samnio
1991 772 2132 838 Clu
2154 776 2391 854 viam,
2448 774 2916 858 praesidium

604 880 1060 960 Romanum,
1106 883 1296 964 quia
1339 903 1431 947 ne
1451 882 1828 965 quiverat
1871 881 1950 945 vi
1997 882 2197 965 capi,
2244 882 2670 947 obsessum
2711 881 2918 971 fame

603 987 681 1050 in
741 987 1249 1055 deditionem
1308 996 1810 1073 acceperant
1867 987 2293 1069 Samnites,
2349 1025 2455 1055 —.
2533 989 2740 1055 Huic
2796 991 2919 1055 in-

600 1094 887 1161 fensus
946 1097 1433 1163 crudelitati
1477 1096 1786 1175 IuniuS,
1844 1095 2057 1160 nihil
2115 1097 2548 1180 antiquius
2609 1118 2919 1181 oppug-

601 1204 883 1268 nation
903 1223 937 1268 e
1018 1203 1409 1271 Cluviana
1484 1209 1752 1282 ratuS‚
1836 1224 1988 1285 quo
2067 1203 2194 1268 die
2274 1225 2716 1287 aggressus
2794 1212 2922 1270 est

601 1312 937 1391 moenia,
1004 1311 1079 1377 vi
1125 1313 1367 1395 cepit,
1425 1316 1673 1394 atque
1730 1331 1996 1376 omnes
2053 1311 2407 1394 puberes
2463 1310 2916 1397 interfecit.

600 1417 935 1503 Oppidum
980 1420 1373 1485 Samnitium
1428 1418 1812 1502 significari,
1874 1419 1978 1483 cui
2026 1419 2303 1483 Romani
2362 1418 2740 1502 praesidium
2797 1420 2917 1483 im-

599 1528 996 1610 posuissent,
1034 1534 1353 1612 apparet;
1388 1527 1458 1592 id
1497 1526 1785 1591 editores
1824 1526 2001 1591 idem
2039 1546 2181 1591 esse
2219 1534 2479 1610 putant,
2516 1526 2694 1609 quod
2734 1527 2917 1610 apud

597 1634 899 1701 Tacitum
945 1636 1116 1702 Hist.
1159 1635 1264 1715 IV,
1329 1640 1364 1700 5
1414 1633 1568 1716 (etsi
1613 1633 1707 1699 ibi
1758 1633 1963 1699 codex
2009 1633 2246 1699 Medic.
2286 1633 2432 1698 Clu
2447 1656 2483 1697 v
2501 1635 2574 1699 io
2594 1656 2623 1699 s
2685 1634 2918 1716 habet)

598 1747 665 1807 et
702 1744 771 1807 in
809 1745 1235 1827 inscriptione
1281 1742 1510 1826 aliqua
1544 1742 1955 1823 (Mommsen.
1989 1741 2324 1825 Inscriptt.
2364 1742 2439 1806 R.
2478 1742 2683 1825 Neap.
2714 1746 2916 1806 5293:

595 1850 911 1915 Anxani
963 1857 1039 1917 et
1077 1849 1384 1933 Cluvis)
1421 1848 1725 1915 Cluviae
1777 1848 2095 1932 appellari
2131 1848 2408 1914 videtur.
2490 1848 2695 1929 (Clib
2715 1870 2798 1914 es
2847 1851 2916 1914 in

594 1956 767 2023 libro
828 1960 1236 2024 coloniarum
1291 1960 1485 2023 nimis
1530 1959 1855 2022 incertum
1902 1955 2053 2038 est.)
2166 1957 2387 2021 Habet
2432 1957 2915 2023 dubitationem

596 2064 775 2148 apud
823 2066 1077 2132 Livium
1144 2066 1360 2132 forma
1427 2066 1778 2149 singularis
1847 2065 2119 2129 numeri.
2231 2064 2509 2130 Accedit
2526 2116 2539 2142 ,
2610 2066 2790 2149 quod
2847 2066 2915 2129 in

595 2172 936 2238 codicibus
982 2173 1365 2240 melioribus
1400 2171 1656 2254 (MPH2
1693 2171 1951 2251 Klock.)
1991 2169 2134 2236 Clu
2150 2173 2367 2237 viani
2412 2173 2724 2237 scribitur
2758 2172 2916 2252 (Ge-

594 2279 807 2345 lenius
843 2281 1137 2346 codicem
1171 2302 1304 2346 non
1338 2279 1685 2364 appellat),
1734 2300 1864 2344 non
1902 2277 2260 2344 Cluviam
2287 2279 2492 2363 (quod
2526 2281 2593 2344 in
2630 2280 2716 2343 Ll
2759 2281 2914 2362 est),

593 2388 832 2469 exigua
878 2409 1034 2453 sane
1080 2409 1199 2472 per
1244 2409 1313 2453 se
1361 2387 1829 2470 discrepantia.
1932 2385 2061 2452 Sed
2105 2386 2270 2452 illud
2316 2386 2677 2465 molestius,
2736 2389 2915 2471 quod

595 2515 632 2559 o
647 2517 690 2577 p
705 2517 748 2577 p
768 2517 811 2559 u
826 2516 867 2577 g
882 2518 925 2560 n
939 2496 1105 2561 atio
1167 2493 1216 2559 C
1229 2495 1254 2558 l
1269 2517 1314 2559 u
1330 2494 1404 2559 vi
1420 2516 1460 2559 a
1473 2517 1516 2559 n
1534 2516 1574 2559 a
1631 2494 1827 2577 plane
1885 2494 2247 2559 insolenter
2292 2494 2668 2578 appellatur
2686 2520 2700 2573 3
2757 2517 2911 2559 nam

591 2608 666 2667 ut
722 2603 941 2686 possit
1002 2602 1263 2670 obsidio
1309 2601 1577 2686 longius
1624 2608 1843 2668 tracta
1889 2607 1957 2668 et
2003 2603 2245 2686 saepius
2292 2608 2800 2668 commemorata
2844 2604 2912 2668 in

591 2711 925 2776 narranda
958 2711 1182 2794 aliqua
1214 2731 1304 2790 re,
1355 2731 1500 2792 quae
1537 2710 1624 2775 ad
1662 2731 1810 2775 eam
1847 2711 2158 2794 pertinet,
2211 2711 2534 2777 adiectivo
2571 2711 2913 2795 appellari,

590 2822 665 2882 ut
710 2819 963 2902 aliquid
1006 2819 1191 2884 verbi
1237 2839 1440 2883 causa
1484 2818 1551 2886 in
1598 2818 1942 2883 obsidione
1978 2818 2237 2883 Veienti
2282 2820 2602 2884 accidisse
2650 2819 2913 2884 dicatur

593 2924 750 3005 (etsi
826 2948 957 2991 non
1025 2926 1268 2991 dicitur
1335 2926 1515 3010 apud
1581 2926 1901 3005 Livium),
1968 2947 2101 2991 non
2168 2926 2342 2991 idem
2410 2927 2757 2992 transferri
2823 2927 2907 2992 ad

590 3036 1151 3117 oppugnationem
1183 3038 1423 3117 potest,
1468 3034 1886 3116 minimeque,
1933 3055 2134 3117 quum
2170 3035 2316 3116 quis
2355 3034 2669 3117 oppidum
2706 3033 2908 3099 semel

589 3142 997 3207 nominatum
1062 3162 1443 3226 oppugnare
1510 3143 1778 3221 statuit,
1849 3141 1931 3206 de
1999 3142 2489 3224 oppugnatione
2546 3164 2602 3205 ν.
2651 3163 2705 3207 c.
2752 3141 2905 3206 Fre-

587 3248 849 3329 gellana
894 3250 1183 3333 cogitare
1232 3249 1360 3313 dici
1406 3255 1646 3332 potest.
1732 3248 1852 3314 Hae
1894 3248 2109 3314 turbae
2157 3256 2647 3331 componentur,
2696 3249 2752 3314 si
2799 3270 2905 3313 co-

589 3356 808 3421 dicum
865 3357 1086 3438 priore
1142 3357 1290 3421 loco
1349 3357 1749 3440 scripturam
1803 3361 2104 3422 tenentes
2164 3354 2334 3436 (Clu
2349 3357 2565 3421 viani
2620 3377 2663 3439 p
2680 3378 2713 3420 r
2733 3378 2788 3421 ae
2807 3379 2836 3421 s
2851 3358 2906 3421 i-

589 3461 807 3527 dium
851 3464 1291 3528 Romanum
1333 3498 1422 3508 —
1463 3464 1543 3526 in
1599 3462 1845 3529 dedit.
1894 3462 2425 3547 acceperant)
2484 3464 2696 3529 altero
2756 3463 2903 3530 loco

584 3589 716 3633 una
759 3570 987 3634 littera
1031 3575 1290 3635 mutata
1335 3571 1789 3654 scripserimus
1848 3573 2457 3656 oppugnatione
2504 3570 2900 3650 Cluviani,

585 3677 1049 3760 oppidumque,
1093 3682 1169 3741 ut
1201 3677 1519 3760 pleraque
1546 3676 1958 3759 Samnitium,
1994 3678 2257 3743 aliunde
2293 3680 2588 3762 ignotum
2624 3678 2902 3743 eandem

584 3784 870 3849 nominis
950 3784 1232 3850 formam
1314 3790 1516 3868 atque
1595 3785 1649 3849 B
1666 3807 1704 3850 o
1719 3786 1794 3851 vi
1811 3807 1964 3851 anu
1981 3808 2046 3850 m
2121 3785 2432 3852 habuisse
2509 3788 2899 3870 putarimus.

411 3899 551 3966 (182)
589 3888 1187 3971 (Palumbinum
1245 3891 1325 3971 X,
1391 3896 1494 3972 45,
1554 3892 1642 3974 9.)
1723 3891 1970 3974 (1875.)
2049 3894 2301 3960 Eodem
2360 3896 2576 3977 capite
2639 3892 2671 3976 ξ
2720 3899 2756 3958 6
2805 3894 2899 3975 (in

582 3999 968 4065 narratione
1012 4020 1232 4064 rerum
1279 4021 1319 4063 a
1366 3998 1433 4064 C.
1480 4000 1669 4065 Iunio
1715 3999 2012 4065 Bubulco
2058 4002 2328 4066 tertium
2373 4023 2547 4066 cons.
2595 4003 2662 4065 in
2710 4001 2897 4066 Sam·

581 4105 690 4170 nio
783 4106 1176 4188 gestarum):
1257 4128 1294 4172 o
1315 4108 1611 4172 mnium
1702 4108 2163 4192 principum
2244 4110 2323 4172 in
2400 4108 2725 4174 Samnio
2806 4130 2895 4174 eo

581 4232 789 4277 curae
846 4218 1034 4278 sunt
1093 4215 1468 4294 intentae,
1539 4222 1627 4278 ut
1692 4215 2031 4280 insidiis
2088 4223 2591 4298 quaereretur
2646 4215 2825 4281 locu
2843 4239 2891 4294 S,

579 4319 646 4383 si
720 4340 876 4402 qua
941 4320 1290 4386 licentia
1357 4322 1840 4405 populando
1914 4322 2225 4388 effusus
2283 4325 2703 4388 exercitus
2760 4345 2892 4388 ex-

580 4427 745 4510 cipi
793 4447 887 4491 ac
932 4427 1515 4493 circumveniri
1560 4452 1601 4512 p
1621 4436 1863 4495 osset.
1955 4430 2186 4513 Neque
2235 4431 2302 4496 si
2349 4452 2503 4515 qua
2546 4431 2892 4496 licentia
