3230 5282
649 647 774 702 Lib.
811 646 1004 702 XLIV.
1735 635 1860 696 674

653 819 1165 904 Thesprotorum
1250 838 1505 884 nomen.
1598 818 1728 885 Sed
1805 817 1927 884 hoc
2002 820 2355 894 incertum,
2431 815 2595 881 illud
2670 821 2948 880 certum.

654 926 969 1010 (186401)
1301 917 1307 928 ⁴
1910 920 1920 934 ·

827 1033 981 1120 Cap.
1052 1039 1151 1115 23,
1223 1039 1288 1100 3:
1356 1036 1700 1102 Interim
1780 1035 2099 1113 Cleuas,
2179 1033 2596 1115 adsumpto
2670 1029 2953 1095 Philo·

655 1151 943 1222 strato,
982 1144 1115 1226 qui
1163 1142 1686 1228 Epirotarum
1719 1150 2032 1227 gentem
2066 1141 2235 1224 (cod.
2273 1139 2538 1224 gente)
2573 1136 2953 1215 habebat,

654 1253 736 1317 in
781 1272 1056 1336 agrum
1097 1252 1734 1334 Antigonensem
1780 1248 2317 1317 transcendit.
2383 1248 2531 1313 Non
2566 1247 2700 1312 sine
2747 1265 2957 1311 causa

655 1359 1024 1425 Creverium
1072 1358 1345 1425 offendit
1378 1358 1516 1425 haec
1563 1381 1750 1443 gens
1782 1360 2221 1444 Epirotarum,
2257 1377 2453 1441 quam
2485 1354 2954 1432 Philostratus,

486 1475 629 1545 (558)
666 1468 859 1534 homo
915 1468 1203 1552 alioquin
1263 1468 1555 1552 ignotus,
1612 1468 1993 1533 habuisse
2040 1466 2296 1532 dicitur.
2386 1463 2592 1530 Paulo
2635 1469 2788 1548 post
2832 1484 2953 1548 pro

656 1583 901 1661 gente
969 1577 1163 1659 longe
1220 1577 1463 1641 rectius
1508 1575 1744 1643 cohors
1790 1576 2181 1661 appellatur.
2269 1574 2401 1638 Aut
2457 1571 2579 1637 sub
2633 1572 2780 1655 ipso
2838 1570 2954 1635 illo
3062 1629 3069 1637 .

654 1686 916 1751 nomine
949 1705 1255 1750 numerus
1291 1683 1498 1750 latere
1535 1686 1795 1750 videtur
1833 1680 2875 1769 (Epirotarumquingento
2894 1679 2952 1760 s)

657 1800 772 1858 aut
817 1793 1138 1858 excidisse
1185 1791 1346 1875 (qui
1394 1791 1428 1830 *
1475 1813 1563 1857 ex
1606 1793 2132 1876 Epirotarum
2176 1798 2408 1874 gente
2452 1787 2867 1869 habebat).

1533 1985 1715 2068 Lib.
1781 1984 2075 2068 XLIV.

831 2117 987 2202 Cap.
1038 2122 1095 2198 2,
1163 2124 1232 2182 4:
1300 2117 1350 2181 P
1365 2138 1464 2183 rae
1479 2125 1607 2184 tor
1627 2140 1661 2184 e
1730 2117 1825 2200 (C.
1880 2117 2149 2196 Marcio,
2217 2116 2329 2200 qui
2396 2135 2437 2179 a
2503 2113 2817 2179 Chalcide
2886 2117 2952 2178 in

658 2226 1063 2292 Thessaliam
1108 2233 1380 2291 venerat
1394 2276 1408 2305 ,
1455 2233 1531 2291 ut
1577 2226 1852 2292 consilio
1899 2225 1978 2290 de
2022 2224 2197 2289 bello
2242 2222 2527 2307 gerendo
2570 2222 2954 2302 interesset)

658 2335 892 2399 dimis
911 2355 1014 2415 so,
1084 2333 1365 2400 consul
1434 2333 1536 2416 (Q.
1622 2335 1909 2400 Marcius
1985 2331 2375 2416 Philippus),
2456 2337 2953 2396 menstruum

653 2443 878 2508 iusso
943 2443 1203 2508 milite
1264 2463 1535 2508 secum
1595 2440 1716 2506 fer
1739 2463 1852 2521 re,
1920 2439 2348 2525 profectus
2407 2439 2716 2505 decimo
2760 2443 2955 2522 post

655 2550 808 2628 die,
856 2570 1090 2633 quam
1134 2552 1583 2615 exercitum
1641 2556 2104 2633 acceperat,
2164 2554 2443 2614 castra
2484 2547 2755 2611 movit.
2848 2545 2950 2612 Ad

657 2666 1144 2724 menstruum
1178 2658 1481 2726 Dukerus
1516 2660 1837 2725 adscribit
1874 2656 2386 2723 ”frumentum
2434 2655 2741 2734 scilicet”,
2793 2654 2949 2739 Lip-

654 2768 817 2833 sium
851 2776 916 2833 et
954 2766 1318 2833 Scheelium
1364 2774 1668 2834 auctores
1713 2769 1944 2846 citans,
1989 2765 2060 2831 id
2090 2764 2401 2847 intellegi.
2468 2764 2528 2828 N
2530 2784 2602 2827 ec
2647 2762 2950 2847 profecto

650 2875 722 2941 id
766 2876 1034 2941 dubium
1080 2883 1208 2956 est3
1279 2875 1392 2941 sed
1452 2895 1845 2958 quamquam
1899 2872 2208 2958 frequens
2267 2879 2367 2937 est
2411 2878 2478 2937 et
2522 2870 2838 2936 frumenti
2884 2877 2950 2936 et

652 2983 1048 3049 cibariorum
1066 3004 1107 3048 a
1128 2984 1446 3050 militibus
1469 2990 1883 3068 portatorum
1900 2983 2166 3061 mentio,
2187 2979 2438 3045 frustra
2457 2986 2676 3059 tamen
2698 3000 2947 3063 quaero‚

537 3120 543 3127 ·
654 3093 762 3177 qui
811 3093 904 3158 sic
949 3114 1012 3156 m
1031 3113 1120 3157 en
1137 3099 1210 3158 st
1226 3113 1443 3158 ruum
1501 3092 1737 3157 dixerit
1804 3092 1943 3156 sine
2010 3091 2442 3155 substantivo.
2532 3087 2706 3168 (Diu
2723 3078 2946 3153 rn‘um

653 3222 691 3265 a
707 3221 740 3265 c
755 3201 879 3285 cip
896 3221 1025 3265 ere
1094 3200 1173 3266 de
1220 3202 1449 3280 serviS,
1495 3201 1764 3285 proprio
1813 3198 2039 3264 addito
2085 3197 2282 3263 verbo
2299 3248 2313 3276 ,
2363 3194 2675 3262 Senecam
2723 3195 2947 3261 dicere

654 3309 837 3389 scio.)
925 3309 1153 3391 Itaque
1198 3330 1329 3374 non
1376 3308 1635 3387 dubito,
1696 3309 1850 3391 quin
1896 3308 2112 3390 ipsum
2158 3304 2319 3370 illud
2364 3305 2679 3370 vocabum
2749 3302 2944 3386 (fru-

653 3418 1020 3499 mentum)
1067 3424 1219 3500 post
1261 3423 1762 3482 menstruum
1810 3414 2123 3479 exciderit
2156 3414 2239 3479 ob
2277 3412 2772 3479 similitudinem
2818 3413 2943 3497 syl-

651 3521 953 3589 labarum
1006 3545 1072 3589 m
1086 3530 1368 3590 entum.
1468 3523 1639 3589 Illud
1706 3544 1898 3588 nemo
1967 3522 2205 3604 attigit,
2274 3519 2431 3605 quid
2498 3528 2669 3587 esset
2684 3571 2698 3599 ,
2768 3519 2941 3602 quod

654 3633 880 3697 consul
923 3634 1203 3716 primum
1249 3654 1290 3715 p
1303 3653 1336 3695 r
1351 3651 1389 3696 o
1406 3631 1436 3695 f
1445 3652 1478 3697 e
1494 3638 1625 3697 ctu
1641 3654 1691 3708 s,
1737 3630 1970 3696 deinde
2017 3628 2269 3695 decimo
2316 3628 2422 3694 die
2469 3650 2504 3693 c
2520 3650 2603 3694 as
2617 3635 2693 3694 tr
2706 3650 2749 3693 a
2792 3651 2861 3694 m
2876 3652 2943 3694 o-

652 3742 721 3803 vi
739 3761 810 3804 ss
826 3760 859 3803 e
906 3740 1260 3820 diceretur3
1308 3759 1426 3822 ego
1470 3760 1679 3823 nugas
1725 3760 1865 3804 esse
1912 3738 2055 3803 dico
2075 3762 2089 3817 3
2135 3758 2331 3803 unam
2377 3738 2546 3802 enim
2591 3758 2729 3802 rem
2776 3758 2938 3802 esse.

653 3846 941 3912 Tenetur
975 3847 1568 3935 manifestissimum
1603 3849 2261 3931 interpretamentum
2298 3845 2368 3929 (p
2380 3867 2415 3909 r
2430 3845 2556 3912 ose
2572 3867 2607 3910 c
2619 3853 2647 3911 t
2660 3868 2704 3910 u
2718 3845 2778 3927 s)
2826 3844 2942 3911 ad·

708 4086 752 4151 ι)
790 4084 919 4154 Cap.
975 4086 1057 4151 22,
1116 4090 1138 4139 1
1197 4102 1264 4139 ex
1317 4086 1647 4155 agricolis
1702 4084 2017 4140 faciendum
2073 4090 2193 4138 erat
2248 4085 2397 4154 agri
2458 4082 2771 4150 AEtolici‚
2828 4098 2939 4137 non

788 4169 1021 4224 AEtoli.
1092 4171 1245 4240 Ager
1279 4171 1507 4226 AEtolus
1544 4172 1604 4226 in
1639 4188 1807 4241 prosa
1856 4172 2109 4225 oratione
2160 4186 2275 4224 non
2319 4171 2496 4239 magis
2534 4169 2740 4222 dicitur
2775 4184 2937 4237 qnam

788 4255 967 4309 Italus
1004 4260 1101 4309 aut
1136 4256 1325 4312 Gallus
1375 4264 1473 4312 aut
1506 4256 1826 4311 Britannus.
1880 4256 2023 4310 Miro
2063 4272 2245 4309 errore
2280 4254 2594 4310 Gronovius
2630 4253 2822 4319 XLIV,
2856 4252 2935 4316 32,

787 4343 822 4393 4
857 4340 1041 4395 bello
1093 4340 1335 4411 Illyrio
1391 4350 1447 4396 et
1481 4342 1647 4409 XLV,
1683 4345 1769 4408 43,
1808 4344 1839 4396 5
1902 4341 2133 4410 Illyrii
2180 4342 2452 4410 argenti
2489 4340 2713 4410 scripsit
2747 4344 2937 4393 contra

790 4425 1040 4481 codicem
1075 4429 1445 4497 probavitque
1479 4426 2002 4493 Drakenborchius3
2049 4425 2268 4495 Illyrios
2307 4427 2453 4481 enim
2490 4443 2629 4493 esse,
2665 4442 2780 4480 non
2815 4424 2934 4491 nly-

787 4512 949 4569 ricos.
1021 4512 1223 4580 (1864.)
