3230 5282
1477 608 1598 705 ,58υὸ
2400 619 2523 672 Lib.
2559 618 2674 673 XL.

378 790 561 856 lunt
629 791 1087 873 suspicere.
1176 789 1381 855 Paulo
1449 796 1603 856 ante
1672 789 1734 873 (ᾖ
1785 791 1849 871 6)
1923 790 2339 856 scribendum
2406 790 2690 872 videtur,

380 901 674 982 proxime
755 898 838 962 ad
932 897 1245 962 Gronovii
1313 899 1866 965 emendationem:
1938 899 2316 983 quaesivit
2393 898 2487 961 ab
2567 919 2689 978 eo,

383 1007 640 1070 libero
684 1028 778 1070 ne
824 1006 988 1069 sibi
1031 1005 1325 1070 liceret
1381 1028 1468 1070 ac
1526 1008 1697 1070 suis
1744 1008 2031 1070 vivere.
2128 1004 2317 1081 Quod
2364 1005 2691 1069 Weissen-

379 1115 650 1179 bornius
695 1115 935 1197 posuit,
984 1114 1126 1177 sub
1186 1135 1407 1189 eone,
1463 1135 1687 1178 verum
1733 1135 1874 1178 esse
1918 1114 2176 1194 nequit3
2249 1133 2461 1194 neque
2509 1115 2683 1176 enim

380 1224 448 1286 id
493 1223 789 1286 Thurrus
836 1220 1106 1303 agebat,
1152 1228 1227 1284 ut
1273 1221 1395 1285 sub
1444 1221 1741 1285 Graccho
1789 1222 2198 1304 potissimum
2245 1221 2520 1298 viveret,
2569 1222 2683 1305 qui

381 1332 676 1413 proximo
725 1350 895 1394 anno
944 1350 1019 1392 ex
1066 1329 1387 1411 Hispania
1434 1329 1849 1394 discessurus
1898 1335 2061 1393 erat.

552 1437 708 1522 Cap.
759 1443 858 1516 50,
907 1440 972 1499 3:
1019 1436 1320 1500 multos
1379 1438 1787 1518 utrimque
1836 1436 2313 1518 (Romanorum
2359 1434 2682 1517 Hispano-

377 1546 678 1628 rumque)
704 1543 1115 1610 cecidisse
1156 1542 1453 1626 (quidam
1487 1549 1792 1608 auctores
1817 1542 1998 1622 sunt)
2035 1564 2177 1636 nec
2221 1542 2448 1606 aliud
2481 1562 2683 1624 mag-

379 1675 684 1737 nopere
730 1652 1061 1716 berbice
1101 1650 1487 1716 'crederes
1532 1651 1792 1716 fuisse
1838 1652 2271 1727 RomanOS,
2331 1651 2499 1713 nisi
2545 1650 2683 1730 qui

381 1769 718 1843 postero
768 1760 896 1823 die
941 1761 1453 1823 accesserint
1519 1766 1938 1824 manentes
2006 1757 2333 1841 proelio
2403 1757 2683 1839 spolia

377 1869 594 1931 intra
639 1867 930 1930 vallum
980 1888 1116 1949 per
1161 1873 1421 1931 totum
1469 1865 1679 1930 diem
1723 1867 2089 1949 legisset.
2162 1865 2267 1930 Sic
2302 1864 2503 1928 editio
2543 1864 2682 1928 Mo·
2790 1908 2797 1915 -

380 1976 670 2057 guntina.
762 1973 1193 2038 Scribendum
1258 1973 1542 2037 videtur:
1610 1995 1754 2037 nec
1811 1973 2040 2037 aliud
2085 1993 2363 2054 magno
2412 1993 2678 2054 opere,
2716 1976 2867 2047 (479)

384 2102 509 2144 cn·
574 2082 855 2144 vicisse
924 2081 1335 2160 credereS,
1393 2080 1694 2145 fecisse
1762 2083 2189 2158 Romanos,
2258 2080 2415 2142 nisi
2475 2079 2684 2159 quod

380 2197 716 2273 postero
788 2189 921 2253 die
990 2189 1531 2253 lacessierint
1597 2187 1917 2272 proelio
1977 2194 2388 2251 manentes
2459 2188 2683 2250 intra

377 2297 704 2375 vallum3
752 2296 1017 2379 spolia
1061 2317 1201 2379 per
1245 2303 1504 2360 totum
1551 2296 1758 2360 diem
1792 2296 2118 2378 legisse.
2188 2294 2496 2376 Magnam
2534 2316 2682 2377 par-

377 2412 512 2469 tem
580 2405 1006 2468 correctionis
1077 2403 1445 2467 Gronovius
1514 2404 1843 2487 praecepit,
1914 2404 2041 2467 nisi
2107 2403 2281 2483 quod
2349 2409 2685 2484 postrema

378 2513 517 2576 haec
562 2512 855 2595 (spolia
918 2547 1006 2555 —
1049 2511 1405 2592 legisse),
1476 2533 1620 2593 quae
1682 2533 1829 2576 cum
1894 2511 2205 2575 fecisse
2266 2510 2680 2593 copulantur,

376 2620 697 2685 violenter
765 2641 911 2684 cum
978 2619 1512 2684 lacessierint
1591 2621 1985 2702 coniungere
2068 2624 2344 2683 conatus
2413 2625 2572 2697 est:
2613 2617 2683 2680 in

378 2736 673 2793 monstro
721 2728 835 2792 illo
883 2726 1210 2792 berbice
1258 2734 1325 2791 et
1369 2718 1640 2810 propius
1689 2727 1773 2791 ad
1818 2729 2094 2809 vestigia
2140 2726 2383 2790 codicis
2414 2724 2687 2807 (qualia

379 2836 642 2919 quidem
688 2837 755 2899 in
801 2836 1090 2899 editione
1138 2855 1456 2917 expressa
1502 2834 1683 2914 sunt)
1745 2836 2094 2899 accessisse
2153 2833 2376 2896 videor
2435 2839 2501 2895 et
2545 2852 2687 2894 rec-

377 2944 612 3007 tiorem
680 2944 1074 3007 sententiam
1140 2941 1434 3007 effecisse
1505 2962 1702 3023 quam
1770 2941 2138 3005 Gronovius
2218 2940 2335 3019 (ne
2416 2940 2681 3002 victos

380 3051 802 3131 crederes).
845 3074 859 3086 ·
892 3051 1041 3115 Non
1099 3050 1293 3114 modo
1353 3071 1483 3113 non
1527 3049 1682 3112 victi
1728 3069 1903 3127 esse,
1964 3049 2078 3112 sed
2124 3049 2354 3111 vicisse
2402 3045 2685 3110 Romani

377 3159 583 3222 videri
628 3158 953 3222 volebant.

550 3265 705 3349 Cap.
767 3270 866 3345 51,
925 3269 994 3328 2:
1065 3264 1327 3347 Opera
1394 3263 1728 3343 (censores
1786 3263 1871 3327 Μ.
1916 3262 2217 3327 AEmilius
2276 3269 2341 3326 et
2395 3262 2480 3326 Μ.
2526 3262 2682 3326 Ful-

376 3372 547 3453 vius)
595 3394 685 3436 ex
730 3374 1076 3455 pecunia
1144 3372 1559 3437 attributa
1618 3371 2038 3454 divisaque
2108 3372 2330 3435 inter
2388 3392 2465 3435 se
2513 3370 2677 3434 haec

379 3480 924 3545 confecerunt.
1016 3478 1420 3544 Conficiendi
1456 3479 1723 3543 verbum
1760 3479 2161 3561 singularem
2195 3479 2442 3543 habere
2480 3479 2679 3561 signi-

375 3586 748 3652 ficationem
815 3594 879 3651 et
946 3588 1030 3651 ab
1075 3588 1199 3653 hoc
1252 3587 1394 3650 loco
1451 3587 1734 3650 alienam
1789 3585 2076 3664 videtur,
2135 3586 2249 3650 ubi
2317 3589 2678 3667 requiritur

375 3697 734 3759 communis
780 3695 977 3758 huius
1021 3696 1118 3759 rei
1163 3692 1551 3778 appellatio:
1623 3715 1873 3776 opera
1939 3729 2024 3738 —
2078 3694 2244 3757 haec
2287 3695 2679 3759 fecerunt

376 3800 622 3881 (XLIV,
675 3808 770 3881 16,
818 3807 882 3865 9:
934 3802 1030 3865 ad
1076 3823 1322 3884 opera
1365 3801 1697 3885 publica
1740 3801 2183 3881 facienda);
2231 3823 2311 3866 ex
2345 3804 2682 3883 geminata

373 3910 597 3973 littera
644 3931 675 3971 c
723 3915 940 3974 ortum
987 3930 1131 3973 con
1177 3910 1370 3973 credo
1419 3908 1997 3989 (haeccferunt).
2065 3908 2274 3974 Paulo
2312 3918 2466 3992 post
2501 3909 2561 3992 (ἓ
2586 3912 2675 3992 4),

373 4017 487 4081 ubi
541 4017 764 4081 Livius
822 4038 862 4079 a
917 4017 1003 4080 M.
1051 4016 1278 4081 Fulvio
1346 4017 1567 4080 locata
1633 4022 1861 4081 narrat
1926 4023 2246 4099 portum
2315 4024 2392 4081 et
2457 4018 2675 4100 pilas

373 4126 655 4208 pontis
745 4125 824 4187 in
914 4124 1292 4203 Tiberim,
1372 4124 1667 4205 quibus
1747 4124 1943 4207 pilis
2020 4124 2385 4189 fornices
2452 4160 2539 4168 ——
2604 4126 2675 4189 P.

374 4230 644 4314 Scipio
692 4231 1130 4296 Africanus
1188 4239 1265 4296 et
1315 4232 1383 4295 L.
1434 4231 1853 4295 Mummius
1913 4252 2294 4296 censores
2352 4232 2681 4297 locave-

372 4346 560 4403 runt
594 4341 1144 4422 imponendOS,
1181 4361 1310 4403 non
1346 4339 1593 4417 dubito,
1632 4339 1790 4421 quin
1827 4340 2191 4420 scripserit:
2240 4340 2453 4421 pilas
2491 4361 2681 4423 pon-

368 4447 481 4511 tis
529 4448 607 4510 in
653 4446 954 4525 Tiberi,
1000 4447 1295 4528 quibus
1344 4453 1465 4511 cet.
1504 4454 1652 4511 aut:
1701 4446 1914 4528 pilas
1954 4446 2227 4529 pontis
2263 4449 2342 4511 in
2380 4448 2681 4527 Tiberi,

1880 4942 2179 5123 ss
2374 4988 2583 5091 κ

1577 5128 1877 5254 a·
