3230 5282
508 517 635 570 Lib.
671 518 947 573 XXXVII.
1593 512 1716 572 534

677 688 828 772 Cap.
877 695 978 769 47,
1027 695 1063 753 ’7
1112 691 1220 770 (de
1282 695 1567 759 comitiis
1636 696 2092 761 consularibus
2154 696 2220 759 in
2279 715 2517 759 annum
2585 697 2701 756 189
2749 713 2809 756 a.

506 793 718 876 Chr.):
788 795 1123 863 Fulvius
1193 801 1479 865 consul
1544 824 1745 868 unus
1817 811 2181 881 creatur,
2250 823 2489 886 quum
2555 800 2810 864 ceteri

505 909 923 970 centurias
990 927 1142 970 non
1213 907 1721 990 explessent3
1791 913 2025 993 isque
2094 916 2423 992 postero
2493 908 2621 971 die
2685 906 2808 971 Cn.

502 1013 896 1077 Manlium
975 1014 1279 1097 Lepido
1361 1016 1677 1083 deiecto
1770 1018 1987 1097 (nam.
2056 1016 2452 1081 Messalla
2516 1014 2808 1094 tacuit)

506 1121 900 1204 collegam
970 1122 1194 1186 dixit.
1285 1122 1432 1188 Non
1489 1125 1710 1203 video,
1775 1126 2105 1207 quodnam
2149 1124 2311 1188 illud
2359 1125 2445 1188 sit
2489 1120 2812 1186 Messallae

505 1229 871 1308 silentium3
917 1251 1068 1294 nam
1115 1230 1448 1312 professus
1498 1254 1567 1296 se
1608 1233 2033 1297 candidatum
2067 1234 2198 1296 iam
2235 1231 2440 1295 multo
2477 1239 2629 1294 ante
2669 1234 2813 1292 erat
2932 1316 2939 1321 ,

503 1358 624 1401 nec
662 1337 742 1401 de
784 1339 1103 1419 petitione
1141 1338 1477 1403 destitisse
1515 1340 1786 1418 dicitur3
1832 1361 2044 1423 neque
2081 1340 2399 1404 Manlium
2436 1338 2815 1420 eloquentia

504 1445 734 1509 vicisse
781 1452 962 1529 put0.
1052 1447 1258 1509 Miror
1323 1448 1557 1529 igitur,
1619 1449 1864 1510 nemini
1909 1448 2266 1529 placuisse,
2327 1445 2507 1527 quod
2554 1444 2811 1508 codices

505 1553 586 1632 (B
655 1560 721 1616 et
789 1552 1019 1633 Drak.)
1092 1554 1417 1636 praebent,
1499 1555 1779 1618 iacuit.
1873 1554 2226 1635 Lepidum,
2311 1555 2611 1634 cuiuspet
2690 1551 2815 1615 tioi
2914 1617 2926 1627 ,

503 1660 754 1740 aliquid
800 1663 1033 1725 virium
1079 1661 1389 1725 habuerit
1435 1669 1502 1726 et
1559 1683 1839 1744 quocum
1904 1669 2234 1725 certamen
2292 1660 2521 1734 fuerit,
2594 1660 2811 1723 Livius

504 1767 833 1833 deiectum
880 1789 1021 1832 esse
1080 1769 1267 1847 dicit,
1326 1768 1704 1833 Messallam
1761 1792 1891 1834 non
1950 1769 2309 1842 deiectum,
2357 1767 2471 1831 sed
2533 1767 2813 1830 iacuisse

504 1869 720 1953 ipsum
767 1894 887 1938 nec
932 1875 1069 1939 ulla
1113 1897 1348 1957 magno
1398 1897 1597 1959 opere
1648 1875 1963 1958 suffragia
2009 1877 2335 1940 habuisse.

332 2001 479 2071 (432)
687 1978 843 2063 Cap.
893 1987 990 2061 51,
1039 1988 1073 2045 5
1123 1983 1232 2064 (de
1280 1983 1353 2061 Q.
1401 1984 1637 2061 Fabio,
1699 1982 1960 2047 flamine
2011 1973 2359 2061 Quirinali,
2410 1991 2705 2065 praetore,
2751 1983 2814 2044 in

503 2088 908 2168 provinciam
935 2090 1263 2172 proficisci
1290 2112 1330 2155 a
1364 2092 1674 2174 pontifice
1700 2093 1980 2155 maximo
2007 2093 2207 2155 vetito
2245 2101 2311 2154 et
2349 2089 2814 2172 repugnante):

502 2195 824 2277 Religio
874 2198 968 2261 ad
1015 2198 1784 2280 postremumWicit,
1831 2206 1914 2262 ut
1960 2199 2181 2263 dicto
2219 2197 2562 2262 audiens
2599 2203 2845 2261 esset·

502 2301 799 2366 flamen
844 2305 1270 2385 pontifici3
1318 2315 1395 2371 et
1442 2307 1701 2372 multa
1745 2310 1976 2373 iussu
2022 2306 2302 2388 populi
2348 2306 2812 2369 eiremissa.

502 2411 844 2476 Postrema
889 2412 1027 2476 haec
1075 2413 1184 2494 (et
1227 2416 1479 2494 mul-ta
1515 2416 1666 2496 cet.)
1707 2438 1784 2479 ex
1808 2416 1875 2479 M
1910 2414 2307 2479 recentiores
2344 2415 2813 2490 restituerunt3

503 2519 568 2582 in
615 2520 944 2601 prioribus
991 2527 1224 2584 contra
1270 2524 1556 2586 omnium
1619 2523 1915 2587 codicum
1973 2525 2442 2587 auctoritatem
2497 2523 2817 2586 retinetur

505 2628 836 2710 scriptura
882 2629 1079 2693 etiam
1119 2631 1460 2694 sentent-ize
1484 2632 1771 2713 graviter
1796 2654 2052 2695 nocens.
2102 2630 2267 2695 Nam
2304 2631 2468 2695 hoc:
2515 2630 2814 2711 religio

500 2737 729 2813 vicit,
777 2743 860 2801 ut
917 2736 1140 2801 dicto
1198 2738 1538 2804 audiens
1595 2748 1814 2804 esset
1882 2739 2182 2804 flamen
2251 2739 2654 2821 pontifici
2722 2739 2815 2801 sic

503 2844 764 2922 dicitur,
790 2852 1124 2925 tamquam
1147 2847 1288 2927 ipse
1314 2845 1549 2911 flamen
1572 2848 1886 2930 religione
1915 2850 2138 2923 victus,
2165 2849 2410 2911 omisso
2438 2848 2817 2924 certamine,

501 2952 797 3034 pontifici
844 2954 1172 3035 paruerit,
1221 2962 1291 3018 at
1337 2962 1637 3019 coactum
1672 2977 1817 3018 eum
1856 2956 2083 3037 populi
2120 2955 2457 3019 voluntate
2496 2961 2562 3017 et
2598 2961 2817 3019 cetera

506 3059 744 3123 docent
790 3068 856 3124 et
903 3060 1078 3141 quod
1126 3083 1276 3126 mox
1339 3062 1715 3139 subiicitur,
1785 3084 1931 3127 eum
1991 3063 2090 3125 ira
2147 3068 2387 3143 ereptae
2461 3062 2812 3143 provinciae

502 3175 794 3251 praetura
840 3189 909 3232 se
956 3168 1264 3233 abdicare
1312 3177 1619 3233 conatum
1668 3191 1831 3234 esse.
1922 3169 1996 3233 In
2043 3168 2385 3233 codicibus
2434 3170 2606 3232 notis
2656 3169 2814 3234 scri-

500 3276 710 3341 bitur:
759 3277 961 3340 vicit
1009 3284 1093 3340 ut
1140 3276 1365 3341 dicto
1402 3277 1743 3341 audiens
1784 3285 2008 3341 esset
2043 3276 2123 3355 (B
2162 3280 2468 3358 essent)
2509 3278 2809 3343 flamen

501 3383 888 3466 pontifici
935 3385 1246 3460 iussus,
1293 3384 1359 3446 in
1408 3405 1536 3466 quo
1577 3388 1921 3468 perspicue
1957 3386 2127 3448 inest
2162 3384 2249 3460 id,
2290 3384 2465 3466 quod
2503 3386 2811 3449 Gelenius

500 3498 618 3555 aut
679 3512 755 3554 ex
814 3492 1043 3555 eadem
1090 3491 1456 3572 Moguntini
1504 3494 1833 3575 scriptura
1889 3496 2061 3557 eruit
2118 3500 2235 3555 aut
2294 3494 2508 3575 ipsum
2565 3514 2643 3556 ex
2699 3492 2810 3556 illo

502 3600 808 3681 sumpsit:
859 3604 939 3662 et
983 3598 1201 3662 dicto
1248 3599 1585 3663 audiens
1635 3622 1819 3664 esse
1867 3602 2159 3665 flamen
2221 3601 2607 3682 pontifici
2654 3601 2809 3663 ius-

503 3729 672 3784 sus3
721 3706 836 3771 sed
881 3707 1073 3770 simul
1121 3706 1352 3771 addita
1397 3727 1528 3770 una
1572 3707 1797 3771 littera
1857 3709 2310 3773 scribendum:
2378 3742 2461 3752 —
2530 3709 2807 3771 iussus

503 3820 666 3893 est;
735 3815 985 3878 multa
1051 3815 1274 3879 iussu
1343 3813 1623 3897 populi
1682 3823 1800 3880 cet.
1895 3817 1990 3880 Et
2058 3816 2345 3879 alienum
2417 3822 2535 3878 est.
2627 3814 2807 3878 Nihil

504 3943 771 4005 prorsus
819 3921 1196 3987 offensionis
1254 3921 1458 3985 habet
1513 3924 1862 4005 participio
1926 3922 2259 4002 (iussus)
2330 3922 2810 3986 substantivum

503 4031 924 4111 coniugatum
989 4031 1054 4092 in
1122 4030 1329 4094 altero
1388 4032 1729 4095 sententiae
1789 4031 2080 4095 membro
2140 4031 2526 4095 subiectum.
2630 4029 2812 4094 Infra

505 4137 566 4219 (ξ
614 4137 679 4217 9)
727 4139 793 4201 in
840 4138 942 4200 his
987 4137 1232 4202 verbis:
1282 4138 1705 4203 desierant
1762 4140 1966 4203 enim
2023 4139 2318 4202 victum
2377 4139 2451 4201 in
2500 4138 2808 4202 AEtolia

504 4254 860 4310 metuere
908 4246 1013 4308 vix
1061 4244 1349 4310 dubitari
1407 4253 1655 4328 potest,
1713 4248 1870 4328 quin
1939 4246 2253 4310 exciderit
2319 4267 2583 4328 regem
2630 4245 2806 4325 (vic-

504 4360 667 4418 tum
713 4354 789 4416 in
835 4353 1149 4419 AEtolia
1193 4375 1455 4435 regem
1499 4354 1882 4434 metuere)
1929 4361 2044 4418 aut
2088 4352 2606 4430 Antiochum;
2653 4374 2806 4417 nam
