3230 5282
516 588 640 644 Lib.
676 588 742 644 V.
1612 578 1734 639 152

515 760 584 825 in
629 760 697 824 id
741 760 1122 841 inclinetur,
1192 762 1373 844 quod
1429 762 1500 825 in
1555 782 1629 825 re
1686 767 2069 845 comparata
2116 760 2422 846 (potius
2468 782 2697 848 quam
2739 798 2837 809 —-·

516 867 958 950 macerent)
1028 890 1173 934 esse
1240 869 1546 935 debebat.
1669 869 1903 953 Itaque
1968 869 2290 935 hactenus
2353 873 2600 936 rectius
2669 872 2833 938 olim

516 976 1137 1060 interpungebatur:
1208 998 1439 1059 quum
1497 976 2027 1061 reliqueritis
2086 1000 2205 1058 ea3
2274 979 2389 1044 sed
2445 1001 2646 1063 quum
2701 980 2837 1045 hoc

515 1084 868 1150 manifesto
918 1085 1323 1151 contrarium
1369 1084 1703 1149 referatur
1749 1085 2073 1169 superiori
2116 1085 2244 1149 illi:
2305 1088 2703 1153 maneatis
2747 1089 2835 1152 in

521 1190 706 1256 sede
763 1199 1071 1271 vestra,
1130 1199 1436 1277 apparet,
1497 1193 1700 1257 semel
1748 1193 2062 1276 scriptam
2108 1214 2253 1259 esse
2298 1194 2624 1274 litteram,
2682 1216 2833 1277 quse

517 1299 619 1364 bis
669 1300 1018 1365 scribenda
1064 1307 1240 1365 erat:
1315 1322 1550 1384 quum
1604 1301 2126 1385 reliqueritis
2172 1320 2355 1381 cam,
2413 1310 2835 1367 macerent

522 1408 960 1474 desiderio.
1061 1408 1138 1473 In
1186 1409 1410 1474 codice
1457 1408 1816 1493 archetypo
1863 1406 1990 1473 fuit
2036 1430 2203 1474 eam
2248 1417 2587 1492 agerent
2630 1409 2827 1492 (MP).

519 1514 651 1581 Sed
717 1516 1004 1581 nondum
1071 1516 1196 1581 hoc
1265 1523 1464 1600 caput
1521 1517 1946 1582 absolvimus.
2059 1517 2229 1581 Nam
2287 1519 2601 1583 continuo
2649 1517 2712 1601 (ἓ
2757 1518 2835 1599 4)

515 1623 656 1687 haec
702 1624 1069 1707 excipiunt:
1127 1623 1298 1689 Non
1360 1626 1531 1689 sine
1591 1645 1837 1689 causa
1893 1624 2008 1688 dii
2049 1624 2579 1709 hominesque
2623 1627 2838 1690 hunc

518 1733 701 1797 urbi
748 1733 1185 1797 condendae
1233 1732 1500 1798 locum
1545 1732 1991 1815 elegerunt,
2042 1732 2626 1798 saluberrimos
2675 1732 2833 1798 col-

518 1841 660 1919 168,
718 1839 1023 1906 flumen
1069 1846 1630 1925 opportunum,
1674 1875 1778 1920 ——,
1837 1862 2050 1905 mare
2095 1840 2446 1905 vicinum
2493 1841 2589 1906 ad
2637 1862 2833 1906 com-

519 1949 965 2014 moditates
1001 1970 1145 2013 nec
1179 1947 1847 2032 expositum—ad
1880 1948 2253 2032 pericula
2287 1948 2671 2013 classium
2701 1969 2836 2012 ex·-

521 2064 965 2137 ternarum,
1019 2057 1446 2139 regionum
1492 2056 1760 2122 Italiae
1806 2056 2179 2135 medium,
2239 2055 2336 2120 ad
2381 2057 2835 2120 incremen-

520 2170 687 2229 tum
762 2164 989 2229 urbis
1065 2172 1342 2229 natum
1419 2166 1659 2230 unice
1738 2164 2023 2230 locum.
2147 2165 2638 2246 Argumento
2707 2171 2839 2229 est

520 2274 704 2356 ipsa
744 2273 1216 2352 magnitudo
1262 2278 1423 2337 tam
1467 2292 1687 2336 novae
1732 2253 1982 2336 urbia
2088 2271 2264 2350 Loci,
2311 2271 2425 2336 ubi
2469 2271 2628 2336 urbs
2676 2291 2839 2338 con·

521 2380 664 2445 dita
710 2386 839 2461 est,
899 2380 1238 2445 commoda
1283 2379 1662 2460 singulatim
1708 2379 2141 2444 substantivis
2185 2386 2502 2444 notantur
2547 2379 2837 2459 (colles

521 2522 611 2533 —-
675 2487 980 2552 flumen
1044 2522 1133 2532 —-
1196 2487 1460 2570 mare).
1584 2488 1707 2552 His
1774 2488 2119 2552 subiicitur
2184 2487 2351 2551 illud
2415 2488 2835 2570 regionum

522 2595 790 2661 Italiae
858 2596 1229 2678 medium,
1307 2596 1490 2680 quod
1555 2617 1677 2680 pro
1748 2595 2157 2665 substantivo
2225 2596 2436 2679 accipi
2503 2617 2666 2661 usus
2731 2595 2833 2661 lo-

524 2704 772 2788 quendi
837 2711 1017 2769 vetat
1083 2704 1235 2787 (etsi
1300 2704 1563 2769 medio
1622 2704 1847 2769 urbis
1906 2710 1972 2769 et
2029 2704 2270 2769 similia
2327 2704 2616 2769 ablativo
2676 2725 2837 2769 casu

523 2811 891 2894 dicuntur);
959 2812 1060 2877 sin
1106 2819 1326 2877 autem
1374 2832 1521 2876 cum
1570 2834 1679 2893 ec,
1748 2812 1924 2895 quod
1972 2813 2298 2896 sequitur,
2366 2811 2631 2877 locum
2676 2833 2835 2876 con-

521 2922 841 3004 iungitur,
900 2921 1101 2985 mirus
1155 2920 1507 2985 verborum
1566 2919 1730 2984 ordo
1780 2919 2090 3000 efficitur,
2150 2920 2564 2985 substantivo
2608 2919 2678 2982 in
2722 2940 2833 2983 ex-

518 3035 794 3096 tremam
863 3029 1082 3093 sedem
1148 3029 1431 3108 reiecto,
1510 3029 1902 3111 interposito
1970 3028 2110 3092 sine
2179 3027 2418 3110 copula
2480 3026 2839 3110 participio

522 3137 884 3221 (natum);
932 3139 1049 3203 sed
1095 3139 1228 3202 sive
1272 3137 1413 3201 haec
1460 3137 1946 3218 coniunguntur
1992 3135 2127 3200 sive
2174 3141 2590 3218 separantur,
2633 3155 2839 3217 prave

349 3266 488 3333 (129)
524 3249 850 3331 repetitur
914 3254 1204 3311 extremo
1269 3245 1416 3309 loco
1485 3243 1554 3307 id
1620 3244 1839 3327 ipsum
1897 3243 2413 3322 substantivum,
2485 3243 2588 3306 cui
2643 3242 2834 3306 initio

520 3358 736 3440 posito
782 3354 1040 3436 reliqua
1082 3353 1496 3436 appositione
1546 3352 2022 3434 adiunguntur,
2091 3358 2158 3416 et
2210 3352 2534 3435 repetitur
2587 3351 2669 3414 iis
2717 3349 2835 3413 ad-

521 3464 697 3542 ditis,
756 3482 899 3543 quae
944 3482 1078 3526 non
1123 3462 1318 3523 unius
1369 3461 1628 3541 generis
1677 3460 2242 3544 opportunitatem
2288 3459 2660 3537 ostendant,
2717 3458 2837 3522 sed

521 3571 741 3635 omnia
818 3569 1118 3633 universe
1200 3566 1768 3650 comprehendant
1847 3566 2141 3648 (locum
2221 3567 2679 3648 elegerunt,
2745 3599 2837 3610 —-

522 3676 774 3741 colles
822 3711 908 3719 —-
938 3674 1241 3739 flumen
1274 3707 1361 3718 —-
1395 3696 1606 3739 mare
1641 3710 1746 3753 —,
1782 3675 2126 3739 medium
2157 3710 2245 3720 —
2280 3675 2378 3738 ad
2422 3675 2613 3739 incr.
2664 3674 2833 3738 urb.

518 3789 674 3848 nat.
723 3805 842 3847 un.
889 3781 1206 3863 locum).
1317 3781 1562 3846 Verum
1627 3782 1752 3846 hoc
1805 3783 2060 3847 vitiosae
2117 3783 2527 3865 repetitionis
2585 3783 2835 3846 incom-

521 3890 718 3956 modo
774 3890 1088 3954 liberabit
1142 3911 1262 3954 nos
1308 3890 1549 3954 rectior
1597 3890 1918 3955 orationis
1964 3891 2432 3974 interpunctio.
2531 3889 2701 3954 Nam
2747 3891 2834 3955 ab

522 3999 1012 4063 enumeratione
1058 3997 1462 4079 singulorum
1511 3998 2008 4062 commodorum
2052 3998 2182 4063 loci
2227 3999 2473 4062 transit
2517 3995 2837 4063 Camillus

521 4105 606 4171 ad
674 4106 1231 4171 confirmationem
1297 4106 1617 4170 universae
1672 4106 1769 4170 rei
1827 4127 1907 4170 ex
1962 4114 2194 4170 eventu
2252 4106 2379 4171 hoc
2423 4105 2650 4171 modo:
2720 4106 2832 4171 Ad

521 4215 1105 4279 incrementum
1149 4212 1375 4277 urbis
1421 4219 1697 4278 natum
1740 4215 1975 4278 unice
2020 4215 2303 4295 locum,
2351 4221 2830 4295 argumento

523 4330 644 4389 est
689 4323 871 4406 ipsa
913 4321 1386 4404 magnitudo
1432 4327 1593 4385 tam
1638 4343 1857 4387 novae
1903 4322 2147 4387 urbis.
2241 4320 2401 4405 [Sed
2445 4323 2553 4386 vix
2598 4322 2835 4387 abesse

520 4438 748 4515 potest
793 4451 969 4496 esse
1013 4437 1167 4514 post
1212 4431 1449 4494 unice
1498 4435 1614 4493 aut
1658 4430 1941 4495 locum.
2039 4427 2252 4511 1873]
2354 4429 2499 4495 Hoc
2544 4436 2834 4513 repert0,
