3230 5282
1368 652 1492 714 267
2274 665 2400 721 Lib.
2436 666 2583 721 XXI.

294 833 651 901 declarandi
698 858 902 902 causa
946 836 1031 902 ad
1074 837 1192 902 illa
1234 836 1779 918 refugientem
1822 837 1901 902 in
1946 837 2321 923 aquam.¹)
2376 838 2583 905 Paulo

290 948 427 1025 post
468 942 529 1027 (ἓ
564 943 654 1025 8),
702 944 815 1009 ubi
860 945 928 1010 in
976 944 1313 1010 codicibus
1358 945 1457 1009 ita
1501 944 1845 1011 scribitur:
1915 945 2206 1011 Altera
2248 948 2457 1012 ratis
2500 984 2585 992 —-

288 1048 458 1116 huic
502 1054 898 1138 copulata
942 1058 1101 1133 est,
1161 1057 1265 1132 ut,
1327 1073 1498 1117 cum
1544 1052 1965 1136 elephanti
2010 1075 2155 1137 per
2199 1054 2584 1120 stabilem

287 1168 523 1225 ratem
555 1160 1408 1246 —praegredientibus
1451 1158 1779 1226 feminis
1825 1163 1991 1226 acti
2034 1161 2171 1227 ubi
2218 1163 2299 1228 in
2343 1165 2583 1230 mino-

287 1288 435 1332 rem
491 1269 1001 1353 applicatam
1055 1270 1564 1352 transgressi
1622 1276 1839 1349 sunt,
1897 1269 2302 1354 extemplo
2346 1308 2432 1315 —
2477 1273 2755 1347 ad(21'7)

287 1375 617 1442 alteram
671 1378 934 1461 ripam
992 1376 1386 1457 trahitur,
1456 1376 1569 1442 alii
1628 1375 1763 1441 ubi
1825 1377 2262 1458 sustulerunt,
2331 1401 2450 1463 pro
2497 1388 2584 1446 ut

285 1486 563 1568 reposito
632 1492 710 1550 et
768 1506 916 1550 cum
976 1484 1416 1550 deterioribus
1474 1485 1730 1569 aliquot
1796 1483 2163 1564 codicibus,
2237 1485 2375 1550 sine
2446 1486 2583 1552 ulla

281 1592 736 1674 probabilitate
805 1593 1047 1686 (neque
1115 1594 1286 1657 enim
1358 1613 1595 1676 quum
1662 1627 1749 1635 -
1804 1594 2318 1675 transgressi
2397 1600 2583 1661 sunt

281 1697 392 1764 hoc
456 1699 601 1767 loco
669 1701 830 1767 ferri
897 1707 1121 1786 potest
1173 1720 1293 1783 pro
1361 1699 1873 1781 transgressi
1932 1700 2256 1783 essent),
2326 1702 2441 1766 alii
2496 1711 2582 1769 ut

286 1827 463 1887 cum3
529 1808 691 1873 mihi
764 1814 888 1874 est
942 1816 1029 1874 ut
1087 1829 1256 1873 cum
1312 1814 1530 1871 ortum
1585 1806 1849 1872 videtur
1905 1828 1984 1871 ex
2038 1805 2164 1871 hac
2220 1810 2577 1893 scriptura:

305 1951 358 1960 —
400 1918 786 2000 copulata
831 1924 979 1997 ⁰⁸¹3
1024 1924 1173 1978 tun
1221 1915 1666 2000 elephanti,
1712 1915 2005 1995 —acti,
2051 1915 2579 1983 ubi—trans-

288 2025 535 2105 gressi
583 2031 804 2104 sunt,
854 2025 1256 2107 extemplo
1305 2029 1426 2088 cet.

438 2130 596 2218 Cap.
646 2137 759 2211 33,
817 2138 856 2196 4
913 2131 1092 2216 quod
1144 2134 1213 2196 in
1274 2131 1611 2196 codicibus
1672 2131 2014 2197 scribitur:
2074 2131 2349 2216 (Alpini)
2407 2155 2579 2217 per-

284 2240 527 2305 versis
597 2240 949 2325 rupibus
1017 2242 1248 2305 iuxta
1316 2240 1536 2304 invia
1602 2260 1695 2303 ac
1769 2239 2003 2304 devia
2058 2239 2385 2305 adsueti
2444 2240 2577 2307 de-

285 2354 632 2427 currunt,
715 2348 1145 2432 depravatum
1213 2369 1356 2413 esse
1423 2344 1847 2412 manifestum
1917 2353 2048 2428 est:
2125 2369 2279 2413 nam
2342 2370 2576 2432 neque,

285 2472 663 2534 perversae
718 2477 966 2540 rupes
1013 2476 1158 2539 quae
1204 2457 1353 2535 sint,
1408 2454 1831 2538 intellegitur,
1879 2476 2094 2537 neque
2141 2455 2576 2523 decurrere

282 2561 486 2627 invia
543 2585 633 2628 ac
680 2565 918 2629 devia
963 2565 1028 2629 in
1073 2584 1272 2649 prosa
1317 2563 1619 2628 oratione
1666 2563 1938 2644 dicitur,
1996 2564 2122 2629 etsi
2168 2572 2365 2649 poeta
2411 2566 2577 2632 dixit

285 2669 710 2739 decurrere
780 2671 983 2738 vada
1050 2672 1359 2754 (hiniiber
1424 2671 1730 2754 gleiten);
1797 2694 1951 2736 nam
2019 2673 2376 2756 spatium
2443 2674 2575 2739 de-

281 2797 586 2845 currere
657 2781 814 2862 (boc
885 2787 1016 2861 est,
1077 2780 1423 2863 conficere)
1491 2781 1688 2863 longe
1725 2779 1951 2845 -aliter
2007 2779 2266 2845 dicitur.
2379 2781 2574 2847 Vide-

279 2891 377 2950 tur
436 2887 656 2954 Livius
723 2890 1093 2972 scripsisse:
1162 2889 1665 2954 transversis
1730 2887 2071 2972 rupibus
2139 2910 2283 2972 per
2347 2890 2575 2954 iuxta

280 2992 482 3061 invia
557 3017 646 3062 ac
726 2996 962 3061 devia
1036 2995 1483 3060 decurrunt
1558 2997 2075 3080 praepositioque
2143 3017 2284 3078 per
2350 2999 2573 3063 nescio

282 3122 399 3184 quo
455 3125 611 3169 casu
667 3106 952 3169 traiecta
1007 3105 1200 3168 alteri
1249 3103 1533 3186 (trans)
1579 3105 1902 3169 nocuisse.
2008 3102 2572 3187 [Transversis

282 3209 399 3274 iam
441 3210 790 3295 Bauerus]
2420 3297 2423 3300 .

434 3318 587 3405 Cap.
626 3325 730 3401 34,
775 3326 816 3383 4
862 3321 1175 3404 quoniam
1221 3326 1289 3385 et
1334 3320 1535 3385 ceteri
1581 3318 1858 3384 turbant
1903 3326 1969 3384 et
2001 3319 2574 3387 Weissenbornius

280 3422 872 3494 Drakenborchium
919 3448 1199 3512 sequens
1244 3426 1697 3492 incredibilem
1742 3426 1935 3510 fingit
1970 3428 2389 3492 omissionem
2422 3451 2574 3513 par-

282 3533 480 3600 ticulae
535 3536 711 3614 sed,
771 3535 1121 3601 dicendum
1168 3542 1300 3616 est,
1359 3535 1562 3601 verba
1607 3535 1702 3600 sic
1748 3536 2050 3619 coniungi
2097 3535 2367 3602 debere:
2440 3558 2573 3621 ag-

280 3642 473 3708 mine
531 3665 1045 3729 nequaquam
1102 3650 1191 3708 ut
1245 3645 1462 3708 inter
1517 3649 1862 3727 pacatos
1921 3645 2379 3727 composito
2427 3644 2572 3727 (sed

283 3752 813 3829 quemadmodum
858 3753 1271 3836 componitur
1313 3752 1487 3816 inter
1530 3750 1800 3816 hostilia
1844 3758 1911 3816 et
1954 3751 2211 3831 infesta,
2272 3760 2463 3819 caute
2507 3760 2573 3818 et
2642 3774 2650 3782 ·

285 3855 359 3920 ad
400 3862 598 3926 aciem
644 3859 955 3927 celeriter
999 3858 1414 3925 efficiendam
1460 3858 1663 3943 apte).

436 3964 586 4053 Cap.
649 3973 764 4047 35,
850 3971 929 4032 12
1010 3968 1078 4032 in
1155 3967 1496 4033 codicibus
1565 3968 1661 4032 sic
1729 3966 2072 4032 scribitur:
2162 3973 2251 4032 ut
2314 3989 2570 4053 neque

284 4076 670 4142 sustinere
731 4097 814 4141 se
873 4075 967 4141 ab
1025 4074 1267 4159 lapsu
1323 4079 1670 4158 possent
1724 4095 1896 4156 nec,
1967 4076 2102 4157 qui
2147 4075 2573 4159 paululum

333 4349 376 4414 ι)
411 4349 684 4420 [Remum
750 4353 823 4408 in
888 4370 1129 4422 aquam
1192 4354 1618 4420 sequeretur,
1683 4357 1961 4406 nantem
2016 4353 2346 4408 traxisse.
2444 4352 2568 4421 Ego

407 4454 620 4507 quoque
664 4439 980 4509 suspicatus
1026 4456 1181 4492 eram
1223 4441 1502 4492 nantem
1549 4453 1619 4490 ex
1661 4454 1837 4492 nans
1874 4443 2080 4506 ortum,
2118 4449 2291 4508 quum
2325 4454 2571 4493 nause-

408 4530 725 4590 queretur
759 4525 1034 4594 scriptum
1071 4519 1264 4592 esset]
