3230 5282
1482 635 1608 696 457

391 825 592 903 captu
636 825 940 897 remotae,
1008 817 1199 883 bonis
1255 825 1322 882 et
1379 819 1670 901 antiquis
1727 820 1940 884 verbis
1998 819 2482 904 comprehensae
2528 826 2700 884 cete-

388 927 617 1008 risque
672 926 1035 990 rectissime
1096 926 1382 990 inclusae.
1484 925 1879 992 Huiusmodi
1939 927 2054 991 illa
2099 934 2252 993 sunt
2295 928 2363 992 in
2407 926 2699 1006 XXXIV,

394 1039 463 1114 7,
520 1036 587 1114 2,
642 1033 757 1097 ubi
802 1033 1372 1098 Weissenbornius
1428 1034 1961 1117 interpolationis
2021 1038 2510 1104 accusationem
2558 1036 2702 1118 plu-

392 1142 579 1206 ribus
662 1142 945 1223 peragit,
1024 1139 1154 1205 hic
1233 1141 1485 1205 Romae
1552 1142 1834 1206 infimo
1902 1144 2210 1223 generi,
2278 1144 2702 1224 magistris

393 1250 790 1326 vicorum,
861 1248 941 1313 de
989 1248 1226 1331 quibus
1273 1270 1417 1331 quae
1465 1249 1658 1328 dicit,
1728 1252 2018 1333 permira
2063 1257 2235 1314 sunt.
2348 1251 2702 1332 Aptissime

396 1358 569 1420 enim
616 1356 688 1419 L.
735 1356 1060 1435 Valerius,
1108 1356 1292 1420 cuius
1336 1356 1452 1420 illa
1498 1365 1597 1421 est
1644 1358 1874 1434 oratic,
1920 1364 1992 1420 ut
2041 1358 2462 1435 demonstret,
2510 1377 2704 1439 quam

394 1462 528 1528 late
598 1468 829 1546 pateat
894 1484 1203 1546 purpurae
1270 1484 1455 1541 usus,
1526 1464 1797 1528 urbanis
1869 1465 2366 1547 magistratibus
2434 1464 2703 1526 munici-

400 1570 583 1653 pales
657 1554 987 1652 adiung‘it,
1054 1572 1154 1634 his
1222 1570 1511 1634 urbanos
1581 1570 1739 1650 (hic
1794 1563 2076 1652 Romae)
2137 1593 2219 1637 ne
2276 1572 2704 1652 magistratus

399 1678 681 1759 quidem,
739 1678 853 1741 sed
899 1679 1259 1743 ministros,
1363 1678 1462 1741 Ad
1508 1678 1754 1742 Valerii
1804 1686 2021 1742 autem
2068 1679 2706 1761 argument-ationem

399 1785 559 1868 quid
605 1786 909 1869 pertinet,
957 1772 1122 1868 quot
1166 1787 1231 1850 in
1281 1808 1449 1850 anno
1499 1786 1637 1850 dies
1684 1807 1978 1869 purpura
2023 1790 2124 1850 usi
2170 1787 2344 1850 siut?
2411 1786 2578 1850 Nam
2626 1805 2706 1848 ne

397 1894 598 1957 ceteri
679 1885 941 1977 quidem
1008 1894 1434 1974 magistratus
1502 1893 1958 1957 sacerdotesve
2028 1895 2153 1957 nisi
2223 1893 2405 1957 festis
2475 1892 2707 1955 diebus

398 2002 773 2083 praetextati
820 2007 1026 2064 erant.
1117 2001 1238 2065 1110
1285 2022 1437 2064 vero
1485 2000 1644 2063 nihil
1685 2001 2151 2078 incredibilius,
2198 2000 2377 2083 quod
2412 1997 2704 2074 XXXIV,

401 2111 509 2186 58,
573 2113 647 2171 12
693 2107 1062 2187 Bekkerus,
1118 2108 1705 2183 WeissenborniuS,
1761 2108 2067 2172 Hertzius
2114 2115 2447 2191 putarunt,
2506 2127 2709 2187 quum

402 2215 625 2279 Livius
695 2216 1069 2298 scripsisset
1128 2214 1448 2280 Graecas
1504 2217 1708 2279 Asiae
1777 2216 2051 2292 urbeS‚
2119 2224 2191 2279 ut
2251 2222 2350 2279 est
2405 2215 2471 2277 in
2531 2213 2583 2276 B
2643 2220 2710 2277 et

402 2323 780 2404 vulgaribus
860 2323 1013 2404 (etsi
1095 2323 1327 2386 horum
1406 2323 1641 2387 saltem
1718 2331 1854 2387 tres
1934 2323 2180 2387 habent
2246 2322 2564 2387 Graecas
2632 2327 2712 2384 et

402 2427 665 2510 Asiae),
735 2432 1097 2509 exstitisse,
1159 2432 1270 2511 qui
1315 2430 1775 2513 interpolando
1824 2430 2285 2509 substitueret,
2342 2429 2517 2510 quod
2564 2449 2598 2493 e
2643 2426 2709 2491 M

406 2546 738 2621 sumptum
818 2559 857 2601 a
936 2538 1209 2603 Gelenio
1289 2538 1373 2601 ad
1454 2537 2063 2603 Drakenborchium
2144 2545 2472 2602 servat-um
2551 2542 2712 2612 erat,

403 2645 609 2709 Asiae
666 2646 935 2724 urbes,
1005 2668 1171 2729 quae
1221 2645 1450 2711 Graii
1509 2647 1857 2710 nominis
1916 2648 2110 2723 sint,
2182 2647 2455 2727 antiquo
2518 2664 2709 2708 voca-

403 2752 558 2831 buli,
621 2752 801 2836 quod
848 2760 949 2818 est
993 2748 1299 2831 nomen,
1356 2775 1498 2829 usu,
1559 2755 1836 2834 antiqua
1879 2754 2190 2817 adiectivi
2235 2752 2467 2828 forma,
2514 2771 2709 2832 quam

402 2882 600 2943 prosa
671 2862 972 2925 oratione
1030 2861 1206 2925 bona
1262 2881 1391 2924 non
1452 2860 1708 2923 excludi
1768 2859 2100 2924 Ciceronis
2157 2860 2285 2924 loci
2340 2858 2709 2940 complures

406 2968 760 3031 ostendunt
805 2968 915 3048 (de
964 2968 1038 3031 R.
1087 2967 1156 3031 P.
1204 2968 1264 3045 Ι,
1324 2966 1356 3049 ξ
1406 2972 1506 3044 58,
1557 2967 1638 3045 11,
1688 2973 1746 3045 9,
1793 2966 1907 3045 111,
1962 2973 2057 3043 15,
2106 2967 2210 3044 VI,
2264 2971 2339 3029 16
2388 2986 2437 3029 s.
2487 2965 2705 3029 Somn.

412 3073 582 3155 Scip.
634 3096 685 3137 c.
736 3079 804 3153 3,
862 3075 940 3138 de
987 3074 1140 3139 Nat.
1189 3075 1381 3139 Deor.
1433 3074 1511 3150 II,
1572 3079 1672 3143 91.
1733 3074 1846 3151 ΙΙΙ,
1898 3078 1996 3152 53,
2046 3073 2125 3137 (10
2172 3073 2382 3136 Divin.
2431 3071 2515 3149 ΙΙ,
2577 3069 2706 3151 82).

410 3178 567 3260 Cap.
636 3184 741 3258 16,
803 3184 962 3242 1-2
1022 3182 1588 3246 Weissenbornius
1657 3187 1867 3246 totum
1934 3181 2091 3244 hoc:
2162 3180 2354 3244 Tria
2423 3200 2510 3243 eo
2581 3178 2708 3241 die

405 3286 873 3352 laudabilia
927 3287 1221 3354 fecisse
1280 3296 1620 3372 putatur
1677 3287 1930 3369 (Cato),
2000 3310 2231 3352 unum
2285 3322 2374 3331 —
2430 3287 2708 3362 iussit,

405 3415 484 3457 ex
530 3394 597 3457 M
643 3395 1039 3478 suppletum,
1086 3399 1272 3461 uncis
1319 3397 1600 3461 inclusit.
1686 3397 1887 3460 Nemo
1933 3396 2306 3460 huiusmodi
2353 3393 2711 3477 quidquam

407 3501 753 3565 additurus
802 3509 974 3582 erat3
1042 3503 1294 3582 Livius,
1364 3507 1692 3588 inspecto,
1760 3510 1836 3568 ut
1891 3525 1970 3566 ex
2032 3503 2243 3567 verbis
2300 3522 2711 3566 numerum

411 3628 563 3671 non
610 3608 1015 3675 adscribit
1061 3620 1359 3694 apparet,
1423 3611 1764 3693 Originum
1811 3611 1997 3687 libro,
2056 3610 2200 3689 hoc,
2249 3618 2324 3674 ut
2368 3610 2501 3673 alia
2544 3606 2713 3673 forte

409 3715 653 3786 oblata.
722 3739 851 3781 non
910 3718 1431 3783 commodissimo
1490 3719 1634 3783 loco
1694 3719 2106 3797 intertexuit3
2175 3739 2293 3782 nec
2352 3717 2712 3800 quidquam

406 3821 608 3901 valet,
676 3824 851 3906 quod
917 3825 1025 3889 hic
1098 3826 1356 3890 demum
1419 3827 1639 3890 Livius
1707 3827 1987 3909 procul
2056 3825 2396 3890 navibus
2469 3823 2712 3887 abduc-

406 3937 545 3994 tum
614 3933 975 3996 exercitum
1046 3932 1309 4012 scribit3
1379 3935 1636 4015 quoties
1705 3933 1874 3996 enirn
1944 3935 2084 4015 ipse
2146 3931 2713 3996 Weissenbornius

406 4036 682 4103 adnotat
735 4039 956 4104 Livius
1040 4049 1275 4123 postea
1343 4040 1742 4122 significare,
1814 4062 1960 4122 quae
2032 4060 2147 4103 suo
2215 4039 2365 4104 loco
2433 4040 2500 4102 in
2567 4038 2717 4119 ipsa

406 4146 502 4208 rei
558 4148 941 4212 narratione
1000 4169 1130 4212 non
1190 4149 1532 4230 posuerit?
1601 4148 1771 4222 Quid
1833 4149 1919 4211 sit
1974 4148 2039 4209 in
2099 4146 2318 4211 verbis
2378 4146 2472 4209 ad
2530 4166 2713 4227 por·

409 4261 569 4316 tam
617 4276 740 4318 nou
791 4257 1102 4332 accurati,
1148 4256 1390 4319 nescio.
1481 4254 1568 4317 Et
1615 4255 1843 4317 horum
1891 4254 2181 4317 locorum
2227 4254 2716 4336 comparatione

409 4365 476 4423 et
532 4382 651 4443 per
706 4383 776 4428 se
822 4363 1257 4427 certissimum
1306 4369 1434 4438 est,
1503 4384 1584 4426 ne
1641 4361 1751 4425 lib.
1800 4361 2106 4438 XXXIV,
2179 4364 2288 4437 35,
2357 4365 2395 4422 4
2455 4359 2713 4441 quidem

409 4468 582 4532 sine
657 4468 840 4535 dolo
897 4470 1100 4533 malo
1157 4468 1640 4551 interpretandi
1700 4488 1903 4531 causa
1964 4467 2371 4549 adscriptum
2429 4487 2569 4530 esse
2628 4464 2713 4528 ad
