3230 5282
619 600 742 661 Lib.
780 605 886 660 ΠΙ,
1098 594 1102 598 ’
1731 590 1813 651 90

623 779 811 845 nobis
856 776 1241 862 corrigenda
1283 777 1516 841 relicta
1562 780 1733 855 sunt,
1781 795 1862 840 ne
1908 774 1977 838 in
2013 773 2160 839 aliis
2197 772 2465 858 quidem
2502 773 2664 839 locis
2702 775 2911 858 magni

622 888 929 972 ponderis
975 908 1118 951 esse
1166 884 1380 965 debet,
1426 883 1604 969 quod
1649 904 1848 953 nemo,
1885 881 2100 948 adhuc
2147 880 2438 947 offendit.
2454 880 2510 963 ¹)

486 1008 594 1079 (74)
804 994 957 1079 Cap.
985 999 1084 1075 27,
1121 998 1157 1059 6
1193 993 1631 1077 suspicionem
1675 1012 1914 1075 ponam
1958 990 2356 1070 dubitanter,
2399 1011 2641 1074 ponam
2684 997 2912 1057 tamen.

624 1104 792 1169 Nam
849 1103 1026 1186 quod
1083 1104 1176 1167 sic
1221 1101 1560 1167 scribitur:
1628 1098 1826 1165 Inde
1886 1099 2344 1183 composito
2402 1100 2712 1182 agmine
2766 1122 2915 1165 non

624 1213 913 1277 itineri
958 1212 1206 1294 magis
1254 1210 1429 1293 apti
1473 1230 1704 1293 quam
1748 1207 2083 1292 proelio,
2129 1208 2194 1272 si
2238 1227 2371 1272 res
2405 1206 2523 1272 ita
2559 1207 2912 1286 tulisset,

624 1320 986 1404 legiones
1065 1321 1238 1403 ipse
1317 1317 1719 1396 dictator,
1810 1316 2210 1399 magister
2289 1316 2656 1400 equitum
2734 1338 2915 1382 suos

624 1450 660 1495 e
676 1430 903 1512 quite
921 1450 949 1494 s
998 1428 1240 1507 ducit,
1299 1426 1549 1505 dubito,
1610 1424 1838 1508 ipsene
1884 1424 2035 1504 duX,
2082 1425 2195 1507 qui
2241 1425 2599 1489 exercitum
2644 1423 2730 1489 ad
2772 1444 2918 1507 pro-

623 1536 1047 1621 grediendum
1125 1532 1626 1619 pugnandumve
1706 1533 2106 1616 composuit,
2183 1532 2432 1616 proelio
2510 1538 2627 1597 aut
2700 1533 2915 1598 itineri

625 1652 869 1729 aptus
913 1650 1091 1710 recte
1139 1643 1427 1723 dicatur3
1484 1662 1637 1705 nam
1684 1641 2167 1720 instructus,
2225 1642 2741 1724 compositus,
2797 1663 2918 1724 pa-

625 1776 711 1818 ra
730 1760 814 1818 tu
831 1775 860 1817 s
917 1751 1046 1817 dici
1102 1757 1352 1835 potest,
1418 1749 1575 1833 quia
1633 1770 1710 1813 ea
1765 1748 1965 1813 verba
2019 1747 2318 1813 habitum
2374 1747 2458 1813 ad
2502 1754 2759 1833 tempus
2805 1747 2918 1813 ali-

568 1886 572 1890 ·
625 1861 802 1945 quod
847 1867 1176 1944 sumptum
1223 1859 1542 1939 indicant,
1609 1877 1707 1940 ap
1723 1862 1751 1922 t
1767 1879 1809 1921 ιι
1826 1879 1887 1937 s,
1957 1877 2156 1939 quum
2214 1854 2295 1921 de
2350 1855 2616 1921 homine
2662 1856 2916 1936 dicitur,

624 1976 1011 2053 perpetuum
1064 1967 1362 2033 habitum
1421 1972 1487 2031 et
1539 1966 1873 2047 ingenium
1921 1963 2267 2047 significat.
2369 1963 2505 2029 Nec
2548 1964 2765 2049 placet
2809 1964 2917 2030 ab·

626 2077 838 2143 solute
916 2078 1009 2142 sic
1091 2075 1220 2140 dici
1303 2075 1695 2140 dictatorem
1774 2078 1840 2137 et
1904 2073 2289 2155 magistrum
2355 2072 2648 2154 equitum
2715 2094 2799 2138 co
2815 2096 2918 2137 m-

625 2209 666 2270 p
686 2208 721 2250 o
741 2186 900 2251 sito
946 2184 1259 2268 agmine
1305 2183 1452 2261 isse,
1511 2182 1700 2264 quasi
1747 2180 2103 2245 cavendum
2145 2179 2359 2260 fuerit,
2403 2200 2484 2245 ne
2531 2179 2917 2246 dissolutum

628 2300 695 2359 et
773 2293 1117 2358 disiectum
1197 2290 1510 2376 habuis-se
1577 2294 1985 2372 putarentur.
2110 2288 2479 2354 Videndum
2544 2289 2773 2372 igitur,
2840 2309 2918 2352 ne

625 2402 843 2465 Livius
891 2399 1258 2483 scripserit:
1326 2397 1518 2461 Inde
1565 2398 2022 2481 composito
2069 2397 2389 2479 agmine
2433 2416 2584 2461 non
2629 2397 2917 2461 itineri

628 2510 877 2592 magis
934 2513 1103 2589 apte
1161 2527 1390 2589 quam
1446 2504 1795 2588 proeli0,
1855 2506 1921 2570 si
1979 2526 2107 2569 res
2164 2506 2282 2569 ita
2346 2504 2716 2584 tulisset,
2778 2510 2918 2582 cet„

628 2618 847 2684 dativo
884 2617 969 2683 ad
993 2615 1378 2682 adverbium
1414 2612 1928 2693 accommodam,
1966 2613 2296 2698 quomodo
2321 2612 2556 2694 XXXI,
2581 2619 2639 2692 5,
2665 2617 2701 2678 5
2727 2612 2919 2679 dixit:

631 2731 1088 2810 opportune
1158 2722 1601 2788 irritandis
1660 2721 1966 2787 animiS.
2080 2721 2425 2803 Similiter,
2494 2733 2823 2788 conversa·
2856 2723 2924 2786 in

628 2832 828 2899 aliam
871 2840 1127 2916 partem
1173 2832 1512 2910 sententia,
1567 2829 1894 2911 XXXVII,
1953 2833 2053 2910 21,
2100 2834 2137 2894 2
2183 2829 2574 2896 Macedones
2619 2830 2926 2895 dicuntur

631 2942 846 3008 abisse
935 2940 1252 3025 agmine
1344 2939 1440 3005 ad
1519 2940 1684 3004 iter
1757 2939 2016 3021 magis
2097 2960 2324 3023 quam
2405 2939 2501 3004 ad
2580 2961 2926 3024 pugnam

631 3047 1187 3134 composjt0.2)

801 3157 900 3223 Ne
965 3157 1034 3222 id
1099 3157 1363 3242 quidem
1430 3153 1892 3234 omittendum,
1963 3154 2216 3220 Livium
2281 3154 2348 3218 in
2406 3154 2534 3220 hoc
2586 3153 2757 3220 libro
2802 3155 2925 3233 bis,

631 3268 756 3332 hoc
816 3267 1034 3351 capite
1081 3264 1115 3348 g
1163 3269 1199 3329 3
1248 3272 1314 3331 et
1361 3285 1413 3329 c.
1462 3267 1573 3343 63,
1635 3268 1671 3328 6
1716 3264 2098 3328 Martium
2157 3283 2519 3347 campum
2575 3262 2927 3347 appellare,

632 3397 828 3459 quem
873 3373 1032 3440 alibi
1078 3393 1334 3456 semper
1379 3369 1473 3452 (in
1517 3371 1644 3436 hoc
1688 3373 1834 3456 ipso
1879 3371 2048 3436 libro
2099 3375 2197 3450 10,
2265 3376 2292 3435 1
2345 3377 2412 3435 et
2457 3375 2555 3450 69,
2614 3375 2673 3451 6,
2730 3371 2782 3451 Ι,
2824 3376 2929 3450 44,

689 3482 876 3562 „IV
937 3485 1049 3561 22,
1106 3478 1172 3561 7)
1236 3500 1379 3544 cum
1426 3478 1574 3544 aliis
1621 3500 1834 3562 prosse
1881 3479 2195 3545 orationis
2244 3479 2680 3563 scriptoribus
2725 3500 2934 3545 cam-

691 3700 736 3765 ¹)
771 3700 857 3754 De
894 3701 1070 3766 c.24,
1132 3702 1194 3754 10
1247 3699 1364 3752 dixi
1408 3698 1610 3768 Opusc.
1660 3699 1834 3753 Acad.
1880 3699 1935 3752 11
1985 3717 2040 3769 p.
2085 3701 2183 3754 221
2238 3698 2529 3768 secutique
2581 3702 2712 3753 sunt
2756 3698 2941 3753 Weis-

771 3784 1104 3840 senborm‘us
1140 3788 1194 3839 et
1229 3784 1505 3838 Hertzius.

685 3871 736 3937 ²)
777 3869 931 3939 [Qnae
969 3870 1038 3925 de
1075 3869 1107 3941 ξ
1142 3874 1166 3924 1
1204 3869 1368 3924 huius
1405 3869 1604 3939 capitis
1645 3869 1976 3939 scripseram
2005 3869 2341 3940 (patriciae
2377 3871 2613 3940 gentis
2650 3870 2766 3924 sed
2801 3871 2941 3939 qui,

770 3973 874 4026 pro
915 3974 1023 4026 quo
1065 3961 1131 4011 et
1166 3957 1280 4025 qui
1315 3956 1687 4024 requirebam)
1723 3961 2059 4025 secutusque
2097 3956 2264 4010 etiam
2306 3958 2437 4011 1873
2475 3974 2645 4024 eram,
2682 3958 2793 4010 iam
2818 3972 2945 4010 non

771 4047 937 4097 teneo
984 4043 1351 4112 concedoque
1386 4042 1610 4096 Livium
1647 4041 1891 4111 primum
1933 4042 2003 4096 ab
2042 4042 2148 4096 hac
2188 4042 2487 4096 sententiae
2527 4041 2712 4096 forma
2745 4042 2943 4096 animo

773 4132 1072 4197 concepta:
1111 4127 1425 4197 patriciae
1465 4127 1714 4196 gentis,
1756 4127 1873 4183 sed
1901 4128 2015 4197 qui
2049 4127 2403 4197 stipendia
2430 4127 2716 4197 pedibus
2743 4143 2949 4198 prop-

772 4218 880 4268 ter
900 4218 1378 4283 paupertatem
1404 4212 1711 4280 fecisset,
1732 4213 1936 4268 deinde
1964 4231 2066 4268 suo
2085 4213 2186 4267 illo
2206 4230 2363 4268 more
2381 4212 2460 4267 sic
2480 4230 2675 4281 quum
2695 4213 2951 4283 interpo-

773 4299 969 4366 suisse,
1004 4303 1067 4353 ut
1099 4303 1291 4353 tamen
1327 4299 1448 4353 sed
1482 4298 1767 4353 retineret.
1831 4297 1975 4353 Nam
2013 4315 2301 4368 quousque
2337 4298 2578 4352 licentiae
2618 4304 2674 4352 et
2709 4297 2948 4352 duritiae

774 4385 834 4439 in
897 4384 1005 4438 hoc
1065 4400 1268 4457 gepere
1328 4383 1698 4454 processerit,
1761 4385 1995 4454 exposui
2048 4400 2224 4453 nuper
2273 4383 2473 4438 Kleine
2526 4383 2955 4454 philologische

776 4469 1060 4526 Schriften
1093 4487 1148 4539 p.
1186 4471 1288 4523 359
1323 4475 1379 4523 et
1414 4466 1554 4537 371]
