3230 5282
1409 591 1532 652 529
2185 605 2305 658 Lib.
2343 605 2622 658 XXXVII.

490 774 648 856 Cap.
697 778 765 851 3,
825 781 863 837 4
908 781 1043 839 tam
1100 773 1483 839 incredibile
1545 782 1648 839 est
1691 774 1942 838 Livium
1990 774 2284 840 obsoleto
2330 778 2622 841 nomina-

301 883 452 946 tivo
510 882 779 945 carnis
837 903 1027 946 usum
1082 902 1251 958 esse,
1317 888 1393 945 ut
1448 883 1742 964 suspicer
1799 882 2117 964 scriptum
2172 882 2370 947 fuisse
2430 903 2621 965 pars

317 990 619 1066 carnis,
689 988 806 1053 sed
867 989 1048 1070 prius
1105 1009 1342 1053 nomen
1400 996 1553 1053 ante
1608 988 1931 1053 Prisciani
1976 996 2238 1053 aetatem
2286 989 2621 1054 excidisse.

319 1095 566 1176 (1865.)
615 1093 770 1178 Cap.
800 1100 857 1174 9,
895 1100 932 1160 6
959 1096 1375 1161 scribendum
1400 1096 1662 1179 opinor:
1692 1116 1859 1160 cum
1898 1097 2249 1178 triginta
2282 1096 2622 1162 navibus

314 1203 477 1264 suis
556 1210 635 1268 et
721 1209 1030 1287 septem
1101 1202 1790 1286 quadriremibus,
1869 1223 2066 1284 quas
2150 1223 2405 1268 secum
2472 1203 2624 1268 Eu·

318 1330 583 1374 menes
630 1330 765 1374 rex
810 1310 1280 1375 adduxerat.
1373 1308 1622 1390 (1865.)

489 1416 645 1502 Cap.
698 1421 804 1494 12,
867 1421 938 1479 11
991 1414 1100 1496 (de
1146 1416 1358 1481 classe
1403 1416 1849 1482 Romanorum
1895 1424 1962 1482 et
2006 1416 2371 1496 Eumenis):
2431 1416 2623 1482 Inde

309 1524 386 1605 (a
444 1522 724 1607 Corch,
772 1523 1076 1589 Teiorum
1123 1523 1603 1607 promuntorio)
1664 1545 1894 1607 quum
1941 1525 2019 1589 in
2074 1525 2437 1607 proxima
2483 1524 2622 1590 Sa-

315 1632 487 1696 miae
543 1631 857 1696 vellent
899 1632 1329 1708 traiicere,
1398 1651 1554 1695 non
1613 1638 2091 1714 exspectato
2149 1631 2350 1696 solis
2407 1639 2622 1711 ortu,

318 1761 410 1803 ex
468 1760 619 1820 quo
681 1744 988 1805 statum
1045 1738 1219 1803 caeli
1276 1744 1567 1802 notare
1611 1738 2208 1820 gubernatores
2254 1746 2622 1821 possent,

315 1847 394 1910 in
453 1848 860 1911 incertam
905 1851 1477 1929 tempestatem
1528 1846 1942 1910 miserunt.
2045 1846 2219 1911 Fieri
2263 1852 2502 1929 potest,
2552 1852 2624 1910 ut

313 1952 510 2017 fallat
553 1973 671 2017 nos
716 1954 1054 2037 proprium
1101 1953 1195 2017 rei
1241 1953 1488 2017 navalis
1531 1951 1840 2034 loquendi
1884 1973 2119 2034 genus;
2166 1954 2367 2018 miror
2403 1962 2622 2019 tamen

317 2060 490 2125 hunc
555 2061 737 2125 verbi
796 2061 1130 2125 mittere
1188 2081 1380 2125 usum
1437 2059 1752 2124 adiuncta
1810 2061 1884 2123 in
1944 2060 2436 2142 praepositione,
2504 2060 2621 2125 du-

316 2168 611 2250 bitoque,
660 2189 744 2232 an
790 2168 1010 2232 Livius
1071 2168 1443 2250 scripserit:
1490 2167 1567 2231 in
1602 2169 1999 2231 incertam
2044 2173 2622 2250 tempestatem

318 2276 620 2354 ierunt,
676 2283 1054 2357 posteaque,
1110 2275 1444 2356 geminata
1488 2295 1708 2339 errore
1752 2272 1981 2339 littera
2026 2295 2102 2353 n,
2151 2297 2229 2339 ex
2275 2277 2622 2341 mierunt

319 2388 540 2447 ortum
587 2384 675 2447 sit
719 2384 1128 2447 miserunt.

492 2488 647 2572 Cap.
697 2491 809 2568 20,
884 2493 920 2554 3
978 2497 1045 2553 et
1101 2496 1139 2553 4
1198 2489 1306 2569 (de
1365 2489 1681 2571 Pergamo
1741 2489 2041 2569 obsesso)
2102 2491 2316 2555 oratio
2373 2492 2467 2556 sic
2525 2491 2622 2555 di-

316 2597 650 2681 iungenda
696 2604 761 2663 et
808 2596 1257 2662 continuanda
1302 2604 1428 2662 est:
1477 2596 1604 2661 Ita
1649 2595 1915 2662 libera
1960 2596 2053 2662 ab
2101 2604 2330 2679 tergo
2379 2618 2621 2682 popu-

319 2706 526 2770 latio
575 2713 770 2770 erat.
863 2704 1106 2768 Nullo
1154 2704 1249 2768 ab
1296 2704 1517 2780 urbe,
1575 2724 1669 2767 ne
1716 2705 1792 2767 in
1838 2704 2252 2769 stationes
2299 2706 2623 2786 quidem

313 2813 457 2894 qui
504 2812 787 2895 procul
833 2811 1367 2889 iacularetur,
1437 2816 1953 2889 excurrente,
2020 2817 2443 2893 postquam
2491 2833 2613 2877 se·
2648 2827 2789 2892 (42¹7)

316 2919 468 2984 mel
526 2918 921 3001 compulsi
977 2927 1188 2983 metu
1250 2939 1332 2982 se
1380 2916 1794 2982 moenibus
1841 2917 2387 2995 incluserunt,
2447 2938 2620 2983 con·

317 3035 674 3110 temptus
733 3047 999 3090 eorum
1053 3060 1141 3069 —-
1195 3024 1402 3107 apud
1460 3024 1727 3105 regios
1786 3024 2070 3087 oritur.
2184 3022 2618 3107 Contemptus

254 3159 264 3167 ·
315 3142 510 3199 natus
547 3140 665 3211 est,
713 3154 841 3197 non
885 3139 1238 3216 postquam
1283 3152 1352 3195 se
1399 3130 1826 3207 incluserunt,
1872 3130 1987 3194 sed
2034 3130 2227 3211 quod,
2272 3138 2621 3213 postquam

316 3241 517 3307 semel
562 3262 630 3304 se
676 3239 1111 3317 incluserunt,
1180 3259 1370 3302 nemo
1429 3238 1695 3302 omnino
1752 3236 2156 3300 excurrebat.
2267 3237 2368 3301 Ad
2413 3258 2619 3320 popu·

316 3349 631 3413 lationem
709 3353 862 3430 post
927 3354 1115 3428 terga
1179 3346 1509 3425 regiorum
1574 3342 1737 3406 nihil
1782 3342 2232 3425 impedimenti
2299 3344 2620 3409 adlaturae

313 3462 508 3520 erant
553 3452 1070 3532 excursiones.¹)

373 3722 418 3785 ¹)
459 3719 612 3790 [Cap.
655 3725 734 3788 17,
772 3727 805 3776 6
839 3741 944 3792 pro
982 3722 1377 3790 effugerent
1411 3720 1472 3774 M
1509 3720 1810 3788 effugere
1846 3720 2126 3787 vellent,
2163 3736 2232 3772 ex
2269 3736 2378 3787 quo
2416 3719 2618 3773 facien-

454 3806 588 3859 dum
627 3806 940 3876 effugere
975 3808 1203 3861 velint
1238 3807 1310 3860 ob
1349 3807 1492 3860 sint
1528 3810 1585 3859 et
1620 3809 1955 3858 maneant.
1993 3804 2229 3873 Cap.23‚
2269 3807 2303 3857 2
2337 3821 2440 3873 pro
2476 3822 2617 3874 pro-

453 3891 782 3945 viderent
816 3892 1175 3947 scribendum
1217 3891 1536 3945 necessario
1579 3889 2071 3959 providerant3
2128 3894 2295 3944 antea
2330 3891 2618 3957 provisum

453 3982 792 4044 oportuerat.
885 3976 1012 4045 Cap.
1052 3979 1136 4041 25,
1184 3979 1216 4030 5
1250 3975 1562 4029 Antiochus
1606 3975 1810 4028 litteris
1846 3974 2144 4028 transitum
2180 3975 2240 4028 in
2275 3975 2466 4027 Asiam
2501 3974 2611 4028 Ro-

453 4078 751 4114 manorum
805 4062 1150 4130 increpuisse
1205 4061 1433 4115 dicitur:
1487 4058 1739 4112 Venire
1787 4075 1901 4112 eos
1964 4059 2043 4112 ad
2108 4059 2333 4112 omnia
2396 4075 2609 4127 regna

453 4145 795 4211 tollenda,
851 4150 924 4199 ut
967 4146 1228 4199 nullum
1266 4161 1544 4213 usquam
1583 4144 1774 4196 orbis
1810 4149 2145 4196 terrarum
2190 4143 2327 4196 nisi
2363 4141 2611 4197 Roma·

453 4247 606 4283 num
643 4231 1005 4300 imperium
1042 4236 1241 4284 esset„
1313 4228 1578 4282 Fortasse
1628 4227 1984 4282 scribendum
2022 4244 2304 4296 usquam
2339 4228 2407 4280 in
2454 4228 2613 4281 orbe

453 4320 812 4379 terrarum3
867 4315 1094 4369 volebat
1128 4313 1446 4368 Antiochus
1493 4312 1602 4366 alia
1645 4317 1854 4380 proeter
1904 4313 2217 4366 Romanum
2269 4312 2510 4379 relinqui
2555 4312 2616 4364 in

447 4400 588 4453 orbe
625 4405 899 4453 terrarum
935 4400 1193 4468 imperia,
1238 4416 1354 4452 non
1392 4398 1502 4450 alia
1539 4396 1692 4450 orbis
1728 4402 2003 4449 terrarum
2048 4397 2297 4464 imperia.
2374 4394 2542 4462 1865]

2089 4502 2155 4550 34

1239 4882 2305 5164 sex
