3230 5282
612 609 747 664 Lib.
785 608 928 663 XLI.
1709 597 1832 657 608

802 781 961 865 Cap.
1014 785 1110 861 11,
1165 786 1191 844 1
1265 803 1462 865 quum
1530 783 1596 845 in
1666 781 1889 846 codice
1956 781 2311 846 scribatur:
2378 781 2671 847 Paucis
2739 789 2923 848 ante

615 890 918 955 diebus
964 889 1247 955 Iunius
1295 888 1814 971 Manliusque
1861 889 2239 974 oppidum
2285 896 2361 954 et
2395 891 2731 955 mattius
2769 890 2926 970 (Ne-

612 997 932 1079 sactium)
977 1033 1046 1043 —
1109 1018 1414 1063 summa
1457 999 1528 1060 vi
1575 1004 2052 1081 oppugnant
2087 997 2259 1076 (edd.
2298 1000 2926 1083 oppugnarunt),

629 1105 999 1172 faciendum
1023 1106 1280 1170 videtur
1305 1127 1456 1190 opp
1471 1128 1511 1169 ιι
1526 1127 1566 1187 g
1578 1129 1622 1169 n
1637 1127 1678 1170 a
1692 1128 1725 1170 r
1739 1127 1779 1170 a
1791 1128 1832 1170 n
1848 1113 1877 1169 t
1891 1131 1905 1184 ;
1931 1127 2085 1170 nam
2106 1127 2396 1190 praesens
2420 1114 2677 1191 tempus
2701 1116 2931 1191 aperte

612 1215 983 1280 -excludunt
1026 1214 1167 1278 illa:
1235 1214 1521 1279 Paucis
1581 1220 1769 1278 ante
1826 1214 2130 1279 diebus.
2221 1215 2437 1280 Medio
2485 1216 2702 1298 capite
2749 1213 2809 1298 (ἓ
2857 1215 2925 1297 6)

624 1345 870 1402 vereor,
917 1330 991 1388 ut
1035 1329 1213 1388 recte
1249 1322 1605 1387 scribatur:
1656 1323 1887 1387 cuius
1923 1322 2205 1407 (oppidi)
2244 1323 2463 1407 capti
2498 1323 2929 1388 tumultum

607 1440 711 1497 ut
756 1454 844 1496 ex
891 1431 1058 1512 (cod.
1108 1431 1400 1496 tumuli
1462 1431 1583 1513 ex)
1652 1431 1949 1514 pavido
2018 1431 2372 1497 clamore
2436 1431 2929 1513 fugientium

627 1541 951 1624 accepit
994 1561 1149 1619 rex,
1194 1540 1539 1604 traiecit
1581 1539 1799 1604 ferro
1846 1547 2155 1624 pectus;
2211 1560 2424 1623 neque
2470 1541 2638 1603 enim
2688 1540 2931 1605 tumul-

608 1655 731 1712 tus
800 1670 876 1713 ex
946 1647 1232 1713 clamore
1301 1647 1453 1729 (hoc
1521 1655 1626 1712 est
1669 1669 1905 1732 prope,
1975 1669 2053 1712 ex
2111 1647 2427 1728 tumultu)
2484 1649 2691 1732 accipi
2749 1657 2931 1714 recte

624 1757 886 1821 dicitur.
974 1756 1301 1821 Praestare
1346 1756 1631 1821 videtur:
1680 1758 1912 1821 cuius
1960 1757 2190 1840 capti
2235 1757 2607 1821 nuntium
2649 1756 2787 1821 ubi
2836 1779 2929 1822 ex

625 1887 794 1948 pav,
865 1865 953 1930 cl.
1023 1871 1147 1930 cet.
1251 1863 1518 1947 [Immot
1589 1865 1821 1929 cuius
1890 1865 2105 1947 capti
2164 1865 2589 1928 interitum
2653 1873 2739 1929 ut
2804 1872 2929 1930 cet.

629 1972 797 2038 Nam
843 1995 924 2038 ne
969 1975 1238 2038 nuntius
1284 1973 1548 2055 quidem
1596 1994 1677 2037 ex
1720 1973 2003 2037 clamore
2049 1972 2385 2055 accipitur.
2480 1970 2695 2055 1864]

797 2080 955 2165 Cap.
988 2085 1182 2160 12,9:
1219 2081 1561 2164 Ligures
1607 2116 1694 2126 —
1739 2083 1815 2145 in
1872 2087 2186 2145 montes
2230 2079 2712 2164 refugerunt
2755 2104 2933 2167 pas-

619 2190 798 2268 sim,
843 2189 1440 2274 populantique
1485 2196 1989 2272 campestres
2037 2209 2271 2271 agros
2316 2190 2639 2254 consuli
2698 2190 2933 2256 nulla

609 2319 962 2380 usquam
1007 2304 1572 2381 apparuerunt
1619 2318 1850 2361 arma.
1917 2297 2144 2379 Neque
2191 2297 2374 2362 locus
2420 2297 2711 2363 adverbii
2760 2321 2935 2383 pas·

630 2406 771 2469 sim
818 2406 1034 2488 placet
1079 2405 1460 2489 (praestaret
1505 2407 1707 2470 enim:
1776 2407 2081 2490 passim
2125 2406 2205 2469 in
2249 2413 2557 2471 montes
2614 2408 2937 2489 refuge·

629 2514 848 2594 runt)
904 2535 1118 2598 neque
1162 2521 1348 2578 recta
1391 2522 1505 2578 aut
1549 2515 1645 2578 rei
1690 2523 1849 2597 apta
1895 2514 2225 2579 sententia
2270 2521 2399 2594 est3
2459 2535 2613 2578 nam
2655 2536 2787 2580 una
2829 2517 2940 2580 via

627 2621 940 2687 abierunt
984 2623 1257 2705 Ligures
1311 2623 1376 2688 in
1437 2629 1720 2700 monteS‚
1787 2644 1917 2687 non
1973 2623 2220 2706 passim
2276 2645 2393 2706 per
2451 2644 2646 2705 agros
2695 2624 2937 2710 dilapsi

634 2738 805 2795 sunt.
878 2730 1304 2797 Scribendum
1353 2753 1493 2796 esse
1541 2734 1776 2815 opinor
1810 2731 2219 2815 transposito
2266 2752 2445 2813 que:
2492 2733 2573 2797 in
2615 2740 2936 2799 montes

627 2839 1122 2921 refugerunt,
1166 2841 1635 2924 passimque
1674 2839 2109 2923 populanti
2147 2846 2647 2924 campestres
2694 2862 2934 2924 agros

545 2968 550 2973 ·
626 2948 950 3012 consuli
1019 2955 1140 3013 cet.
1231 2947 1477 3013 Eadem
1548 2948 1875 3030 particula
1939 2947 2342 3030 transposita
2406 2954 2505 3013 est
2569 2948 2692 3014 hoc
2760 2950 2932 3016 libro

630 3076 684 3119 c.
734 3060 832 3134 23,
883 3061 918 3120 6
968 3056 1134 3137 (cod.
1183 3057 1741 3139 gravissimam
1800 3056 2309 3138 omniumque
2365 3077 2485 3140 pro
2531 3059 2933 3141 gravissi-

631 3185 990 3248 mamque
1061 3163 1451 3245 omnium),
1509 3163 1707 3241 XLII,
1758 3168 1858 3242 51,
1909 3166 1945 3226 3
1994 3163 2164 3243 (cod.
2225 3165 2477 3229 omnis
2544 3173 2933 3231 armatos-

630 3294 781 3354 que
808 3294 925 3355 pro
960 3294 1388 3355 omnesque
1427 3270 2470 3351 armatos),XLII‚4extr.(cod.
2498 3273 2587 3339 de
2624 3274 2932 3339 discor-

631 3381 790 3444 diis
841 3380 1392 3445 seditionibus
1433 3381 1763 3462 suisque
1799 3401 1917 3462 pro
1969 3379 2059 3443 de
2108 3379 2295 3445 disc.
2339 3381 2929 3446 seditionibus·

629 3508 785 3571 que
832 3486 911 3569 s.)
951 3492 1161 3565 et.58,
1209 3491 1244 3551 9
1288 3487 1457 3568 (cod.
1495 3488 1861 3570 equitum
1907 3508 2316 3571 sacraeque
2363 3488 2486 3553 ale
2531 3510 2650 3573 pro
2701 3486 2927 3571 equi-

631 3603 959 3678 tumque
1005 3616 1249 3660 sacrae
1295 3592 1487 3677 alae),
1576 3595 1801 3674 XLIV,
1857 3599 1950 3673 16,
2002 3600 2073 3658 11
2135 3596 2305 3676 (cod.
2342 3595 2775 3661 basilicam
2808 3596 2927 3662 fa·

632 3703 1153 3785 ciendamque
1212 3725 1331 3787 pro
1378 3702 1976 3787 basilicamque
2032 3702 2534 3786 faciendam),
2588 3705 2781 3785 XLV,
2833 3710 2927 3783 11,

628 3814 668 3874 8
715 3816 781 3874 et
827 3814 924 3885 39,
977 3815 1071 3873 18.

811 3918 967 4002 Cap.
1024 3922 1117 3993 16,
1167 3923 1203 3980 2
1254 3918 1479 4000 (quum
1526 3917 1830 4000 religioni
1877 3918 2140 4000 fuisset,
2198 3921 2369 4002 quod
2424 3922 2490 3986 in
2539 3943 2668 3986 una
2712 3921 2929 3987 hostia

636 4027 1065 4108 magistratus
1112 4026 1484 4091 Lanuvinus
1544 4033 1850 4109 precatus
1917 4048 2048 4091 non
2105 4034 2279 4093 esset
2334 4029 2574 4113 populo
2630 4030 2926 4095 Romano

776 4298 962 4352 civit.
1005 4295 1059 4366 [ᾗ
1113 4299 1146 4352 6
1199 4315 1313 4353 ιιοιι
1367 4302 1519 4351 recte
1573 4295 1803 4366 fugam
1852 4298 2154 4354 alicuius
2209 4300 2477 4356 iactare
2531 4300 2763 4369 dicitur,
2828 4301 2926 4370 qui

772 4398 963 4436 severe
995 4382 1381 4452 reprehendit3
1428 4383 1485 4436 in
1522 4382 1718 4436 codice
1767 4383 2031 4438 scribitur
2067 4386 2130 4439 A.
2170 4385 2457 4455 Manli03
2497 4385 2641 4441 effici
2676 4387 2920 4441 videtur:

776 4470 841 4521 A.
880 4465 1139 4521 Manlio
1173 4494 1244 4505 —
1280 4467 1719 4523 obiectasset-
1763 4467 1931 4537 1864]
