3230 5282
694 650 815 705 Lib.
855 650 894 704 1.
1808 637 1891 697 46

696 822 1356 907 emendationumque
1412 823 1543 887 iam
1602 820 1758 887 olim
1802 820 2131 887 factarum
2177 822 2436 888 delectu
2483 823 2786 889 relictum
2831 832 3009 890 esset

695 951 913 1015 operae
980 931 1047 994 in
1101 930 1267 995 Livii
1335 930 1524 995 libris
1582 928 1921 1013 ponendae.
2033 929 2196 996 Mihi
2252 930 2380 997 hoc
2433 930 2616 1012 loco,
2684 940 2759 997 ut
2813 934 3007 999 initio

695 1040 860 1119 dixi,
929 1062 1061 1105 non
1129 1038 1497 1104 editionum
1563 1039 2008 1103 recentiorum
2077 1059 2422 1104 censuram
2488 1041 2804 1124 proposui
2865 1062 3005 1121 1166,

695 1148 749 1211 61
809 1147 967 1230 quid
1024 1148 1237 1212 minus
1282 1146 1450 1212 bene
1495 1168 1708 1230 nuper
1753 1167 1949 1229 quam
1995 1168 2037 1211 a
2081 1147 2535 1231 superioribus
2583 1149 3008 1214 administra-

692 1262 835 1319 tum
900 1261 1104 1334 esset,
1170 1254 1782 1338 reprehensionem,
1848 1254 1965 1319 sed
2020 1275 2104 1320 ea
2153 1261 2443 1321 tractare
2501 1256 2791 1336 decrevi,
2862 1279 3008 1341 quae

693 1370 914 1429 essent
972 1363 1056 1428 ab
1104 1364 1253 1428 aliis
1302 1370 1419 1427 aut
1464 1363 1908 1446 praetermissa
1951 1370 2069 1430 aut
2113 1385 2347 1447 parum
2391 1362 2676 1430 feliciter
2716 1370 3004 1445 tentata3

689 1493 903 1556 neque
950 1477 1190 1551 tamen,
1251 1472 1305 1535 si
1353 1470 1511 1553 quid
1558 1491 1640 1534 ex
1683 1470 1800 1536 illo
1848 1471 2059 1536 altero
2105 1493 2345 1555 genere
2393 1474 2486 1537 sic
2531 1474 3004 1552 intercurrerit,

690 1586 765 1645 ut
809 1587 956 1658 aut,
1026 1601 1110 1643 ne
1178 1600 1363 1643 error
1427 1598 1656 1643 recens
1723 1579 2192 1659 inveterascat,
2260 1580 2549 1645 breviter
2616 1583 2833 1646 caveri
2889 1589 3006 1647 aut

690 1688 1026 1753 laudabile
1103 1689 1437 1752 inventum
1522 1686 1606 1750 ab
1688 1686 2015 1753 oblivione
2095 1694 2161 1752 et
2239 1693 2623 1772 contemptu
2686 1689 3003 1754 vindicari

691 1798 938 1881 possit,
1008 1796 1531 1880 praetermittam.
1646 1793 1860 1859 Unum
1932 1796 2131 1860 etiam
2203 1803 2334 1875 est,
2406 1795 2587 1880 quod
2643 1803 2863 1880 petam
2920 1797 3004 1862 ab

689 1906 798 1985 116,
865 1906 974 1988 qui
1019 1904 1161 1969 haec
1204 1903 1439 1986 legent.
1552 1901 1704 1967 Non
1773 1924 1852 1967 ea
1916 1925 2210 1968 meorum
2278 1911 2396 1969 aut
2455 1903 2830 1969 studiorum
2884 1912 2999 1969 aut

687 2014 1102 2096 negotiorum
1157 2013 1330 2076 ratio
1391 2032 1512 2095 per
1555 2010 1737 2076 haud
1783 2032 2030 2095 paucos
2075 2013 2207 2076 iam
2253 2032 2461 2077 annos
2507 2011 2662 2092 fuit,
2727 2018 2805 2077 ut
2850 2036 3004 2097 ope-

689 2143 840 2186 rose
887 2121 1233 2203 anquirere
1280 2139 1574 2202 possem,
1645 2140 1792 2201 quae
1852 2120 1918 2182 in
1974 2118 2215 2184 libellis
2263 2120 2677 2186 scholasticis
2724 2127 2843 2186 aut
2887 2143 3004 2205 per

690 2229 898 2292 libros
975 2235 1350 2292 menstruos
1419 2228 1866 2291 trimestresve
1935 2228 2260 2292 similesve
2327 2231 2606 2312 sparsim
2674 2229 2760 2294 ad
2831 2230 2992 2294 Livii

690 2336 1217 2400 emendationem
1263 2335 1669 2418 pertinentia
1712 2334 2232 2417 disputarentur.
2294 2337 2529 2420 Itaque
2574 2336 2718 2402 fieri
2761 2344 2998 2421 potest,

690 2451 766 2510 ut
824 2450 1065 2527 praeter
1110 2465 1217 2522 ea,
1288 2464 1464 2525 quae,
1534 2463 1733 2525 quum
1800 2451 2019 2508 essent
2085 2468 2124 2509 a
2188 2466 2291 2510 me
2358 2444 2709 2510 emendata
2775 2453 2844 2511 et
2887 2446 3000 2510 ad-

688 2557 949 2631 notata,
1015 2558 1254 2635 postea
1310 2557 1428 2615 aut
1485 2551 1630 2633 ipse
1689 2570 1846 2614 casu
1908 2557 2023 2615 aut
2079 2552 2642 2633 Weissenbornio,
2710 2552 2996 2633 Hertzio‚

690 2661 839 2725 aliis
896 2659 1341 2725 indicantibus
1399 2658 1482 2723 ab
1531 2659 1680 2723 aliis
1730 2666 2055 2743 occupata
2098 2664 2404 2744 cognovi,
2460 2661 2712 2746 aliquid
2759 2662 2996 2727 alicubi

548 2778 655 2847 (40)
694 2791 796 2833 me
860 2768 1104 2853 fugerit
1171 2774 1323 2832 ante
1379 2789 1480 2830 me
1537 2769 1902 2847 inventum,
1974 2769 2153 2851 quod
2221 2790 2341 2853 ego
2408 2777 2720 2853 tanquam
2786 2792 2998 2835 meum

686 2879 1040 2961 posuerim,
1102 2884 1219 2941 aut
1263 2876 1435 2941 idem
1484 2882 1600 2940 aut
1647 2898 1851 2959 prope
1898 2876 2090 2941 idem.
2198 2877 2274 2941 Id
2321 2879 2377 2942 si
2423 2878 2690 2960 quando
2737 2879 2996 2960 accidit,

688 3006 806 3050 sua
853 2986 1088 3069 cuique
1134 3008 1235 3049 me
1282 2985 1459 3049 ultro
1507 2991 1774 3068 petente
1818 2985 2351 3067 restituantur.¹)

1657 3176 1839 3258 Lib.
1907 3173 2040 3284 1.²)

857 3310 1014 3394 Cap.
1048 3317 1097 3390 1,
1136 3317 1205 3374 3:
1255 3310 1353 3374 Et
1388 3311 1465 3373 in
1501 3332 1728 3393 quem
1766 3311 2101 3394 primum
2143 3313 2454 3394 egressi
2495 3317 2683 3376 sunt
2715 3311 2995 3389 locum,

684 3418 931 3482 Troia
995 3425 1350 3496 vocatur,
1421 3440 1795 3503 pagoque
1854 3417 2206 3483 Troiano
2265 3419 2448 3483 inde
2505 3440 2791 3484 nomen
2851 3426 2993 3484 est.

685 3524 1091 3609 Copulativae
1136 3525 1479 3609 particulae
1524 3525 1686 3591 nihil
1730 3526 1838 3590 hic
1872 3527 2002 3590 loci
2045 3532 2166 3606 est,
2212 3527 2579 3610 praesertim
2611 3528 2679 3591 in
2714 3529 2997 3592 transitu

1036 3681 1135 3688 ---

740 3744 786 3811 ι)
827 3742 1029 3812 [Nunc,
1069 3743 1335 3813 Siesbyeo
1375 3745 1695 3813 adiuvante,
1734 3746 1937 3812 aliena,
1975 3745 2074 3800 sed
2114 3764 2147 3799 a
2182 3746 2462 3814 prioribus
2502 3747 2712 3800 omissa
2747 3753 2805 3800 et
2841 3765 2876 3800 6
2909 3764 2997 3799 1116

818 3830 1021 3882 iterum
1089 3835 1335 3898 reperta,
1390 3832 1584 3900 primis
1643 3832 1966 3886 auctoribus
2020 3831 2255 3886 reddere
2310 3832 2526 3898 studui,
2583 3831 2794 3886 nemini
2839 3832 3000 3900 plura

818 3932 985 3982 quam
1059 3914 1344 3983 Creveri0,
1426 3917 1585 3971 cuius
1658 3917 1832 3986 ipsius
1909 3917 2227 3986 posteriore
2301 3916 2548 3970 editione
2630 3934 2782 3972 nunc
2865 3934 2996 3972 usus

819 4018 963 4067 sum3
1013 4005 1180 4055 antea
1225 4018 1290 4055 ea
1339 4007 1560 4056 tantum
1597 4019 1810 4070 noram,
1862 4019 1989 4071 quoe
2028 4002 2523 4056 Drakenborchius
2560 4019 2592 4055 e
2627 4003 2815 4070 priore
2850 4019 2998 4057 com-

817 4084 1195 4154 memorarat]

733 4171 782 4236 ⁴³)
823 4172 971 4239 Quas
1025 4173 1083 4224 in
1140 4171 1298 4226 libris
1346 4174 1527 4227 tribus
1572 4174 1768 4243 primis
1819 4173 2243 4227 emendationes
2289 4173 2563 4227 asterisco
2610 4172 2830 4238 notavi,
2884 4172 2998 4225 iam

819 4257 969 4326 apud
1007 4256 1413 4327 Ingerslevium
1462 4260 1707 4314 breviter
1750 4258 2018 4313 indicatae
2068 4264 2199 4312 sunt
2235 4259 2294 4313 in
2332 4259 2450 4312 eius
2487 4257 2691 4311 horum
2728 4256 2998 4310 librorum

819 4343 1084 4398 editione.
1175 4340 1331 4410 [Quae
1378 4361 1527 4397 nunc
1573 4345 1782 4398 additae
1829 4349 1984 4409 sunt,
2031 4343 2098 4397 iis
2145 4344 2463 4411 adscriptus
2499 4346 2588 4396 est
2623 4358 2832 4408 61111116,
2884 4358 2998 4409 quo

817 4430 877 4483 in
923 4428 1352 4498 praefationibus
1401 4429 1755 4497 singulorum
1788 4428 1937 4482 Livii
1987 4427 2388 4483 fasciculorum
2436 4428 2639 4498 positae
2686 4432 2844 4495 sunt,
2900 4433 3001 4480 aut

817 4515 929 4582 hic,
968 4515 1063 4582 qui
1100 4532 1252 4568 nunc
1289 4515 1492 4583 agitur,
1532 4531 1712 4568 annus
1752 4513 1948 4581 (1875),
1987 4513 2035 4566 si
2073 4531 2198 4582 quse
2236 4532 2387 4573 nunc
2423 4515 2664 4584 primum
2702 4511 2927 4581 editur]
