3230 5282
1446 561 1566 622 705
2297 572 2419 628 Lib.
2456 572 2649 628 XLIV.

345 769 465 813 res
507 754 646 813 tam
692 754 950 831 aperta,
1008 754 1082 811 ut
1142 745 1437 830 pluribus
1506 743 1894 829 explicanda
1960 766 2090 810 non
2149 745 2252 810 sit.
2342 742 2482 827 [IX‚
2556 749 2651 824 18,

365 861 472 920 14;
523 856 1008 938 circumegit
1050 877 1129 921 se
1196 852 1498 936 annua]
1588 853 1872 937 Tempus
1927 853 2125 919 rebus
2183 854 2489 937 gerendis
2536 875 2650 939 ap-

351 970 499 1029 tum
544 985 624 1029 ne
668 963 965 1046 vagando
1012 970 1458 1043 consumatur,
1516 963 1762 1028 Nasica
1816 968 2093 1028 veretur.
2186 959 2311 1043 (De
2357 963 2652 1028 exercitu
2766 959 2773 972 ‘

356 1073 705 1139 dicendum
753 1078 925 1137 erat:
972 1072 1392 1137 inutiliter
1437 1079 1779 1137 vexetur
1823 1078 1938 1136 aut
1986 1070 2302 1136 similiter.
2372 1070 2650 1137 Perseus

354 1202 488 1246 non
534 1181 1103 1263 circumageretur,
1150 1180 1266 1245 sed
1304 1181 1633 1246 Romanos
1667 1177 2262 1263 circumageret.)¹)
2309 1179 2649 1245 Postremo
2754 1181 2761 1188 ’

349 1287 391 1372 ἓ
443 1293 517 1354 13
565 1289 658 1370 (in
705 1288 950 1353 AEmilii
997 1288 1279 1354 consulis
1325 1287 1566 1368 verbis)
1614 1289 1954 1354 scribitur:
2002 1289 2168 1354 Non
2214 1309 2479 1372 operae
2528 1289 2640 1353 sit
2677 1291 2820 1359 (585)

354 1398 627 1462 stanti
671 1417 874 1462 nunc
918 1398 993 1461 in
1039 1397 1211 1462 acie
1258 1395 1575 1477 docere,
1623 1396 1914 1490 quibus
1961 1396 2053 1462 de
2098 1397 2368 1462 causis
2414 1395 2652 1461 hodie

356 1506 680 1589 quiesse
726 1504 1009 1570 melius
1055 1505 1179 1570 sit.
1249 1502 1632 1570 Certissima
1657 1493 1973 1571 sermonis
2008 1505 2114 1570 lex
2144 1503 2441 1589 postulat
2477 1525 2651 1588 ope-

350 1635 458 1678 rae
505 1621 607 1693 st;
656 1615 750 1679 sic
796 1615 968 1678 enim
1012 1612 1386 1695 loquuntur,
1431 1614 1542 1696 qui
1578 1613 1703 1678 sibi
1738 1620 1992 1697 tempus
2027 1613 2363 1697 otiumque
2400 1611 2667 1696 aliquid·
2745 1623 2749 1628 ’

349 1721 635 1788 faciendi
659 1722 886 1788 deesse
922 1721 1148 1786 dicunt
1169 1720 1276 1801 (ut
1306 1721 1449 1805 ipse
1471 1721 1692 1787 Livius
1724 1722 1775 1802 I,
1802 1726 1902 1802 24,
1950 1726 2007 1800 6,
2050 1722 2158 1801 IV,
2204 1725 2263 1800 8,
2313 1724 2368 1801 3,
2418 1719 2651 1799 XXIX,

356 1834 456 1910 17,
520 1835 615 1910 17,
661 1829 958 1909 XXXIII,
1028 1833 1128 1908 20,
1204 1832 1298 1906 13,
1367 1828 1530 1908 XLI,
1596 1833 1698 1909 25,
1759 1834 1826 1911 83
1893 1829 2300 1896 adfirmative
2355 1828 2648 1911 quibus

341 1959 618 2022 —operae
678 1945 802 2003 est
859 1937 972 2016 IX,
1035 1940 1135 2016 23,
1189 1941 1283 2016 12,
1331 1937 1447 2003 cfr.
1495 1937 1571 2018 V,
1623 1942 1720 2015 15,
1769 1938 1864 2019 6);
1910 1938 2379 2004 condicionalis
2437 1939 2649 2003 oratio

348 2047 762 2131 ineptissima
841 2052 968 2125 est,
1060 2046 1250 2129 quasi
1327 2052 1523 2128 neget
1610 2045 1853 2113 Paulus
1939 2068 2110 2112 nunc
2199 2068 2268 2111 se
2356 2047 2421 2110 in
2509 2047 2649 2110 acie

345 2161 549 2220 stare.
582 2224 598 2244 ,
638 2154 736 2219 De
793 2174 1032 2238 genere
1099 2153 1316 2218 mendi
1385 2153 1518 2218 dixi
1575 2154 1948 2237 multosque
2002 2153 2188 2220 locos
2255 2155 2507 2219 correxi
2567 2153 2647 2219 ad

341 2261 483 2328 Cic.
533 2263 669 2327 Fin.
718 2263 831 2343 ΙΠ,
878 2267 958 2326 58
1003 2286 1064 2347 p.
1113 2266 1256 2342 444,
1303 2261 1542 2345 Opusc.
1587 2262 1700 2327 Ac.
1748 2262 1812 2327 H
1856 2286 1917 2347 p.
1966 2267 2125 2342 222;
2192 2262 2405 2328 habeo
2454 2263 2647 2328 etiam

345 2392 544 2450 nunc,
589 2392 750 2453 quos
794 2370 1051 2435 addam.
1146 2368 1279 2454 [Sic
1324 2372 1454 2436 iam
1500 2369 1802 2453 Gron.]²)

523 2478 679 2563 Cap.
729 2483 828 2558 37,
880 2483 977 2559 12,
1024 2478 1137 2543 ubi
1202 2478 1422 2562 agitur
1480 2477 1560 2543 de
1609 2479 1681 2544 L.
1728 2479 1933 2544 Paulo
2001 2479 2208 2546 altero
2275 2481 2475 2545 etiam
2545 2480 2648 2544 die

337 2608 634 2672 pugnam
682 2588 863 2669 segni
907 2607 1091 2653 mora
1133 2588 1343 2652 vitare
1389 2586 1611 2653 multis
1645 2588 1805 2668 vise,
1852 2590 1975 2654 etsi
2008 2589 2258 2655 nullum
2295 2596 2397 2655 est
2431 2596 2547 2654 aut
2581 2591 2681 2672 in,

347 2696 576 2761 codice
623 2703 741 2762 aut
780 2697 850 2761 in
895 2695 1261 2774 verborum,
1307 2718 1451 2780 quae
1486 2697 1734 2780 scripta
1768 2706 1935 2776 sunt,
1982 2698 2410 2780 grammatica
2440 2699 2651 2763 forma

343 2804 571 2869 mendi
639 2805 968 2883 indicium,
1033 2811 1251 2869 tamen
1317 2804 1387 2868 id
1454 2806 1835 2870 certissimis
1895 2810 1960 2869 et
2004 2807 2321 2871 orationis
2379 2813 2447 2870 et
2502 2828 2649 2871 sen-

343 2913 571 2978 tentiae
618 2914 1018 2996 argumentis
1066 2912 1483 2977 convincitur.
1576 2911 1685 2977 Sic
1732 2915 1903 2979 enim
1949 2913 2286 2979 scribitur:
2337 2913 2645 2979 Consul

345 3020 447 3086 ad
505 3021 618 3098 id,
688 3020 895 3103 quod
961 3020 1227 3104 pridie
1294 3023 1917 3103 praetermisisse
1964 3021 2371 3105 pugnandi
2420 3043 2643 3088 occa-

339 3129 661 3195 sionem
707 3128 1142 3194 videbatur
1188 3135 1264 3193 et
1306 3129 1566 3194 locum
1615 3130 1944 3195 dedisse
1989 3130 2239 3207 hosti,
2289 3132 2356 3195 si
2402 3141 2644 3196 nocte

399 3418 449 3484 ι)
485 3417 554 3472 In
591 3419 812 3473 verbis:
868 3436 974 3487 ne,
1015 3424 1216 3473 nocte
1264 3419 1492 3487 abeat,
1550 3419 1940 3488 sequendus
1977 3419 2071 3473 sit
2104 3419 2434 3489 pervellem,
2473 3419 2642 3474 Weis-

484 3504 846 3572 senbornius,
887 3521 1054 3574 quum
1110 3504 1164 3557 si
1216 3503 1395 3557 audiri
1429 3522 1596 3573 posse
1635 3505 1977 3574 disputaret,
2033 3522 2158 3559 meo
2211 3507 2436 3561 nomine
2475 3507 2648 3561 absti-

485 3590 713 3643 nuisset.
786 3589 928 3644 Mihi
965 3590 1110 3643 enim
1147 3588 1286 3643 nihil
1322 3589 1709 3644 incredibilius
1747 3590 1984 3645 videtur.
2596 3648 2603 3654 ,

395 3674 453 3740 ²)
489 3674 656 3743 Apud
691 3674 928 3730 Festum
958 3694 1009 3729 v.
1052 3674 1456 3730 offendices
1502 3695 1618 3730 non
1655 3683 1809 3730 recte
1843 3675 2152 3731 Muellerus
2192 3693 2220 3730 e
2258 3677 2451 3731 codice
2489 3679 2645 3731 resti-

483 3761 621 3813 tuit:
668 3776 870 3829 quum
908 3762 988 3815 ad
1022 3766 1323 3816 mentum
1358 3767 1766 3829 perventum
1803 3762 1897 3816 sit
1931 3762 2058 3831 (pro
2093 3768 2504 3832 perventum
2535 3764 2640 3831 st),

481 3844 793 3900 offendit
827 3851 1149 3914 mentum,
1206 3846 1511 3916 miramque
1548 3847 1822 3902 confinxit
1875 3848 2147 3902 orationis
2194 3854 2364 3903 rectae
2412 3852 2469 3903 et
2505 3850 2642 3902 obli-

479 3947 602 3999 quae
658 3931 1058 3986 confusionem.
1147 3933 1315 4002 Apud
1370 3931 1638 3988 Senecam
1702 3933 1884 4002 Epist.
1949 3936 2035 4002 92,
2096 3937 2154 3987 11
2224 3935 2389 3989 scribi
2446 3936 2642 3989 debet:

477 4015 649 4083 Quid
686 4017 898 4087 ergo?
953 4016 1019 4071 Si
1056 4018 1394 4073 virtutem
1432 4019 1614 4073 nihil
1650 4018 2072 4088 impeditura
2109 4025 2171 4074 st
2207 4022 2276 4087 (v.
2319 4019 2428 4086 sit)
2467 4021 2646 4075 bona

475 4102 806 4158 valetudo
846 4108 910 4157 et
946 4103 1141 4171 quies
1178 4108 1245 4157 et
1281 4104 1596 4158 dolorum
1641 4105 1940 4171 vacati0‚
1994 4121 2127 4159 non
2172 4110 2374 4173 petes
2421 4107 2641 4161 illas?

476 4186 878 4257 Coniunctivus
917 4190 1306 4244 vitiosissimus
1345 4195 1445 4243 est.
1498 4189 1689 4243 Etiam
1725 4190 1874 4260 apud
1910 4189 2074 4244 Corn.
2115 4188 2256 4258 Nep.
2298 4190 2566 4261 Thrasyb.
2613 4197 2636 4245 l

473 4272 831 4327 scribendum
867 4272 1017 4342 [cum
1053 4273 1470 4344 FleckeisenoJ:
1512 4274 1577 4329 Si
1613 4292 1737 4344 per
1781 4292 1849 4329 se
1900 4275 2120 4328 virtus
2168 4275 2316 4330 sine
2352 4276 2643 4332 fortuna

467 4358 928 4427 ponderanda
981 4366 1047 4414 st
1101 4364 1227 4429 (pro
1283 4361 1414 4429 sit),
1455 4360 1738 4427 dubito,
1789 4378 1871 4415 an
1908 4364 2014 4414 cet.
2087 4356 2233 4425 [Alia
2270 4364 2491 4416 correxi
2526 4364 2644 4417 Ad·

466 4461 613 4498 vers.
654 4444 785 4499 Crit.
823 4444 929 4499 vol.
969 4445 1024 4499 11
1061 4446 1312 4515 pluribus
1349 4445 1535 4514 locis.]
2164 4514 2231 4567 45
