3230 5282
637 625 768 684 Lib.
803 627 846 683 1.
1753 616 1839 681 56

640 801 903 867 hastam
948 807 1017 867 et
1057 801 1374 868 ferratam
1421 808 1488 867 et
1532 804 1954 887 sanguineam
1998 803 2317 889 pertinet,
2375 800 2627 867 frustra
2673 822 2955 885 quaeras,

645 909 803 991 quid
848 911 937 976 sit
979 909 1176 977 hasta
1216 910 1465 977 ferrata
1508 918 1830 996 praeusta3
1873 933 2028 977 nam
2071 912 2231 995 ligni
2272 911 2402 977 hoc
2445 910 2784 995 proprium
2830 916 2948 975 est.

641 1017 871 1084 Laudo
928 1019 1130 1103 igitur
1173 1017 1496 1085 hactenus
1542 1041 1675 1099 eos,
1737 1041 1903 1103 quos
1950 1019 2294 1086 Turnebus
2338 1018 2781 1109 reprehendit,
2838 1020 2951 1103 qui

644 1126 801 1192 olim
866 1125 1039 1193 hunc
1104 1127 1320 1194 locum
1383 1133 1757 1208 tentarunt,
1826 1127 2000 1211 quod
2066 1127 2522 1194 difficultatem
2579 1133 2958 1207 senserunt,

641 1256 839 1318 quam
915 1237 1313 1302 recentiores
1388 1258 1521 1303 non
1596 1237 1980 1321 attigerunt.
2099 1236 2264 1302 Mihi
2328 1236 2551 1301 Livius
2627 1235 2952 1301 hastam

639 1344 1039 1410 ferratam
1123 1352 1265 1410 aut
1342 1345 1483 1411 sine
1558 1344 1773 1411 ferreo
1854 1346 2109 1430 spiculo
2185 1351 2440 1411 tantum
2516 1352 2953 1428 praeustam

642 1472 1183 1518 commemorasse
1249 1452 1536 1533 videtur,
1606 1453 1931 1537 credoque
1996 1454 2064 1519 in
2129 1459 2349 1519 vetere
2413 1453 2549 1518 ritu
2605 1451 2954 1518 obscuram

644 1558 1046 1644 superfuisse
1089 1563 1470 1627 memoriam
1515 1562 1656 1627 eius
1702 1563 2047 1646 temporis,
2117 1583 2316 1645 quum
2361 1581 2480 1645 pro
2524 1559 2755 1626 ferreis
2800 1562 2960 1626 telis

643 1669 843 1734 etiam
900 1670 1202 1753 praeustis
1258 1669 1469 1735 hastis
1524 1669 1856 1753 (sudibus)
1902 1675 2275 1748 uterentur,
2345 1668 2521 1752 quod
2574 1668 2692 1734 teli
2745 1689 2960 1753 genus

642 1784 712 1842 et
765 1777 1090 1861 Vergilius
1156 1779 1222 1842 in
1290 1780 1580 1861 antiquis
1646 1778 2031 1862 pastoribus
2098 1784 2165 1843 et
2234 1775 2456 1843 Caesar
2521 1778 2588 1841 in
2636 1778 2958 1843 Romanis

641 1891 864 1951 castra
909 1885 1409 1952 defendentibus
1456 1893 1524 1952 et
1565 1885 1832 1952 Tacitus
1877 1888 1946 1951 in
1988 1886 2291 1952 barbaris
2338 1892 2406 1950 et
2448 1884 2778 1951 Diodorus
2826 1885 2952 1952 Sic.

640 1992 720 2058 fir.
768 1992 1028 2075 XXXV,
1085 1998 1125 2059 2
1169 1996 1239 2059 in
1285 1996 1489 2060 servis
1534 1994 1774 2061 Siculis
1821 1994 1982 2077 (ξύλα
2028 1993 2516 2077 πεπυρακτωμένα)
2565 2015 2962 2059 commemo-

640 2108 812 2167 rant.
913 2102 1263 2187 Sanguinis
1319 2104 1563 2187 mentio
1622 2110 1846 2168 utrum
1904 2123 1945 2168 a
2002 2102 2186 2168 Livio
2243 2100 2421 2167 facta
2477 2102 2566 2167 sit
2612 2100 2765 2183 (hoc
2808 2123 2958 2168 ver-

642 2210 875 2276 borum
934 2211 1191 2276 ordine:
1259 2208 1656 2276 ferratam
1715 2217 1854 2276 aut
1908 2216 2346 2294 praeustam
2402 2203 2959 2293 sanguineam,

645 2324 718 2383 ut
763 2319 1291 2401 sanguineam
1348 2318 1435 2384 ad
1490 2326 1837 2401 utramque
1895 2317 2254 2404 pertineat)
2316 2338 2401 2383 an
2456 2339 2500 2383 a
2539 2318 2786 2383 lectore
2830 2319 2956 2383 ali-

641 2448 774 2509 quo
820 2427 1017 2507 ritus,
1074 2433 1150 2492 ut
1195 2448 1275 2492 ex
1319 2425 1549 2492 Dionis
1596 2434 1665 2492 et
1705 2428 2031 2492 Ammiani
2076 2426 2240 2492 locis
2286 2432 2594 2511 apparet,
2655 2425 2766 2491 diu
2815 2448 2960 2493 ser·

640 2537 779 2599 vati
849 2556 1053 2618 gnaro
1110 2534 1371 2615 addita,
1437 2556 1571 2600 non
1630 2534 1888 2601 definio.
2007 2532 2225 2618 [Nunc
2282 2535 2468 2619 prius
2534 2534 2956 2619 probabilius

641 2641 1022 2727 videtur.]¹)

816 2751 974 2837 Cap.
1035 2756 1147 2832 35,
1208 2757 1263 2816 3.
1355 2753 1634 2818 Parvum
1692 2760 1822 2832 est,
1891 2754 2069 2835 quod
2128 2752 2489 2832 adnotabo,
2557 2773 2676 2817 nec
2731 2759 2956 2818 tamen

644 2860 1103 2940 omittendum,
1175 2863 1482 2943 quoniam
1540 2861 1629 2927 ad
1682 2868 1931 2927 rectam
1987 2862 2309 2927 orationis
2368 2861 2620 2927 Latinae
2674 2859 2958 2925 formam

645 2969 901 3034 attinet.
1002 2969 1172 3035 Nam
1228 2970 1340 3036 ubi
1399 2972 1492 3036 sic
1549 2970 1797 3035 editur:
1870 2971 2169 3054 quippe
2226 2970 2363 3052 qui
2417 2990 2567 3035 non
2622 2968 2954 3053 primus,

645 3076 855 3159 quod
901 3079 1326 3162 quisquam
1370 3079 1787 3162 indignari
1831 3079 2216 3143 mirarive
2261 3084 2561 3163 posset,
2607 3077 2751 3142 sed
2793 3085 2958 3143 ter·

642 3185 808 3252 tius
854 3186 1113 3253 Romae
1172 3188 1661 3273 peregrinus
1717 3208 2046 3270 regnum
2100 3184 2472 3268 affectet,
2534 3185 2956 3251 scribendum

504 3310 614 3379 (47)
651 3315 823 3360 esse:
871 3295 1082 3377 quod
1132 3296 1537 3378 quispiam
1581 3296 2000 3378 indignari
2036 3330 2120 3339 —
2153 3302 2455 3378 posset,
2504 3295 2790 3359 sentient
2838 3294 2957 3358 ad·

642 3404 907 3481 moniti,
973 3404 1089 3485 qui
1155 3403 1387 3469 horum
1454 3404 1912 3488 pronominum
1970 3422 2155 3467 usum
2209 3408 2457 3468 tenent.
2568 3401 2670 3467 Ab
2726 3402 2961 3468 huius-

642 3510 819 3575 modi
877 3511 1296 3576 concessione
1341 3517 1409 3575 et
1453 3511 1829 3594 opinatione
1886 3509 2332 3593 (indignari
2388 3510 2743 3576 forsitan
2799 3511 2963 3575 ali-

644 3620 832 3703 quis
898 3617 1191 3714 possit)
1258 3620 1634 3702 longissime
1704 3619 1984 3684 alterum
2056 3618 2390 3685 abhorret.
2414 3619 2475 3701 ²)
2584 3618 2660 3683 In
2721 3618 2959 3684 eodem

700 3814 747 3881 ¹)
789 3811 902 3882 [Ad
945 3831 1065 3882 cap.
1102 3815 1197 3880 33,
1246 3815 1280 3867 5
1322 3830 1369 3867 a.
1413 3814 1540 3867 1861
1593 3812 2002 3883 adscripseram
2046 3814 2227 3869 videri
2262 3814 2540 3869 excidisse
2576 3815 2790 3884 aliquid
2825 3819 2885 3869 et
2921 3833 2964 3870 a

779 3899 943 3952 Livio
980 3899 1040 3952 in
1075 3899 1220 3953 hanc
1255 3899 1494 3953 formam
1529 3899 1808 3967 scriptum
1845 3916 1987 3954 esse:
2044 3900 2194 3956 acie
2229 3900 2520 3969 primum
2553 3901 2798 3969 vincit3
2846 3902 2959 3955 de·

783 3984 931 4037 lude
977 3985 1181 4037 urbem
1228 3986 1284 4036 vl
1343 3987 1541 4054 capla
1597 3983 1758 4039 inde
1804 3989 1910 4040 cet.
1990 3984 2186 4054 Neque
2231 3985 2380 4039 enim
2427 4003 2497 4040 ex
2533 3987 2654 4042 acie
2691 3988 2954 4057 praedam

779 4070 949 4125 fuisse
993 4088 1099 4125 nec
1147 4077 1417 4139 tanquam
1462 4070 1602 4125 duos
1649 4070 1733 4124 rei
1786 4075 1961 4140 gestes
2006 4071 2218 4140 gradus
2254 4072 2523 4142 coniungi
2557 4090 2747 4141 posse:
2804 4073 2958 4132 acie

779 4157 1069 4225 primum
1104 4156 1353 4223 vincit3
1400 4156 1559 4211 inde
1711 4155 1987 4210 Romam
2022 4157 2230 4211 venit.
2287 4157 2496 4212 Postea
2527 4156 2646 4211 vidi·
2682 4158 2794 4211 iam
2831 4158 2967 4213 Cre·

782 4241 1001 4296 verium
1036 4260 1264 4312 prorsus
1301 4243 1448 4297 idem
1484 4239 1806 4311 iudicasse]

699 4328 748 4395 ²)
791 4325 906 4396 [Sic
951 4329 1064 4382 iam
1111 4334 1243 4383 ante
1287 4327 1554 4382 Kleinius.
1645 4325 1862 4380 Eodem
1906 4325 2014 4380 hoc
2059 4326 2186 4380 loco
2233 4345 2281 4381 a.
2325 4329 2452 4381 1861
2508 4327 2590 4382 sic
2638 4328 2961 4383 orationem

781 4413 1133 4482 interpam,
1196 4419 1259 4468 ut
1310 4419 1437 4483 post
1489 4430 1687 4482 quum
1739 4411 2076 4480 interposita
2124 4412 2381 4482 longiore
2425 4413 2682 4468 oratione
2727 4412 2965 4483 obliqua

782 4497 1006 4552 dicendi
1044 4499 1275 4553 verbum
1315 4496 1759 4564 (memoraret)
1798 4496 2083 4550 audiretur
2118 4503 2177 4552 et
2208 4498 2454 4567 quodam
2483 4498 2652 4553 modo
2678 4499 2961 4568 proecipe-
