3230 5282
653 642 779 696 Lib.
821 640 991 695 XLII.
1733 632 1855 692 622

653 814 1094 879 crederentur.
1184 812 1583 885 Adverbium
1651 817 1954 900 passim
2021 837 2216 900 prave
2281 819 2634 901 repetitum
2700 821 2804 880 est
2860 836 2943 878 ex

652 921 1102 1006 superioribus
1150 919 1211 1004 (ξ
1258 921 1356 1002 8):
1405 931 1479 988 et
1522 924 1601 987 in
1647 923 1834 1007 fuga
1878 926 2183 1008 passim
2228 927 2414 991 oaesi
2462 932 2662 991 sunt.

822 1029 977 1114 Cap.
1023 1035 1081 1111 8,
1128 1034 1197 1095 6:
1244 1030 1385 1112 (ubi
1431 1038 1693 1096 senatus
1728 1031 2124 1116 indignatur,
2171 1033 2526 1100 crudeliter
2572 1037 2866 1101 saevitum
2900 1053 2946 1097 a

649 1138 735 1203 M.
781 1137 1060 1223 Popillio
1107 1139 1378 1205 consule
1424 1140 1490 1204 in
1537 1139 1811 1223 Ligures
1859 1137 2176 1222 deditos):
2244 1148 2366 1209 tot
2409 1143 2673 1208 millia
2718 1142 2940 1226 capi-

648 1252 808 1311 tum
876 1248 1421 1327 innoxiorum,
1498 1248 1742 1313 fidem
1820 1250 2357 1333 implorantes
2437 1251 2720 1336 populi
2788 1251 2942 1315 Ro-

648 1357 890 1435 mani,
935 1357 1286 1440 pessimo
1335 1357 1692 1441 exemplo
1738 1359 2063 1423 venisse
2122 1366 2200 1424 et
2259 1359 2709 1425 distractos
2756 1379 2942 1443 pas-

649 1466 789 1529 sim
836 1465 1084 1529 iustis
1133 1465 1532 1547 quondam
1577 1465 1956 1531 hostibus
2003 1467 2283 1552 populi
2330 1468 2664 1533 Romani
2707 1487 2942 1550 paca-

647 1574 752 1637 tis
819 1574 1150 1637 servire.
1250 1572 1351 1637 Ad
1415 1573 1874 1657 indignitatem
1940 1577 2034 1641 rei
2108 1577 2472 1660 augendam
2541 1576 2707 1641 adeo
2774 1573 2943 1638 nihil

646 1681 963 1765 pertinet,
1035 1680 1212 1765 quod
1292 1683 1615 1764 pacatis
1696 1683 1967 1764 Ligures
2034 1686 2349 1762 serviunt,
2416 1692 2491 1749 ut
2543 1705 2680 1748 rem
2734 1684 2945 1748 leniat

645 1789 714 1854 id
779 1788 1162 1854 vocabulum
1244 1789 1648 1873 consilioque
1718 1793 2033 1857 orationis
2112 1802 2450 1877 repugnet.
2566 1791 2694 1857 Sed
2762 1790 2938 1876 quod

648 1897 1241 1976 Weissenbornius,
1289 1898 1744 1963 animadverso
1792 1903 2133 1966 sententiae
2178 1903 2365 1980 vitio,
2414 1901 2756 1966 substituit
2800 1921 2943 1981 pa-

645 2015 903 2084 catos,
950 2007 1150 2071 etiam
1195 2007 1488 2072 vitiosius
1535 2015 1664 2086 est3
1733 2008 1892 2091 quid
1949 2010 2118 2073 enim
2164 2030 2327 2092 opus
2373 2015 2475 2073 est
2518 2008 2646 2073 dici
2693 2028 2943 2092 paca-

644 2123 771 2181 tos
828 2137 999 2195 esse,
1058 2116 1171 2200 qui
1225 2114 1536 2180 venditi
1592 2117 1920 2181 serviant?
2032 2116 2174 2181 Uno
2235 2116 2425 2181 modo
2484 2118 2550 2181 in
2615 2116 2943 2198 reliquam

645 2226 1037 2289 sententiam
1079 2222 1324 2289 includi
1369 2223 1436 2287 id
1480 2224 1870 2289 vocabulum
1906 2233 2144 2308 potest,
2191 2233 2255 2291 et
2292 2225 2541 2289 includi
2576 2224 2937 2307 aptissime,

655 2333 712 2397 si
759 2341 872 2397 aut
918 2331 1092 2415 [cum
1137 2330 1575 2414 Heusingero]
1622 2334 1754 2396 vix
1799 2335 2122 2416 pacatis
2168 2339 2281 2398 aut
2324 2354 2571 2417 nuper
2615 2332 2944 2416 pacat-is

643 2441 927 2520 scribas;
976 2447 1042 2504 et
1082 2461 1338 2522 nuper
1382 2448 1535 2524 post
1580 2463 1687 2524 pr.
1736 2439 1927 2506 facile
1976 2442 2277 2506 excidere
2324 2441 2557 2525 potuit.
2627 2439 2782 2504 Haec
2828 2460 2937 2503 co-

640 2548 911 2628 haerent,
959 2549 1201 2613 servire
1248 2547 1517 2631 Ligures
1562 2551 1664 2628 iis,
1710 2551 1824 2633 qui
1871 2549 2200 2632 quondam
2233 2549 2457 2614 hostes
2493 2549 2939 2614 Romanorum

640 2659 903 2736 fuerint,
950 2678 1156 2741 nuper
1201 2658 1458 2722 demum
1504 2660 1727 2743 pacati
1772 2660 1920 2723 sint.
1992 2658 2295 2740 Sequitur
2340 2655 2400 2739 (ξ
2443 2656 2507 2737 ’7)
2555 2659 2618 2722 in
2667 2663 2942 2722 senatus

644 2769 942 2833 decreto:
992 2765 1356 2851 (placere
1406 2767 1763 2847 senatui)
1825 2803 1911 2811 —
1955 2766 2324 2849 bonaque
2370 2772 2454 2830 ut
2497 2766 2602 2830 iis
2650 2764 2937 2848 (Liguri-

641 2878 826 2961 bus),
875 2874 1273 2962 quidquid
1331 2876 1500 2939 eius
1547 2877 2030 2960 recuperari
2096 2875 2390 2959 possit,
2459 2871 2939 2955 reddantur,

641 2984 1029 3069 (consulem)
1077 3005 1396 3064 curare3
1463 3005 1681 3049 arma
1746 3004 2063 3068 quoque
2132 2991 2495 3066 tempore
2540 2981 2731 3046 fieri
2795 3000 2938 3044 nec

638 3101 829 3160 ante
879 3094 1297 3160 consulem
1346 3092 1434 3157 de
1481 3080 1904 3176 provincia
1950 3089 2370 3167 decedere,
2431 3112 2661 3173 quam
2709 3087 2931 3153 dedi-

636 3210 768 3269 tos
813 3206 890 3268 in
936 3203 1209 3267 sedem
1254 3222 1471 3269 suam
1515 3201 1865 3283 Ligures
1910 3198 2440 3264 restituisset.
2508 3197 2815 3262 Licenter
2860 3201 2927 3260 et

634 3312 983 3377 infeliciter
1049 3310 1187 3375 haec
1236 3310 1548 3391 (Brynaeus
1614 3306 2159 3393 interpolaverat3
2228 3305 2345 3371 sed
2410 3327 2492 3371 ne
2554 3305 2931 3388 Kryssigius

645 3415 908 3498 quidem
955 3436 1179 3481 verum
1225 3417 1406 3493 vidit,
1455 3418 1567 3500 qui
1612 3417 1893 3481 fortasse
1934 3414 2350 3481 scribendum
2381 3414 2672 3499 putavit:
2722 3431 2941 3477 arma

633 3509 898 3606 primo
937 3544 1256 3607 quoque
1293 3531 1660 3610 tempore
1697 3524 1993 3590 referri
2040 3522 2245 3606 (quod
2287 3544 2407 3607 pro
2453 3521 2686 3586 reddi
2721 3518 2931 3602 accipi

633 3632 770 3697 vult
815 3638 1045 3697 contra
1089 3654 1280 3697 usum
1322 3632 1687 3716 loquendi),
1734 3653 1854 3697 nec
1896 3630 2493 3709 WeissenborniuS,
2552 3630 2664 3713 qui
2725 3629 2929 3711 scrip-

634 3741 752 3805 sit:
823 3761 1044 3805 arma
1112 3762 1432 3824 quoque
1500 3742 1882 3826 adempta
1944 3740 2258 3805 referri.
2353 3738 2573 3803 Livius
2631 3735 2716 3802 ad
2759 3736 2927 3801 hanc

630 3848 906 3915 formam
971 3851 1354 3934 scripserat:
1423 3872 1645 3919 arma
1709 3867 2001 3927 quoque
2065 3847 2312 3926 redd13
2381 3866 2619 3924 eaque
2684 3844 2920 3926 primo

633 3980 950 4041 quoque
997 3965 1361 4041 tempore
1407 3959 1631 4037 fieri,
1679 3979 1822 4023 nec
1881 3964 2076 4023 ante
2123 3964 2243 4022 cet.
2336 3956 2494 4033 Quae
2538 3953 2782 4019 litteris
2827 3952 2919 4015 in·

631 4067 1021 4149 signioribus
1063 4067 1307 4145 addidi,
1357 4069 1596 4132 omissa
1634 4073 1786 4131 sunt
1831 4073 2101 4150 propter
2147 4085 2460 4148 quoque
2493 4062 2593 4127 bis
2619 4062 2922 4146 positum.

632 4174 1254 4258 (oppugnantes
1321 4198 1441 4259 pro
1510 4183 1974 4258 pugnantes
2040 4172 2291 4238 frustra
2359 4169 2919 4236 Weissenbornius

631 4283 938 4361 defendit,
989 4291 1206 4348 ortum
1251 4306 1329 4348 ex
1372 4283 1770 4368 praecedenti
1815 4281 1973 4365 a.)¹)

677 4511 722 4577 ¹)
759 4506 962 4578 [Quum
1000 4511 1222 4579 expleta
1248 4511 1615 4580 apertissimae
1647 4509 1875 4578 originis
1907 4509 2123 4577 lacuna,
2156 4508 2346 4562 littera
2371 4506 2525 4595 uuna
2550 4510 2777 4569 mutata,
2806 4517 2920 4556 rec·
