3230 5282
1607 592 1729 654 373
2457 601 2581 657 Lib.
2618 601 2815 657 XXVI.

507 784 655 840 tn·
719 776 1090 842 discursu
1146 776 1554 842 hominum
1613 774 2216 859 adfingentium
2260 795 2469 839 vana
2518 775 2829 840 auditis

506 894 764 953 totam
808 886 1087 951 urbem
1133 885 1522 950 concitat.
1626 882 2020 969 [Scripturm
2067 904 2266 964 quam
2307 882 2676 947 Weissenb.
2726 903 2828 947 se-

490 1000 698 1060 cutus
754 1000 888 1059 est:
957 1013 1191 1077 quam
1258 991 1473 1074 quod
1528 991 1889 1057 adlatum
1948 996 2158 1069 erat,
2226 1010 2516 1055 cursus
2572 989 2827 1055 homi-

508 1125 716 1182 num,
782 1102 1020 1166 miram
1073 1100 1279 1167 habet
1339 1100 1725 1165 orationem.
1771 1135 1858 1143 —
1918 1099 2198 1164 Omnino
2261 1119 2477 1182 neque
2539 1119 2830 1164 cursus

506 1210 912 1276 hominum
979 1207 1591 1291 adfingentium
1655 1213 1838 1272 recte
1905 1207 2148 1272 dicitur
2214 1227 2428 1287 neque
2486 1207 2542 1271 is
2596 1207 2828 1272 urbem

508 1316 844 1399 concitat]
928 1314 991 1398 (ξ
1039 1320 1077 1379 2
1123 1314 1484 1382 admodum
1537 1314 1981 1399 probabiliter
2024 1314 2404 1397 Ussingius:
2474 1312 2634 1379 Sub
2693 1314 2824 1380 Ca-

509 1428 685 1492 sino
733 1431 856 1490 cet.
953 1422 1169 1506 1863.)

681 1532 839 1618 Cap.
892 1537 988 1613 11,
1037 1536 1103 1596 5:
1170 1530 1538 1597 Minuere
1595 1532 1843 1596 etiam
1890 1552 2109 1615 spem
2154 1531 2332 1595 eius
2379 1529 2827 1612 (Hannibalis)

509 1649 590 1708 et
632 1642 829 1721 aliae,
886 1660 1136 1725 parva
1179 1660 1645 1723 magnaque,
1689 1660 1847 1720 res;
1892 1658 2175 1722 magna
2221 1637 2393 1716 illa,
2442 1637 2657 1721 quod
2704 1644 2826 1703 cet.

507 1749 714 1814 Prave
770 1742 1141 1831 geminatur
1194 1749 1264 1812 in
1319 1746 1551 1813 eadem
1609 1768 1683 1812 re
1739 1748 1983 1812 etiam
2028 1782 2114 1791 —
2159 1753 2268 1826 et;
2336 1745 2530 1810 nimis
2573 1746 2828 1811 infinite

510 1857 750 1922 dicitur
816 1855 1025 1935 aliae,
1095 1855 1395 1921 subiecta
1461 1854 1577 1919 illa
1632 1854 1981 1921 divisione:
2049 1874 2304 1938 parva
2357 1874 2825 1936 magnaque.

380 1961 389 1965 ’
510 1963 974 2030 Scribendum:
1041 1964 1718 2029 Minuereetiam
1764 1984 1984 2047 spem
2030 1964 2205 2028 eius
2252 1962 2329 2025 II
2376 1960 2577 2043 (duae)
2623 1961 2827 2042 aliae,

507 2094 759 2159 parva
812 2092 1290 2155 magnaque,
1351 2092 1502 2137 res.
1619 2071 1812 2149 Quod
1866 2071 1932 2135 II
1988 2071 2417 2148 scriberetur,
2475 2069 2829 2153 aliquoties

509 2202 587 2247 ex
656 2183 714 2245 ii
770 2179 896 2263 (ei)
953 2179 1201 2245 factum
1271 2179 1458 2259 duc,
1527 2178 1843 2263 exemplis
1903 2178 2195 2245 ostendit
2247 2177 2829 2243 Drakenborchius

507 2290 593 2355 ad
637 2288 941 2367 XXXVI,
997 2292 1110 2366 43,
1172 2292 1267 2352 11.
1372 2287 1459 2359 In.
1496 2286 1834 2367 XXXVII,
1900 2290 2000 2366 38,
2059 2291 2096 2351 7
2144 2308 2265 2370 pro
2314 2291 2393 2351 et
2438 2292 2553 2351 aut
2597 2286 2676 2350 hi
2723 2285 2830 2366 (et

508 2403 776 2462 tamen
841 2418 980 2480 per
1048 2394 1158 2478 se)
1224 2396 1293 2459 in
1358 2396 1585 2460 multis
1653 2394 2187 2477 (recentioribus)
2256 2394 2444 2459 codd.
2507 2396 2831 2477 scriptum

510 2504 680 2571 duo.
769 2503 894 2570 Hic
939 2504 1274 2569 contrario
1320 2524 1547 2569 errore
1594 2525 1674 2568 ex
1720 2503 1784 2566 II
1828 2501 2078 2568 factum
2124 2504 2214 2583 ei,
2261 2502 2432 2585 et.¹)

676 2612 831 2698 Cap.
886 2616 993 2692 13,
1057 2617 1155 2677 15.
1250 2611 1440 2689 Quod
1497 2610 1745 2678 editur:
1815 2614 1894 2677 in
1959 2632 2296 2677 carcere
2356 2616 2496 2677 aut
2549 2611 2646 2677 ad
2692 2631 2828 2695 pa-

502 2722 660 2788 lum
731 2721 1173 2805 deligatus,
1244 2741 1514 2805 pravam
1583 2719 1790 2785 habet
1862 2721 2339 2786 diiunctionem
2407 2720 2601 2785 unius
2675 2741 2828 2804 sup-

500 2830 721 2915 plicii:
803 2830 904 2894 Ex
949 2850 1047 2909 ec,
1093 2828 1274 2914 quod
1312 2831 1385 2893 in
1431 2828 1481 2892 P
1528 2828 1874 2894 scribitur:
1933 2832 2010 2893 in
2056 2848 2469 2893 carcerem
2515 2835 2656 2892 aut
2699 2849 2828 2910 pa-

500 2939 677 3020 lum,
720 2939 887 3004 latet
928 2938 1162 3021 ipsum,
1208 2936 1386 3021 quod
1430 2937 1824 3018 requiritur:
1873 2923 1950 3000 in
1997 2957 2324 3001 carcere
2370 2935 2467 2999 ad
2513 2936 2652 3014 (at)
2699 2955 2827 3018 pa—

501 3047 679 3111 lum.
773 3044 1018 3128 (1863.)

677 3151 832 3235 Cap.
899 3157 1009 3233 14,
1069 3157 1126 3217 6.
1239 3152 1295 3218 Ε
1354 3153 1686 3236 scriptura
1756 3152 1806 3215 P
1865 3153 2406 3234 iussuprocos
2473 3149 2644 3215 effici
2715 3151 2825 3215 de-

501 3259 646 3340 bet,
705 3259 882 3342 quod
937 3282 1139 3344 quum
1183 3260 1727 3326 Weissenbornio
1785 3261 1852 3324 in
1898 3265 2184 3325 mentem
2229 3259 2547 3338 venisset,
2606 3265 2827 3322 tamen

499 3390 631 3435 non
714 3369 954 3448 tenuit,
1036 3370 1267 3434 iussu
1345 3367 1933 3451 proconsulum
2004 3366 2179 3449 (edd.
2249 3366 2825 3450 proconsulis).

500 3475 691 3554 Quod
734 3477 1018 3542 Flaccus
1070 3481 1181 3557 12,
1239 3482 1276 3541 5
1335 3484 1510 3541 unus
1566 3477 1983 3555 nominatur,
2042 3474 2208 3541 nihil
2264 3475 2349 3540 ad
2395 3474 2567 3541 hunc
2611 3476 2827 3541 locum

497 3586 704 3666 valet,
762 3586 878 3651 ubi
921 3585 1150 3650 Livius
1211 3591 1442 3669 aperte
1499 3581 1533 3667 ἓ
1581 3587 1620 3647 7
1665 3589 1734 3649 et
1777 3605 1830 3648 c.
1885 3588 1993 3664 15,
2023 3589 2084 3658 Γ1
2138 3591 2494 3666 utrumque
2550 3605 2827 3669 procon-

500 3694 710 3759 sulem
776 3700 1082 3777 agentem
1137 3692 1424 3772 inducit:
1493 3692 1760 3772 deinde,
1813 3684 1892 3757 ut
1937 3713 2139 3777 saepe,
2206 3691 2398 3756 finita
2441 3694 2827 3758 narratione

498 3822 552 3867 c.
608 3806 703 3881 16,
755 3808 783 3865 1
835 3801 1356 3885 discrepantiam
1402 3806 1747 3866 auctorum
1796 3800 2143 3883 significat.
2236 3799 2486 3882 (1863.)

556 4071 601 4140 ¹)
639 4071 770 4142 Cap.
816 4074 903 4140 12,
956 4076 1018 4127 15
1065 4090 1193 4128 cum
1229 4072 1457 4127 Dukero
1503 4071 1863 4127 scribendum
1910 4078 2027 4126 est:
2086 4073 2345 4126 litterae
2380 4100 2449 4111 —
2484 4072 2827 4144 Numidis,

636 4160 1003 4227 proposita
1063 4160 1379 4213 mercede
1447 4175 1589 4211 eam
1652 4158 1776 4227 (pro
1837 4157 1997 4223 iam,
2065 4161 2194 4210 orto
2250 4174 2320 4212 ex
2373 4160 2828 4228 mercedeam)

632 4242 985 4312 professis
1039 4261 1348 4313 operam,
1402 4243 1683 4297 dantur.
1767 4241 1909 4297 Iam
1957 4242 2100 4298 nihil
2145 4242 2240 4297 hic
2288 4243 2433 4311 agit3
2489 4247 2826 4313 pronomine

634 4345 829 4384 carere
865 4330 1052 4384 oratio
1090 4330 1301 4399 nequit.
1385 4326 1491 4397 [De
1529 4334 1635 4383 est
1673 4333 1807 4398 post
1840 4327 2074 4384 fassus
2109 4330 2171 4382 in
2208 4327 2240 4398 ξ
2282 4330 2346 4381 17
2383 4327 2643 4384 addendo
2682 4330 2825 4383 nihil

635 4430 777 4484 opus
813 4420 903 4468 est
939 4413 1095 4484 dici.]
