3230 5282
630 640 754 697 Lib.
789 641 886 695 111.
1133 660 1142 672 ·
1729 629 1848 690 102

631 814 765 878 iam
811 811 1153 878 Creverius
1201 813 1401 878 scribi
1443 812 1759 878 voluerat.
1858 812 2170 878 Mendum
2215 813 2345 879 iam
2389 814 2458 879 in
2503 813 2560 877 V
2604 818 2723 879 est.
2815 812 2938 880 Sed

631 922 700 985 in
756 943 832 987 eo
888 927 1068 986 recte
1128 921 1464 986 scribitur:
1543 919 1873 986 foedere
1938 971 1951 984 .
1995 971 2061 984 ..
2117 919 2271 987 toll
2289 921 2506 987 endae
2566 941 2607 986 a
2625 919 2935 1006 ppella-

632 1029 749 1093 tio
766 1030 890 1094 nis
967 1030 1046 1093 in
1063 1079 1078 1107 ‚
1157 1028 1416 1096 omisso,
1472 1048 1507 1092 c
1526 1048 1567 1092 a
1582 1049 1670 1093 us
1685 1048 1752 1108 a,
1832 1027 2008 1110 quod
2076 1036 2354 1113 apparet
2427 1028 2725 1095 additum
2784 1049 2937 1111 esse,

632 1156 835 1216 quum
880 1158 1013 1202 non
1061 1136 1532 1215 attenderetur,
1580 1136 1950 1219 genetivum
1996 1155 2037 1200 a
2081 1134 2156 1200 fo
2176 1157 2210 1201 e
2226 1136 2269 1201 d
2283 1157 2365 1202 er
2378 1156 2412 1202 e
2458 1135 2792 1221 pendere]

807 1241 963 1327 Cap.
1013 1248 1112 1319 61,
1178 1246 1288 1306 12:
1356 1243 1520 1307 Iam
1563 1242 1960 1308 Horatius
2006 1264 2138 1308 eos
2185 1242 2483 1325 (milites)
2532 1244 2937 1311 excursio-

633 1352 868 1417 nibus
925 1349 1424 1417 sufficiendo
1482 1371 1624 1433 pro
1644 1350 1991 1432 eliisque
2046 1350 2369 1416 levibus
2430 1373 2578 1436 exp
2601 1353 2936 1418 eriundo

638 1458 1214 1525 adsuefecerat
1259 1457 1419 1522 sibi
1463 1494 1549 1502 —
1594 1457 1713 1522 fid
1733 1479 1879 1523 ere.
1958 1457 2140 1522 Nihil
2184 1479 2328 1525 esse
2374 1457 2759 1524 sufficere
2802 1461 2938 1524 mi-

497 1578 604 1648 (84)
639 1568 791 1632 lite
805 1589 868 1631 m
937 1587 1026 1631 ex
1041 1586 1076 1630 c
1090 1587 1178 1630 ur
1193 1566 1309 1630 sio
1325 1565 1402 1629 ni
1470 1563 1767 1646 (active),
1838 1587 2059 1631 omnes
2124 1564 2261 1631 fere
2330 1564 2759 1647 confitentur;
2826 1567 2939 1634 sed

634 1675 812 1759 quod
872 1673 1135 1739 Dukero
1206 1672 1525 1738 suadente
1598 1696 1629 1739 s
1646 1695 1689 1739 u
1703 1672 1736 1737 f
1739 1671 1772 1736 f
1775 1675 1797 1737 i
1815 1674 1934 1738 cie
1948 1695 1991 1737 n
2009 1674 2051 1738 d
2069 1695 2106 1739 o
2172 1674 2587 1739 intransitive
2646 1675 2727 1739 de
2782 1675 2939 1759 ipsis

631 1782 949 1849 militibus
1009 1783 1463 1847 excursionum
1518 1781 1733 1846 labori
1792 1787 1858 1845 et
1902 1781 2197 1864 periculo
2245 1781 2724 1848 sufficientibus
2771 1783 2955 1847 acci-'

634 1892 813 1976 pitur
831 1942 845 1970 ,
915 1912 1048 1956 non
1117 1891 1328 1955 solum
1396 1911 1514 1973 per
1582 1911 1652 1954 se
1723 1889 2068 1954 durissime
2134 1889 2434 1972 gerundii
2481 1889 2812 1955 ablativus
2857 1890 2939 1955 ad

634 1999 965 2064 obiectum
1014 1998 1356 2063 sententiae
1403 2000 1632 2062 activae
1675 1995 1958 2062 refertur
2005 1995 2202 2078 (alius
2248 1998 2420 2061 enim
2465 1999 2723 2081 generis
2769 2006 2940 2075 sunt,

632 2128 776 2188 quae
821 2105 1393 2171 Weissenbornius
1442 2104 1662 2187 citat),
1733 2106 1850 2170 sed
1907 2125 2184 2189 prorsus
2234 2106 2467 2170 evertit
2513 2105 2698 2170 illum
2742 2107 2940 2170 inter-

632 2212 941 2296 pretandi
1009 2218 1319 2276 conatum
1389 2213 1773 2277 adiunctum
1843 2236 1884 2296 p
1900 2235 1984 2278 ro
2002 2213 2193 2277 eliis
2209 2233 2308 2295 qu
2324 2234 2358 2277 e
2418 2235 2452 2278 e
2469 2236 2567 2297 xp
2583 2235 2618 2278 e
2635 2212 2939 2277 riund0.

632 2321 830 2384 Venit
874 2321 940 2384 in
987 2325 1287 2398 mentem,
1334 2320 1586 2384 Livium
1635 2320 1920 2385 scribere
1967 2321 2261 2403 potuisse
2308 2342 2342 2385 e
2357 2344 2398 2385 x
2413 2341 2446 2384 c
2460 2343 2503 2384 u
2521 2342 2555 2385 r
2568 2321 2688 2386 sio
2702 2342 2746 2385 n
2760 2322 2783 2385 i
2795 2320 2837 2385 b
2853 2343 2895 2386 u
2913 2343 2941 2385 s

636 2428 977 2508 subigen
995 2427 1035 2490 d
1053 2449 1111 2504 ο,
1173 2427 1296 2492 hoc
1344 2434 1462 2506 est,
1524 2448 1714 2492 exer
1734 2428 1982 2492 cendo
2028 2435 2096 2492 et
2143 2427 2462 2507 durandO,
2522 2428 2942 2512 quemadmo-

635 2535 791 2599 dum
828 2534 1126 2599 homines
1163 2534 1306 2600 sub
1326 2536 1487 2600 acti
1527 2541 1772 2619 atque
1809 2535 2087 2600 durati
2123 2536 2217 2601 be
2235 2535 2374 2601 llis
2410 2536 2722 2601 dicuntur
2745 2535 2943 2615 XLII,

637 2648 715 2708 52
733 2696 746 2723 ,
820 2649 916 2708 10.
1030 2640 1114 2725 [V
1158 2665 1423 2728 prorsus
1480 2645 1726 2709 omittit
1787 2644 1952 2709 suff
1959 2645 1981 2707 i
1996 2645 2166 2709 cien
2184 2643 2297 2709 do.
2402 2644 2671 2709 Residet
2726 2651 2944 2710 tamen

633 2749 1031 2834 scrupulus]

807 2857 965 2942 Cap.
1005 2863 1106 2937 62,
1156 2864 1191 2923 3
1239 2858 1331 2939 (in
1381 2860 1678 2924 oratione
1724 2858 1983 2925 Horatii
2029 2859 2317 2924 consulis
2364 2859 2450 2924 ad
2496 2858 2763 2941 milites)
2811 2858 2947 2925 edi-

635 2974 747 3031 tur
791 2988 966 3030 nunc
1013 2968 1409 3032 auctoritate
1459 2967 1759 3031 codicum
1808 2967 1960 3032 RM:
2030 2968 2111 3031 id
2156 2988 2299 3032 con
2318 2967 2490 3032 silii
2537 2967 2894 3051 animiqu
2912 2989 2947 3031 e

634 3073 1076 3139 habiturus
1137 3097 1331 3153 sum,
1393 3075 1599 3157 quod
1658 3074 1751 3156 (M
1799 3074 2025 3159 quos)
2087 3097 2223 3140 vos
2280 3075 2585 3140 milites
2630 3076 2943 3159 geri-tis.

636 3180 887 3247 Omitto
945 3183 1204 3247 inanem
1261 3183 1723 3266 repetitionem
1783 3183 1959 3248 vocis
2015 3205 2079 3246 m
2093 3182 2153 3246 il
2170 3184 2234 3247 it
2253 3204 2286 3246 e
2302 3205 2332 3246 s
2391 3181 2569 3266 (post
2626 3181 2658 3265 ἓ
2706 3186 2744 3246 2
2790 3205 2826 3245 v
2840 3203 2877 3246 o
2897 3205 2946 3260 S,

638 3290 852 3355 milit
869 3311 903 3354 e
917 3290 973 3370 s)
995 3315 1009 3370 3
1093 3291 1431 3356 molestior
1509 3299 1611 3355 est
1692 3291 1985 3374 pravitas
2064 3291 2383 3373 temporis
2401 3314 2415 3369 ;
2494 3311 2704 3372 neque
2773 3291 2947 3355 enim

637 3418 785 3461 cum
831 3396 1220 3462 habiturn
1239 3419 1268 3462 s
1316 3420 1482 3462 sum
1528 3398 1833 3462 convenit
1878 3398 2208 3480 geritis;
2273 3396 2387 3461 sed
2432 3397 2639 3463 multo
2685 3398 2949 3481 gravius

638 3511 743 3569 est
802 3505 1119 3569 orationis
1176 3511 1244 3568 et
1303 3505 1647 3569 sententiae
1704 3506 1967 3584 vitium3
2035 3526 2189 3569 nam
2249 3505 2724 3588 (praeterquam
2771 3506 2951 3588 quod

636 3611 846 3676 idem
915 3611 1264 3676 dicendum
1334 3612 1505 3692 erat)
1574 3633 1787 3694 neque
1856 3633 2000 3677 con
2020 3612 2295 3678 silium
2352 3614 2522 3695 geri
2541 3618 2626 3677 tu
2644 3634 2678 3676 r
2736 3632 2950 3694 neque

638 3719 869 3783 consul
916 3720 1254 3784 Romanus
1300 3740 1590 3803 unquam
1639 3720 1935 3785 dicturus
1983 3727 2128 3785 erat
2143 3771 2158 3799 ,
2229 3741 2297 3785 se
2344 3721 2412 3785 id
2460 3720 2714 3785 consilii
2759 3719 2951 3784 habi-

639 3833 860 3890 turum
875 3878 888 3905 ,
956 3826 1134 3910 quod
1201 3826 1447 3892 milites
1515 3829 1650 3892 sive
1718 3836 2023 3912 gererent
2082 3829 2215 3893 sive
2269 3827 2612 3893 haberent.
2729 3828 2953 3891 Livius

636 3936 932 4018 scripsit:
1008 3955 1161 4017 quo
1182 3933 1222 3997 d
1280 3955 1413 3998 vos
1471 3934 1664 3999 mihi
1721 3933 1796 4000 fe
1816 3936 2139 4015 ceritis,
2194 3935 2321 4000 hoc
2369 3942 2488 4015 est,
2538 3934 2712 4017 quod
2756 3935 2952 4000 intel—

635 4040 846 4106 lectus
906 4048 969 4105 et
1027 4043 1388 4107 aestimatus
1451 4048 1818 4107 vestrorum
1875 4043 2241 4108 animorum
2298 4043 2566 4108 habitus
2614 4043 2774 4108 mihi
2818 4043 2953 4126 ipsi

638 4147 1009 4213 subiecerit.
1110 4149 1208 4214 Ea
1267 4151 1596 4233 scriptura
1654 4152 1939 4233 primum
1996 4153 2387 4235 permutatis
2430 4151 2672 4216 litteris
2720 4171 2752 4212 c
2799 4156 2863 4214 et
2918 4171 2958 4229 g

638 4255 747 4336 (ex
826 4278 956 4340 quo
1025 4256 1380 4340 saepissime
1451 4257 1945 4323 confunduntur
2012 4260 2164 4341 egi,
2233 4259 2304 4324 ie
2320 4280 2355 4323 c
2370 4259 2393 4322 i
2411 4309 2425 4338 ,
2493 4256 2565 4322 le
2579 4258 2694 4340 gi,
2762 4255 2837 4321 fe
2855 4276 2891 4320 c
2908 4257 2956 4334 i,

639 4362 906 4445 similia)
953 4363 1182 4429 leviter
1227 4372 1539 4448 corrupta
1584 4372 1718 4444 est,
1787 4365 1937 4431 dein
1982 4366 2057 4430 fe
2105 4386 2251 4430 cum
2298 4389 2362 4430 m
2376 4366 2398 4429 i
2414 4366 2494 4430 hi
2541 4362 2815 4442 coaluit,
2872 4371 2959 4429 ut

635 4471 854 4535 milit
869 4491 902 4535 e
918 4493 947 4535 s
992 4480 1436 4537 nascerentur.
1504 4473 1578 4537 In
1628 4473 1855 4538 codice
1901 4474 2258 4558 archetypo
2306 4475 2701 4558 scripturam
2736 4471 2954 4536 ambi-
