3230 5282
1562 620 1684 681 157
2520 633 2646 688 Lib.
2682 634 2776 687 VI.

458 802 649 887 plebe
709 802 1011 884 stabant,
1079 826 1190 869 eos
1245 802 1436 887 plebs
1483 802 1939 888 populares
1985 803 2395 887 appellabat,
2462 826 2595 869 non
2640 826 2778 889 po-

458 911 799 996 pulares
882 933 1093 978 suos.
1219 911 1370 978 Non
1448 918 1630 977 recte
1708 918 1929 977 tamen
1994 911 2302 976 Dukerus
2383 934 2568 978 suos
2633 914 2779 977 tolli

456 1019 758 1097 volebat,
817 1020 997 1103 quod
1048 1042 1241 1086 nemo
1289 1020 1639 1085 additurus
1686 1025 1861 1099 erat,
1919 1020 2032 1102 qui
2087 1021 2526 1104 populares
2575 1021 2777 1104 scrip-

455 1134 600 1193 tum
667 1128 945 1210 legeret;
1023 1149 1237 1213 neque
1313 1129 1474 1193 satis
1554 1128 1623 1192 in
1698 1126 1825 1192 hac
1892 1128 2403 1211 exprobratione
2469 1129 2778 1212 impietas

459 1236 673 1320 plebis
731 1243 799 1302 et
844 1238 1140 1319 ingratus
1186 1238 1442 1301 animus
1485 1240 1763 1300 notatur
1806 1235 1921 1300 illo
1966 1237 2257 1320 partium
2301 1237 2593 1316 nomine3
2662 1236 2780 1301 sed

459 1364 663 1426 quum
711 1344 933 1409 Livius
980 1345 1383 1427 scripsisset:
1433 1345 1811 1427 saginare
1855 1342 2177 1427 plebem
2222 1365 2412 1408 suos
2461 1342 2613 1425 (hoc
2660 1351 2777 1425 est,

461 1454 576 1537 qui
624 1474 895 1518 suarum
938 1453 1228 1536 partium
1272 1457 1495 1516 essent
1541 1451 1803 1535 sibique
1848 1449 2189 1532 faverent),
2236 1451 2432 1530 idem,
2493 1451 2608 1533 qui
2644 1451 2779 1515 alia

457 1561 702 1639 multa,
769 1582 1181 1625 communem
1248 1559 1784 1643 popularium
1849 1558 2368 1643 appellationem
2426 1558 2777 1642 addidit.¹)

464 1667 875 1752 [Ruhnkenii
931 1669 1359 1747 coniecturae,
1429 1688 1573 1750 quae
1629 1668 1698 1731 in
1742 1666 2142 1751 Mnemosyn.
2203 1666 2302 1730 111
2349 1690 2409 1750 p.
2460 1671 2539 1731 58
2599 1667 2780 1732 edita

459 1783 594 1855 est,
662 1776 915 1854 obstat,
983 1776 1166 1860 quod
1235 1776 1315 1840 de
1382 1758 1906 1858 popularium
1973 1774 2419 1858 appellatione
2478 1775 2642 1855 dixi,
2711 1781 2780 1840 et

457 1886 610 1969 ipsa
653 1884 993 1949 rusticitas
1038 1881 1267 1965 verbi]

589 2051 604 2061 .
635 1990 793 2075 Cap.
845 1995 952 2071 18,
1023 1995 1059 2054 6
1123 1990 1218 2072 (111
1272 1990 1360 2055 M.
1405 1990 1638 2056 Manlii
1696 1991 2028 2069 oratione,
2093 1989 2419 2074 plebeios,
2488 1996 2772 2075 quantas
2809 2008 2949 2077 (133)

459 2101 636 2165 vires
692 2100 1018 2178 habeant,
1093 2098 1453 2179 docentis):
1523 2098 1605 2164 Si
1663 2099 1965 2181 sing-uli
2023 2097 2394 2179 singulos
2450 2120 2779 2181 aggres-

457 2210 637 2273 suri
686 2208 1025 2285 essetiS,
1081 2212 1346 2272 tamen
1395 2188 1662 2271 acrius
1708 2206 2116 2271 crederem
2160 2227 2297 2271 vos
2344 2227 2489 2290 pro
2535 2205 2779 2270 liber-

457 2323 639 2381 tate
687 2335 925 2400 quam
985 2313 1182 2379 illos
1227 2336 1371 2398 pro
1419 2314 1979 2379 dominatione
2026 2320 2528 2394 certaturos3
2586 2320 2782 2398 quot

459 2424 668 2488 enim
727 2423 1083 2488 clientes
1145 2422 1366 2486 circa
1426 2421 1797 2505 singulos
1841 2421 2129 2486 fuistis
2174 2427 2600 2505 patronos,
2656 2428 2782 2487 tot

457 2553 676 2596 nunc
744 2531 1144 2596 adversus
1201 2552 1439 2595 unum
1495 2528 1817 2595 hostem
1874 2530 2131 2594 eritis.
2244 2529 2525 2595 Prorsus
2582 2551 2782 2613 prave

457 2640 563 2705 rei
642 2637 815 2704 fictae
896 2638 992 2721 (si
1071 2638 1388 2722 singuli
1454 2637 1826 2722 singulos
1896 2638 2376 2721 aggressuri
2448 2637 2779 2720 essetis)

461 2769 678 2813 causae
735 2746 879 2811 loco
937 2746 1201 2828 (enim)
1256 2746 1327 2811 id
1384 2747 1760 2825 subiicitur,
1829 2746 2007 2829 quod
2052 2747 2333 2811 maxime
2380 2747 2783 2810 contrarium

463 2860 572 2921 est
607 2861 675 2919 et
708 2857 774 2919 in
815 2875 943 2937 quo
981 2854 1368 2933 ostenditur,
1405 2860 1653 2938 quanto
1686 2853 1920 2919 melior
1941 2855 2026 2917 sit
2048 2875 2205 2918 vera
2228 2855 2605 2919 certaminis
2631 2875 2783 2919 con-

464 2963 657 3040 dicio,
703 2963 1016 3046 quoniam
1059 2983 1191 3026 non
1238 2963 1477 3044 singuli
1528 2962 1844 3045 singulos,
1893 2961 2010 3026 sed
2048 2961 2241 3027 multi
2278 2984 2484 3026 unum
2521 2983 2783 3045 aggres-

465 3071 604 3136 suri
649 3070 888 3154 plebeii
936 3071 1088 3135 sint.
1156 3070 1392 3153 Itaque
1435 3070 1809 3134 necessario
1855 3070 1979 3134 hoc
2014 3076 2131 3135 aut
2169 3070 2264 3134 sic
2298 3069 2785 3152 adiungendum

464 3185 646 3242 erat:
693 3178 939 3257 Nunc,
986 3183 1195 3261 quot
1241 3176 1597 3241 clientes
1640 3213 1744 3257 —‚
1795 3183 1918 3242 tot
1963 3183 2085 3241 cet.
2136 3182 2252 3242 aut
2297 3197 2447 3240 cum
2490 3176 2782 3260 pondere

464 3286 610 3350 sine
667 3285 804 3349 ulla
857 3286 1186 3369 particula
1241 3286 1646 3350 contrarium
1703 3285 2106 3370 ponendum,
2173 3288 2250 3347 ut
2292 3282 2476 3363 XXI,
2544 3286 2658 3362 43,
2728 3289 2784 3364 6,

524 3471 575 3536 ¹)
611 3470 880 3524 Eiusdem
926 3471 1160 3540 originis
1205 3476 1293 3524 est
1337 3471 1396 3524 in
1438 3470 1549 3524 hoc
1595 3471 1717 3540 ipso
1765 3471 1954 3540 capite
2001 3468 2055 3539 (ξ
2091 3469 2144 3537 6)
2190 3487 2504 3539 pronomen
2550 3469 2781 3523 demon-

609 3556 903 3609 strativum
952 3561 1086 3610 ante
1129 3557 1429 3610 relativum
1463 3574 1641 3626 pravo
1679 3573 1812 3610 casu
1848 3557 2131 3623 additum,
2177 3573 2351 3623 quum
2385 3555 2580 3608 Livius
2618 3556 2786 3624 scrip-

609 3641 795 3695 sisset:
840 3643 1166 3708 remisso,
1215 3641 1394 3710 quod
1431 3642 1739 3710 erepturi
1775 3647 1992 3695 erant.
2077 3641 2217 3694 Cum
2254 3659 2337 3707 e0,
2375 3641 2527 3709 quod
2564 3641 2787 3694 codices

609 3725 823 3780 habent
875 3726 1190 3793 (remisso
1251 3727 1321 3780 id
1376 3726 1554 3795 quod
1600 3726 1909 3795 erepturi
1958 3725 2206 3792 erant),
2261 3725 2575 3794 comparari
2617 3726 2707 3777 vel
2755 3742 2788 3777 a

609 3809 1071 3866 Drakenborchio
1124 3812 1379 3880 potuisse
1427 3811 1495 3864 id
1540 3811 1721 3879 quod
1765 3828 1869 3879 pro
1916 3811 2036 3864 solo
2082 3809 2259 3878 quod
2303 3809 2375 3862 ad
2417 3809 2786 3878 praedicatum

611 3900 860 3949 totamve
918 3898 1257 3950 sententiam
1309 3898 1576 3964 relatum,
1628 3896 1828 3960 miror3
1891 3895 2409 3949 Weissenbornium
2461 3894 2661 3949 eodem
2705 3892 2788 3946 uti

611 3981 862 4050 perfugio
922 3989 980 4036 et
1032 3987 1301 4050 tanquam
1355 3982 1593 4035 similem
1652 3981 1967 4034 adscribere
2010 3981 2223 4046 locum,
2278 3981 2337 4034 in
2380 3997 2490 4049 quo
2537 3998 2654 4034 non
2700 3983 2787 4033 est

614 4065 680 4118 id
726 4084 853 4134 quo
871 4067 934 4134 d,
991 4067 1286 4136 indignor,
1340 4066 1664 4136 praesertim
1711 4070 1845 4136 post
1886 4065 2195 4134 Kreyssigii
2243 4065 2684 4120 admonitionem
2727 4065 2788 4119 in

613 4151 845 4205 Annott.
885 4152 956 4205 ad
992 4152 1142 4206 Livii
1179 4153 1355 4207 libros
1391 4151 1744 4206 XLI—XLV
1778 4170 1831 4220 p.
1870 4154 1949 4204 90.
2007 4151 2139 4204 Dixi
2178 4150 2248 4203 de
2284 4155 2411 4204 tota
2446 4168 2504 4204 re
2543 4155 2600 4204 et
2634 4150 2787 4203 hunc

615 4234 797 4303 ipsum
837 4236 1027 4291 locum
1063 4254 1191 4291 cum
1227 4237 1505 4292 similibus
1542 4236 1862 4306 comparavi
1901 4253 2070 4305 supra
2102 4255 2156 4306 p.
2200 4239 2263 4289 14
2300 4253 2380 4304 sq.
2464 4236 2573 4290 Sed
2608 4236 2787 4288 multo

616 4320 791 4389 magis
829 4323 1026 4376 eadem
1071 4322 1437 4392 interpolatio
1482 4322 1542 4376 in
1590 4339 1637 4375 c.
1676 4325 1770 4389 20,
1814 4324 1849 4375 8
1896 4322 2118 4376 eminet.
2210 4319 2262 4390 (ἓ
2307 4325 2341 4375 8
2387 4339 2492 4391 pro
2529 4321 2666 4374 illis:
2720 4320 2788 4374 in

618 4422 742 4473 quo
796 4408 875 4460 ab
931 4407 1144 4461 sociis
1190 4412 1506 4477 exspectes:
1562 4424 1595 4460 a
1649 4423 1782 4475 quo
1840 4407 1910 4462 in
1953 4407 2197 4473 sociis;
2254 4424 2434 4476 neque
2471 4406 2619 4460 enim
2654 4407 2780 4460 abs·

622 4491 836 4545 tinendi
873 4510 907 4546 a
942 4491 1110 4546 sociis
1147 4498 1205 4547 et
1239 4492 1307 4546 iis
1343 4492 1614 4564 parcendi
1649 4491 1810 4547 notio
1848 4497 1981 4561 apta
2017 4497 2118 4546 est.
2194 4491 2363 4559 1861.)
