3230 5282
539 637 661 692 Lib.
699 635 953 691 XXVIII.
1631 624 1757 684 408

714 805 870 890 Cap.
925 811 1021 885 19,
1087 811 1161 870 13
1211 805 1320 886 (de
1365 806 1684 890 Hispanis
1732 805 2035 889 Iliturgin
2083 813 2313 870 contra
2357 806 2691 870 Romanos
2740 804 2859 870 de·

541 913 1026 996 fendentibus):
1117 912 1430 978 feminae
1524 914 1921 997 puerique
2013 933 2258 997 super
2349 913 2597 978 animi
2675 931 2853 976 cor-

543 1022 934 1105 porisque
1010 1023 1227 1087 vires
1305 1021 1630 1100 adsunt,
1720 1020 2283 1104 pugnantibus
2361 1020 2533 1085 tela
2608 1021 2855 1084 mini-

545 1136 850 1210 strant,
912 1150 1106 1194 saxa
1162 1130 1241 1192 in
1297 1150 1563 1193 muros
1622 1127 2180 1192 munientibus
2228 1134 2537 1210 gerunt.
2648 1128 2853 1193 Tela

544 1243 613 1302 et
670 1257 868 1302 saxa
922 1242 1076 1319 apte
1134 1242 1198 1299 et
1253 1236 1596 1319 aequaliter
1656 1237 1829 1300 inter
1884 1256 1952 1299 se
1998 1235 2430 1318 respondent,
2499 1242 2573 1300 ut
2615 1237 2719 1301 vel
2764 1237 2854 1302 ob

545 1366 687 1409 eam
767 1365 1035 1408 causam
1113 1363 1311 1407 saxa
1387 1345 1468 1406 in
1549 1364 1817 1408 muros
1886 1343 2285 1406 coniunctim
2351 1343 2653 1425 accipere
2720 1366 2853 1409 non

542 1452 741 1516 liceat
799 1450 1266 1534 (praeterquam
1341 1450 1513 1534 quod
1573 1451 1769 1515 aliter
1828 1450 2138 1514 dicuntur
2192 1450 2453 1515 lintea
2507 1451 2584 1514 in
2639 1450 2854 1531 vela,

546 1580 579 1623 e
638 1558 879 1640 quibus
935 1558 1080 1622 vela
1135 1578 1303 1622 nova
1362 1557 1572 1638 fiant).
1688 1556 1816 1622 Sed
1873 1557 2436 1641 pugnantibus
2497 1579 2630 1623 non
2685 1560 2854 1624 satis

543 1666 943 1749 respondent
985 1666 1465 1744 munienteS‚
1512 1687 1642 1730 non
1688 1665 1936 1743 addito,
1986 1665 2142 1747 quid
2187 1666 2560 1730 munierint.
2642 1667 2853 1732 Multo

545 1776 673 1839 erit
753 1774 1005 1857 aptius:
1104 1773 1674 1856 pugnantibus
1763 1772 1935 1837 tela
2030 1773 2546 1852 ministrant,
2651 1794 2853 1838 saxa
2939 1779 2947 1785 ’

544 1902 810 1947 muros
856 1880 1410 1945 munientibus
1457 1886 1765 1962 gerunt.
1854 1880 2240 1963 Praepositio
2289 1901 2367 1943 ex
2414 1901 2490 1959 m,
2536 1887 2611 1945 ut
2654 1903 2853 1965 saepe,

544 1995 723 2054 nata.
824 1986 1072 2052 Contra
1126 1987 1356 2051 eadem
1400 1987 1809 2052 intercidisse
1854 1993 2006 2071 post
2052 2007 2106 2047 m
2152 1987 2411 2051 videtur
2455 1988 2650 2071 paulo
2698 1997 2853 2055 ante

547 2095 607 2179 (ἓ
672 2095 812 2178 10),
881 2095 994 2160 ubi
1039 2094 1612 2160 Weissenbornius
1671 2116 1704 2159 e
1762 2094 2099 2158 codicibus
2158 2094 2391 2158 edidit:
2462 2096 2603 2160 sed
2660 2118 2854 2162 suus

543 2205 901 2287 ipsorum
947 2203 1464 2266 conscientia
1510 2202 1765 2284 culpae
1810 2208 2081 2280 metuS,
2128 2202 2415 2265 ablativo
2463 2201 2572 2282 (de
2620 2203 2856 2286 causa)

546 2311 795 2388 duriu8‚
844 2330 1039 2392 quam
1084 2315 1159 2373 ut
1202 2308 1543 2373 ferendum
1589 2309 1910 2386 videatur,
1958 2309 2041 2372 ad
2079 2310 2563 2375 substantivum
2599 2319 2855 2377 metus

547 2418 890 2496 adiunct03
985 2416 1386 2499 superiores:
1478 2438 1567 2481 ex
1646 2415 2192 2499 conscientia;
2280 2417 2540 2483 videtur
2615 2419 2853 2486 fuisse:

544 2527 902 2608 ipsorum
947 2523 1024 2584 ln
1071 2524 1584 2589 conscientia
1631 2523 1883 2606 culpae
1928 2524 2277 2605 metus.¹)

718 2630 873 2715 Cap.
911 2635 1013 2711 22,
1068 2635 1161 2712 12,
1209 2631 1319 2696 ubi
1366 2631 1433 2695 in
1479 2629 1817 2695 codicibus
1865 2637 1993 2695 est:
2041 2631 2250 2696 nihil
2296 2633 2569 2713 minus,
2618 2657 2850 2718 quam

545 2746 634 2804 ut
707 2740 987 2823 egredi
1053 2740 1331 2804 hostes
1394 2738 1822 2818 auderent,
1903 2739 2180 2803 timeri
2252 2746 2616 2823 poterat,
2700 2744 2856 2807 sim-

545 2847 807 2931 pliciter
863 2847 1282 2912 scribendum
1340 2852 1443 2910 est
1503 2868 1735 2928 quam
1781 2867 1875 2911 ne
1924 2847 2224 2930 egredi.
2329 2846 2502 2924 Quid
2547 2872 2705 2915 usus
2749 2872 2852 2916 re-

546 2957 869 3039 quireret,
939 2957 1069 3020 iam
1129 2954 1694 3019 Weissenbornius
1764 2961 1830 3018 et
1886 2954 2001 3018 alii
2060 2954 2477 3021 adnotarant.
2587 2958 2858 3023 Excidit

543 3069 669 3129 ne'
698 3066 873 3127 inter
918 3083 975 3124 ιι
1023 3069 1088 3127 et
1133 3082 1194 3142 c,
1252 3069 1392 3126 tum
1455 3062 1831 3145 suppletum
1889 3068 1993 3125 ut.
2099 3062 2414 3128 Geminus
2459 3064 2621 3128 Livii
2669 3065 2856 3130 locus

544 3172 660 3252 III,
709 3176 766 3250 3,
813 3175 850 3234 2
899 3170 1378 3235 dubitationem
1423 3170 1619 3235 tollit.
1712 3168 2029 3250 (1863.)²)

375 3293 522 3362 (334)
731 3278 884 3362 Cap.
948 3281 1060 3354 26,
1132 3281 1168 3338 7
1226 3276 1335 3357 (de
1404 3277 1736 3342 seditiosis
1793 3277 2114 3359 Scipionis
2167 3276 2549 3357 militibus):
2617 3278 2851 3342 Haud

544 3384 828 3468 procul
873 3385 1026 3448 iam
1072 3381 1576 3465 Carthagine
1624 3384 1995 3460 aberant,
2058 3404 2292 3463 quum
2336 3418 2421 3428 —-
2465 3383 2853 3461 auditum,

544 3499 887 3575 postero
958 3490 1084 3554 die
1154 3511 1456 3554 omnem
1523 3490 1977 3554 exercitum
2045 3510 2214 3552 cum
2272 3490 2356 3552 M.
2419 3488 2704 3554 Silano
2771 3491 2850 3553 in

543 3597 996 3662 Lacetanos
1053 3597 1522 3680 proficisci,
1578 3618 1733 3661 non
1792 3602 2003 3659 metu
2061 3597 2302 3675 omni,
2365 3596 2497 3680 qui
2544 3598 2852 3663 tacitus

543 3705 964 3769 insidebat
1022 3706 1346 3782 animiS,
1415 3703 1814 3767 liberavit
1872 3722 2036 3780 eos,
2097 3704 2239 3768 sed
2292 3704 2674 3769 laetitiam
2730 3706 2851 3769 in-

545 3817 863 3893 gentem
918 3812 1136 3877 fecit.
1240 3810 1347 3875 Sic
1405 3810 1692 3888 codiceS‚
1751 3830 1914 3893 quos
1960 3810 2534 3877 Weissenbornius
2583 3820 2854 3877 secutus

600 4043 647 4111 ¹)
687 4043 818 4112 Cap.
858 4046 963 4111 20,·
1000 4047 1033 4096 2
1070 4044 1128 4098 in
1163 4044 1251 4098 his
1288 4044 1544 4099 codicum
1580 4045 1863 4115 vestigiis:
1914 4050 1978 4099 et
2014 4046 2340 4101 Romanis
2388 4048 2853 4102 subeuntibus
2895 4038 2901 4047 ’

682 4146 764 4181 se.
804 4134 882 4181 tr.
922 4146 1116 4197 quam
1163 4129 1275 4196 (vel
1328 4130 1481 4198 qua)
1540 4130 1732 4184 adire
1777 4136 2116 4199 poterant
2168 4132 2405 4187 fortasse
2463 4133 2629 4187 latet:
2686 4137 2751 4186 et
2784 4133 2851 4187 R.

682 4214 1138 4270 subeuntibus
1177 4221 1439 4279 contra,
1477 4234 1603 4284 qua
1640 4217 1829 4270 adire
1865 4222 2213 4286 poterant.
2286 4218 2401 4287 [Sic
2435 4215 2645 4287 Alsch]

599 4298 647 4365 ²)
684 4297 839 4369 [Cap.
879 4301 972 4366 24,
1026 4303 1089 4354 10
1125 4300 1456 4369 simpliciter
1502 4301 1750 4355 tenenda
1797 4308 1882 4355 est
1930 4302 2211 4370 scriptura
2258 4303 2380 4357 eod.
2422 4301 2541 4371 Sp.:
2597 4303 2666 4356 in
2715 4306 2853 4356 sta-

681 4383 911 4438 tiones
958 4402 1031 4439 ac
1078 4386 1362 4454 vigilias
1398 4385 1638 4440 ordine
1675 4386 1888 4441 ibant.
1972 4385 2016 4438 P
2056 4392 2111 4439 et
2148 4387 2270 4440 edd.
2310 4389 2378 4440 in
2417 4386 2743 4453 ordinem,
2782 4404 2853 4440 ex

683 4485 794 4538 quo
831 4474 1180 4524 tentaveram
1218 4472 1284 4525 in
1323 4472 1442 4525 orb
1458 4468 1592 4537 em.]
