3230 5282
1369 551 1490 613 619
2238 563 2361 617 Lib.
2400 563 2572 618 XLII.

282 734 363 799 de
409 755 486 800 eo
532 736 1009 816 renuntiarunt,
1057 735 1172 801 sed
1206 742 1406 801 antea
1438 736 1917 815 renuntiarant,
1964 756 2168 819 eaque
2202 736 2329 801 fuit
2361 758 2580 816 causa,

290 863 407 907 cur
448 849 607 907 tunc
651 850 788 908 tam
833 842 1109 925 benigne
1157 842 1612 928 exciperetur.)

456 947 609 1033 Cap.
660 954 715 1030 3,
762 954 798 1014 2
848 950 959 1032 (de
1006 951 1077 1029 Q.
1125 952 1352 1017 Fulvio
1398 952 1636 1016 Flacco
1695 972 1963 1018 censore
2020 951 2222 1017 aedem
2269 952 2318 1016 F
2325 959 2578 1018 ortunae

279 1056 622 1142 Equestris
667 1058 1006 1141 faciente):
1075 1059 1441 1142 Magnum
1508 1067 2066 1125 ornamentum
2134 1081 2216 1125 se
2274 1061 2578 1145 templo

279 1174 511 1232 ratus
578 1154 1110 1233 adiecturum.
1225 1167 1472 1233 Codex:
1554 1168 1921 1251 Magnum
2000 1176 2426 1234 ornantum
2506 1178 2582 1235 et

282 1275 580 1358 templo
626 1277 895 1341 iratus
941 1277 1475 1356 adiecturum,
1522 1298 1600 1341 ex
1636 1298 1766 1360 quo
1803 1277 1905 1342 fit:
1953 1298 2318 1360 magnum
2355 1300 2583 1343 orna-

282 1389 440 1448 tum
479 1384 561 1448 ei
603 1383 903 1468 templo
949 1391 1181 1450 ratus
1228 1385 1774 1465 adiecturum3
1840 1407 2050 1469 neque
2108 1387 2277 1451 enim
2323 1386 2404 1453 de
2450 1409 2579 1453 uno

285 1499 670 1558 ornamento
718 1494 962 1576 agitur3
1032 1494 1100 1558 ei
1155 1493 1286 1558 iam
1330 1493 1747 1577 Kreyssigius
1794 1496 2079 1578 scripsit.
2172 1496 2362 1574 Quod
2407 1496 2582 1561 idem

282 1620 363 1664 ex
406 1601 676 1666 iratus
723 1600 936 1666 effecit
970 1602 1086 1666 ita
1127 1608 1378 1681 ratus,
1425 1603 1563 1667 sine
1600 1622 1800 1668 causa
1830 1603 2104 1683 factum3
2152 1626 2302 1668 nam
2343 1606 2581 1688 saepius

280 1709 350 1772 in
395 1708 505 1773 illo
552 1709 903 1794 participio
951 1708 1237 1791 (ratus)
1293 1710 1606 1780 librarius
1663 1711 1892 1777 leviter
1937 1691 2360 1793 aberravit.¹)
2450 1714 2580 1778 Ex-

277 1817 625 1901 quisitiore
695 1818 1151 1884 emendatione
1219 1818 1536 1883 utendum
1604 1826 1707 1885 est
1772 1819 1970 1903 paulo
2026 1827 2174 1903 post
2220 1818 2280 1903 (ξ
2331 1821 2415 1901 7),
2463 1821 2576 1886 ubi

276 1925 348 1989 in
394 1924 778 2009 exponenda
824 1933 1204 1991 senatorum
1248 1927 1678 1992 insectatione
1725 1929 1796 2007 Q.
1844 1928 2053 1993 Fulvii
2099 1930 2389 1994 censoris
2435 1929 2574 1994 haec
2610 1932 2752 2001 (510)

280 2032 688 2098 scribuntur:
758 2055 1203 2113 censorem,
1283 2035 1642 2100 moribus
1718 2037 2099 2119 regendis
2184 2044 2579 2115 creatum,

276 2143 416 2207 cui
461 2149 687 2208 sarta
728 2149 948 2207 tecta
993 2143 1319 2225 exigere
1366 2145 1630 2209 sacris
1680 2145 2034 2229 publicis
2093 2150 2168 2209 et
2222 2143 2399 2210 loca
2454 2154 2584 2211 tu-

276 2250 485 2316 enda
530 2271 744 2315 more
790 2253 1174 2316 maiorum
1218 2251 1613 2317 traditum
1661 2261 1890 2332 esset,
1937 2274 2106 2318 eum
2150 2289 2236 2300 —
2282 2258 2572 2339 vagari.

274 2358 483 2424 Recte
527 2357 716 2423 haesit
760 2358 1066 2424 Dukerus
1112 2361 1177 2424 in
1236 2358 1495 2425 infinita
1537 2359 1664 2426 hac
1706 2360 2070 2447 locorum
2116 2384 2581 2427 commemora·

274 2468 462 2533 tione
511 2474 579 2532 et
621 2467 980 2532 locorum
1026 2468 1527 2548 tuendorum,
1576 2490 1696 2534 nec
1740 2470 1951 2534 minus
1999 2491 2272 2553 pravum
2318 2475 2420 2534 est
2466 2492 2586 2535 ex-

271 2577 508 2659 igere
555 2576 739 2643 loca
782 2576 1116 2659 tuenda3
1161 2597 1372 2660 neque
1419 2579 1589 2643 enim
1627 2579 1910 2662 exigitur
1956 2576 2204 2661 aliquid
2249 2578 2581 2658 tuendum,

282 2685 405 2752 sed
450 2707 622 2764 num,
671 2686 783 2769 qui
828 2685 1171 2750 aedificium
1218 2686 1533 2752 tuendum
1578 2688 1862 2770 accepit,
1909 2687 2125 2752 officio
2172 2688 2582 2752 satisfecerit.
2640 2723 2643 2726 ·

291 2793 530 2859 Omnia
575 2794 837 2859 sanabit
881 2795 1148 2859 vulnera
1191 2817 1322 2859 una
1365 2803 1657 2860 retracta
1703 2795 1985 2878 syllaba,
2043 2816 2240 2878 quam
2282 2796 2587 2860 librarius

294 2904 430 2968 sive
478 2903 815 2968 oculorum
862 2925 1080 2968 errore
1127 2904 1346 2968 omisit
1390 2905 1521 2968 sive
1576 2903 1795 2986 potius
1855 2902 2432 2985 (quemadmodum
2479 2925 2587 2967 ex·

274 3013 477 3098 posui
521 3033 718 3097 supra
762 3034 823 3096 p.
872 3010 1026 3092 488)
1088 3010 1264 3095 quod
1330 3012 1618 3076 animum
1685 3010 2002 3076 defixerat
2058 3012 2125 3075 in
2191 3012 2405 3094 specie
2453 3012 2583 3093 pri-

277 3143 460 3186 mum
506 3143 585 3186 ex
628 3121 868 3186 litteris
913 3119 1092 3185 loca
1137 3119 1429 3185 obiecta:
1499 3127 1726 3184 sarta
1790 3126 2016 3183 tecta
2071 3121 2409 3201 exigere
2457 3140 2583 3183 sa-

277 3231 443 3297 cris
508 3230 865 3313 publicis
935 3234 1012 3293 et
1056 3229 1311 3292 locare
1369 3227 1693 3293 tuenda.
1795 3206 2041 3292 Tueri
2096 3234 2320 3292 sarta
2365 3233 2590 3292 tecta

280 3339 513 3405 Cicero
561 3360 823 3424 quoque
870 3338 1035 3402 dixit
1078 3337 1166 3401 ad
1213 3337 1388 3402 Fam.
1480 3335 1657 3414 XIII,
1710 3340 1805 3400 11.
1896 3335 2063 3400 Nam
2109 3355 2307 3420 quum
2355 3343 2580 3400 sarta

277 3454 511 3513 tecta
556 3449 798 3512 sensim
842 3468 1112 3530 prorsus
1157 3467 1275 3530 pro
1320 3446 1481 3528 ipsis
1526 3444 1835 3521 aedificiis,
1884 3465 2028 3528 quae
2072 3444 2321 3509 tuenda
2368 3455 2579 3519 erant,

278 3563 360 3622 ut
404 3564 587 3622 sarta
629 3563 935 3639 tectaque
986 3559 1230 3633 essent,
1301 3554 1515 3636 accipi
1573 3560 1807 3636 coepta
1863 3561 2113 3632 essent,
2182 3559 2248 3617 et
2303 3552 2582 3617 locare

281 3671 514 3732 sarta
581 3672 810 3731 tecta
874 3685 1003 3729 non
1070 3665 1283 3727 minus
1352 3683 1550 3747 quam
1614 3662 1890 3727 locare
1958 3661 2196 3726 aedem
2264 3682 2584 3725 sacram

296 3773 646 3840 dicebatur
692 3779 759 3838 et
804 3772 1149 3855 exigere.

462 3881 619 3967 Cap.
668 3887 726 3961 5,
779 3886 842 3945 1:
892 3880 1265 3962 Perseus,
1333 3879 1484 3942 iam
1540 3876 1838 3943 bellum
1907 3880 2083 3944 vivo
2150 3885 2387 3963 patre
2457 3899 2589 3943 co-

286 3992 636 4075 gitatum
701 3989 1049 4055 volvens.
1142 3988 1247 4053 Sic
1307 3986 1548 4052 dicitur
1602 3987 1757 4051 iam
1822 3987 2180 4066 volvens,
2248 3993 2587 4069 tamquam

344 4261 397 4328 ι)
432 4259 668 4316 Frustra
720 4263 889 4316 etiam
925 4279 970 4316 c.
1009 4262 1055 4327 2,
1091 4262 1124 4313 2
1158 4276 1228 4313 ex
1262 4276 1451 4314 errore
1487 4259 1703 4325 scribae,
1739 4261 1834 4328 qui
1887 4259 2245 4327 negationem
2296 4257 2440 4311 male
2486 4258 2572 4310 in·

428 4347 588 4403 forsit
626 4348 780 4417 (non
815 4347 1075 4402 bellum
1108 4343 1361 4415 parari)
1400 4345 1646 4398 elicitur:
1685 4361 1858 4398 nunc
1902 4344 2157 4397 bellum
2193 4345 2450 4412 parari;
2484 4344 2570 4397 in·

431 4441 563 4505 epta
598 4440 687 4489 est
723 4435 872 4489 enim
905 4432 1178 4502 temporis
1215 4431 1312 4484 illa
1347 4429 1700 4500 significatio.
