3230 5282
552 615 676 668 Lib.
713 614 828 667 XL.
1646 603 1771 663 588

554 787 912 868 scripserat
957 785 1177 849 bello
1224 785 1850 851 subtrahendas,
1900 785 2025 867 (W.
2074 786 2141 848 in
2188 785 2287 850 ed.
2341 789 2504 850 1875
2550 808 2687 850 rem
2733 808 2865 851 non

553 893 927 974 intellexit.)
997 893 1202 958 Paulo
1238 899 1396 976 post
1441 893 1505 977 (ἓ
1545 892 1611 975 3)
1668 895 1736 957 in
1783 894 1882 958 ed.
1917 893 2089 975 Mog.
2135 893 2546 958 Bastarna
2591 915 2684 958 ea
2726 915 2865 959 res

556 1007 771 1064 ortum
817 1000 1073 1065 videtur
1133 1022 1212 1064 ex
1269 1021 1423 1065 vera
1478 1003 1864 1066 nominativi
1930 1001 2144 1065 forma
2199 1000 2671 1080 Bastarnes;
2741 1001 2863 1065 sub

554 1129 650 1186 ec,
697 1108 872 1191 quod
908 1109 1222 1189 sequitur,
1282 1130 1491 1192 saepe
1535 1109 1853 1188 Iunius,
1913 1131 2032 1191 pro
2080 1129 2210 1190 quo
2258 1109 2477 1173 editur
2511 1131 2719 1192 saepe
2752 1110 2863 1173 in-

554 1216 797 1293 vituS‚
859 1215 1022 1280 latet
1075 1216 1361 1282 fortasse
1418 1238 1671 1299 prope
1716 1217 2042 1280 invitus.
2132 1215 2305 1281 Nam
2361 1238 2535 1300 saepe
2589 1219 2864 1282 invitum

550 1323 818 1387 missum
865 1345 1010 1388 esse
1054 1322 1474 1405 Antigonum,
1520 1346 1789 1407 prorsus
1834 1324 2219 1388 incredibile
2268 1331 2384 1389 est.
2458 1323 2706 1405 (1865.)

380 1445 522 1514 (481)
733 1427 890 1512 Cap.
941 1436 1040 1510 58,
1094 1437 1145 1494 1.
1201 1431 1413 1495 Huius
1461 1432 1697 1514 capitis
1743 1432 2001 1495 initium
2047 1438 2116 1495 et
2158 1432 2225 1495 in
2262 1432 2553 1496 editione
2586 1432 2863 1514 Mogun-

556 1539 697 1602 tina
739 1538 929 1602 valde
988 1539 1370 1603 mendosum
1426 1540 2020 1622 perturbatumque
2068 1546 2174 1604 est
2241 1546 2307 1603 et
2373 1546 2607 1623 postea
2661 1540 2864 1603 inter-

554 1645 841 1729 polando
896 1645 1145 1710 factum
1204 1654 1306 1711 est
1353 1648 1669 1727 vitiosius.
1760 1647 2114 1729 Superiore
2173 1648 2391 1729 capite
2435 1645 2657 1711 Livius
2712 1667 2861 1710 nar-

555 1754 744 1832 ravit,
813 1754 1197 1828 Bastarnae,
1267 1756 1513 1819 excitos
1584 1757 1720 1819 suis
1788 1755 2054 1819 sedibus
2122 1775 2163 1818 a
2216 1754 2551 1838 Philippo,
2618 1754 2863 1818 Istrum

555 1862 926 1940 traiecisse3
983 1869 1123 1926 tum
1168 1863 1568 1945 Antigonum
1615 1869 1683 1927 et
1728 1861 2106 1938 Cottonem‚
2177 1864 2290 1944 qui
2336 1883 2448 1926 eos
2493 1861 2861 1925 arcessivis-

557 1976 721 2046 sent‚
789 1989 1190 2050 praegressos
1259 1990 1401 2033 esse
1468 1972 1680 2051 iisque
1748 1972 2015 2035 nuntios
2085 1972 2470 2047 occurrisse,
2529 1976 2861 2033 mortuum

557 2098 695 2140 esse
742 2076 1144 2160 Philippum
1194 2079 1289 2141 ita
1337 2099 1594 2143 omnem
1643 2079 1937 2142 ordinem
1984 2078 2241 2142 consilii
2287 2077 2367 2141 de
2423 2099 2546 2141 usu
2591 2076 2864 2140 Bastar-

553 2205 785 2247 narum
854 2185 1189 2249 turbatum
1260 2207 1421 2249 esse.
1513 2186 1850 2268 Expositis
1919 2185 2152 2249 deinde
2218 2184 2508 2268 Philippi
2574 2185 2862 2249 consiliis

557 2290 763 2370 (Haec
811 2291 1175 2374 Philippi
1233 2293 1593 2357 consilia
1648 2295 2008 2371 fuerant,
2058 2314 2110 2356 c.
2160 2298 2238 2357 57
2286 2292 2499 2373 extu),
2563 2293 2655 2356 sic
2713 2313 2863 2355 nar-

554 2401 724 2462 ratio
774 2400 1224 2477 continuatur,
1284 2400 1836 2482 quemadmodum
1895 2400 2160 2483 quidem
2205 2400 2581 2483 Moguntini
2639 2401 2861 2464 edide-

555 2507 818 2570 derunt:
886 2506 1260 2588 Digressi
1308 2515 1491 2571 sunt
1547 2514 1835 2591 pacato
1883 2529 2078 2590 agro
2138 2509 2433 2572 deinde
2480 2506 2861 2571 Cottonis

556 2622 637 2679 et
679 2614 1064 2696 Antigoni
1112 2621 1188 2678 et
1232 2614 1445 2680 haud
1489 2614 1746 2681 multo
1794 2622 1977 2698 post
2020 2616 2310 2680 famam
2359 2616 2647 2680 mortis
2685 2614 2859 2678 Phi-

553 2723 763 2805 lippi
811 2743 1064 2803 neque
1111 2723 1460 2789 Thraces
1507 2725 1989 2789 commercio
2035 2722 2331 2788 faciles
2381 2732 2632 2802 erant,
2682 2723 2860 2786 Bas-

553 2837 809 2900 tarnae
858 2832 1077 2894 euito
1126 2833 1547 2896 contentio
1594 2853 1777 2896 esse
1813 2838 2202 2913 poterant
2248 2832 2509 2894 autin
2545 2831 2859 2912 agmine

554 2939 985 3018 contineri,
1031 2960 1122 3002 ne
1172 2939 1669 3003 decederent
1712 2940 1860 3003 via.
1950 2938 2121 3007 Hinc
2164 2939 2233 3002 in
2280 2938 2566 3002 editione
2611 2938 2857 3002 Frobe-

551 3047 752 3109 niana
797 3047 1017 3128 priore
1060 3045 1341 3123 factum,
1388 3046 1565 3127 quod
1610 3052 1847 3129 postea
1902 3050 2232 3110 servatum
2289 3052 2418 3111 est:
2489 3045 2858 3129 Ingressi

553 3161 738 3217 sunt
784 3140 1092 3235 pacato‘
1127 3154 1455 3234 agmine,
1502 3153 1674 3217 fide
1711 3152 2082 3219 Cottonis
2130 3160 2207 3217 et
2243 3154 2669 3234 Antigoni;
2716 3151 2857 3217 sed

555 3261 765 3326 haud
832 3260 1080 3324 multo
1148 3267 1329 3341 post
1406 3260 1700 3325 famam
1780 3262 2065 3326 mortis
2142 3260 2517 3343 Philippi
2598 3280 2857 3342 neque

552 3368 905 3430 Thraces
953 3369 1437 3432 commercio
1482 3368 1777 3433 faciles
1836 3374 2072 3432 erant
2126 3389 2383 3451 neque
2429 3367 2852 3432 Bastarnae

553 3480 816 3558 empto
865 3475 1232 3537 contenti
1278 3495 1455 3538 esse
1501 3482 1891 3558 poterant
1947 3482 2090 3540 aut
2136 3474 2331 3554 cet.¹)
2424 3476 2622 3539 Recte
2671 3473 2858 3539 addi-

551 3588 691 3646 tum
737 3601 990 3662 neque
1037 3587 1191 3644 ante
1226 3582 1669 3662 Bastarnae,
1715 3591 1895 3647 recte
1935 3585 2134 3647 etiam
2180 3589 2444 3665 empto
2490 3583 2855 3649 contenti

551 3690 865 3772 positum3
912 3693 1133 3752 cetera
1180 3710 1402 3771 prava.
1493 3689 1960 3770 Ingrediuntur
2018 3690 2146 3755 fide
2193 3691 2503 3769 alicuius,
2564 3691 2680 3772 qui
2724 3689 2853 3753 fide

551 3796 635 3859 ab
684 3816 760 3859 eo
818 3795 975 3858 data
1039 3795 1190 3859 freti
1259 3802 1441 3876 sunt3
1510 3799 1872 3863 Bastarnas
1920 3796 2114 3863 Cotto
2174 3798 2670 3881 Antigonusque
2726 3796 2852 3880 ipsi

553 3903 969 3968 adducebant
1038 3925 1250 3984 neque
1317 3905 1397 3968 iis
1465 3911 1780 3968 caverant
1844 3904 2115 3971 fidemve
2185 3906 2635 3987 obligaverant
2702 3904 2851 3985 (nisi

379 4026 522 4095 (482)
558 4010 847 4094 Philippi
893 4012 1150 4074 nomine
1212 4012 1290 4075 de
1351 4011 1738 4094 stipendio);
1807 4012 2186 4078 Thracibus·
2217 4014 2380 4078 fides
2427 4014 2585 4078 data
2628 4018 2771 4077 erat
2815 4034 2855 4075 a

600 4280 651 4347 ¹)
689 4280 1015 4334 Tenendum
1053 4288 1155 4349 est,
1192 4283 1253 4335 in
1290 4283 1466 4336 altera
1513 4282 1736 4336 demum
1783 4282 2051 4340 Frobenii
2098 4283 2346 4337 editione
2390 4282 2572 4350 (1535)
2618 4281 2848 4348 Gelenii‚

688 4367 782 4433 qui
820 4366 1072 4420 codicem
1109 4368 1504 4435 Moguutinum
1542 4370 1802 4438 inspexit,
1840 4371 2056 4438 aliquas
2090 4370 2263 4423 fuisse
2298 4372 2517 4438 partein
2564 4368 2624 4422 in
2667 4368 2850 4436 priore

686 4450 866 4516 (1531)
906 4452 1179 4521 quidquid
1217 4458 1496 4506 mutatum
1533 4458 1637 4519 est,
1674 4459 1857 4507 totum
1895 4454 2236 4507 coniecturoe
2275 4454 2525 4507 debetur.
