3230 5282
1489 615 1603 675 131
2446 628 2573 683 Lib.
2610 629 2704 682 IV.

384 802 649 861 tantum
694 797 792 862 ad,
829 796 996 863 duos
1039 798 1374 880 genetivos
1418 798 1501 862 iis
1547 798 1884 865 subiectos
1918 800 2309 882 rettulisset,
2354 801 2707 866 colonia-

382 925 558 969 rum
604 905 748 970 sine
795 904 1038 990 copula
1080 907 1305 989 vagari
1349 906 1578 972 noluit.
1684 907 2311 989 (WeissenborniuS,
2371 929 2515 991 quae
2561 929 2704 972 sen-

382 1014 599 1078 tentia
641 1013 919 1079 subesse
967 1013 1254 1094 deberet,
1302 1016 1526 1095 sensit,
1573 1015 1688 1080 sed
1732 1023 1990 1082 retento
2038 1016 2705 1098 coloniarumque

385 1121 700 1205 expedire
745 1143 877 1188 non
922 1121 1261 1207 potuit.)¹)

562 1227 723 1313 Cap.
774 1234 886 1311 60,
957 1234 994 1293 3
1064 1229 1204 1312 (ubi
1253 1231 1475 1296 Livius
1533 1231 2066 1296 commemoravit
2123 1232 2436 1315 gaudium
2490 1231 2704 1315 plebis

383 1336 472 1401 ob
543 1338 949 1422 stipendium
1017 1336 1098 1403 de
1155 1338 1423 1423 publico
1483 1337 1940 1423 promissum):
2008 1338 2347 1403 Tribuni
2416 1339 2703 1423 plebis,

383 1447 830 1511 communis
888 1446 1267 1511 ordinum
1321 1447 1639 1512 laetitiae
1697 1447 2323 1530 concordiaeque
2383 1447 2537 1512 soli
2584 1469 2703 1512 ex-

381 1559 704 1636 pertes,
773 1575 1102 1637 negare,
1173 1560 1333 1620 tam
1399 1553 1478 1619 id
1538 1553 1814 1620 laetum
1859 1555 2244 1639 patribus
2291 1556 2703 1621 universis

382 1681 532 1724 nec
577 1683 1069 1745 prosperum
1112 1663 1320 1743 fore,
1378 1684 1614 1747 quam
1672 1663 1832 1747 ipsi
1879 1664 2325 1728 crederent.
2429 1662 2705 1728 Tribuni

381 1789 621 1853 parum
667 1768 1023 1849 curabant,
1082 1770 1240 1854 quid
1286 1770 1609 1855 patribuS,
1670 1771 1992 1835 universis
2038 1770 2424 1855 praesertim,
2480 1769 2704 1835 laetum

381 1876 682 1941 futurum
751 1884 954 1957 esset3
1032 1878 1309 1962 plebeiis
1379 1877 1550 1961 (qui,
1631 1886 1709 1943 ut
1773 1899 1947 1944 nunc
2015 1878 2357 1957 scribitur,
2427 1898 2701 1962 prorsus

383 1984 811 2068 omittuntur)
870 1986 1303 2053 consulebant
1359 1993 1478 2052 aut
1523 1987 1859 2052 consulere
1908 2008 1978 2051 se
2027 1986 2414 2051 simulantes
2461 1985 2702 2050 donum

382 2099 653 2176 patrum
716 2100 1100 2178 suspectum
1146 2093 1543 2175 reddebant3
1613 2096 1841 2179 itaque
1889 2093 2229 2178 (proximis
2274 2092 2519 2174 verbis)
2565 2092 2702 2177 ple-

383 2198 571 2265 beios
628 2201 810 2285 ipsos
873 2202 1124 2268 tributo
1183 2201 1575 2268 conferendo
1634 2203 1981 2286 pecuniam
2027 2202 2355 2286 stipendio
2400 2221 2701 2266 necessa-

382 2308 555 2372 riam
639 2308 966 2375 conficere
1047 2316 1349 2375 coactum
1426 2311 1509 2375 iri
1590 2309 1836 2374 dicunt.
1965 2308 2237 2376 Sublato
2315 2308 2700 2392 patribus

385 2417 610 2481 omnia
653 2422 841 2482 recta
886 2424 1040 2482 sunt
1082 2440 1204 2483 nec
1249 2418 1612 2502 quidquam
1658 2418 1997 2482 minimum
2045 2417 2476 2483 desideratur.
2578 2415 2701 2493 Qui

385 2522 456 2588 id
502 2545 743 2589 nomen
788 2525 1079 2607 addidit,
1145 2526 1404 2592 videtur
1460 2526 1879 2591 universis
1935 2525 2187 2589 nudum
2232 2546 2310 2589 ac
2359 2525 2497 2590 sine
2545 2524 2699 2588 sub-

386 2633 676 2699 stantivo
757 2655 887 2699 non
963 2634 1200 2700 tulisse
1282 2640 1350 2701 et
1415 2634 1483 2699 in
1547 2634 1964 2699 tribunorum
2031 2633 2329 2699 oratione
2397 2632 2701 2717 patribus

383 2742 809 2824 potissimum
863 2742 1167 2808 laetitiam
1224 2743 1562 2826 demptum
1605 2742 1689 2806 iri
1734 2741 2092 2823 significari
2137 2742 2443 2807 voluisse.
2549 2740 2704 2821 (Ne-

379 2850 717 2931 gationem
765 2871 845 2915 ex
890 2850 1088 2916 verbo
1133 2852 1502 2935 repetitam,
1559 2855 1638 2914 ut
1684 2869 1827 2914 nec
1871 2870 2350 2934 prosperum
2396 2870 2516 2933 pro
2564 2854 2704 2914 aut

380 2956 674 3037 dicatur,
732 2979 862 3023 non
910 2979 1506 3036 commemorarem,
1569 2959 1697 3023 nisi
1741 2957 2094 3037 Dobreum,
2151 2958 2333 3021 acuti
2377 2956 2703 3021 hominem

377 3064 644 3145 iudicii,
716 3065 832 3131 sed
880 3064 1108 3131 Graece
1169 3087 1369 3149 quam
1415 3066 1650 3131 Latine
1707 3065 2100 3145 doctiorem,
2166 3066 2232 3129 in
2292 3086 2372 3130 ea
2427 3064 2701 3129 haesisse

374 3172 704 3254 viderem3
765 3173 1177 3239 satisfacient
1236 3175 1297 3238 ei
1345 3173 1775 3251 dubitationi,
1836 3194 1979 3255 quae
2028 3172 2112 3236 ad
2158 3172 2289 3236 Cic.
2340 3173 2421 3236 de
2466 3172 2605 3236 Fin.
2654 3170 2702 3250 I,

385 3285 426 3344 9
497 3303 561 3364 p.
633 3287 712 3346 65
785 3281 1150 3365 disputavi3
1218 3280 1332 3346 cfr.
1402 3281 1536 3345 Liv.
1607 3281 1705 3360 H,
1774 3285 1888 3359 45,
1959 3285 2015 3344 5.
2129 3279 2704 3345 Weissenbornius

430 3545 479 3611 ¹)
522 3541 753 3611 [Postea
805 3543 916 3597 alia
959 3545 1100 3597 mire
1148 3544 1443 3597 cavillatus
1491 3550 1593 3598 est.
1667 3543 1835 3598 Plebs
1880 3542 2161 3596 libertatis
2209 3559 2423 3596 memor
2468 3541 2703 3596 consilia

515 3645 707 3682 earum
758 3645 947 3683 rerum
995 3628 1280 3697 agitatur-a
1316 3633 1464 3696 erat,
1520 3629 1582 3682 in
1638 3629 1841 3697 quibus
1890 3644 2010 3680 eam
2061 3627 2305 3682 maxime
2352 3626 2596 3695 spectari
2646 3631 2703 3680 et

509 3715 772 3783 usurpari
807 3712 1084 3783 putabat]
1167 3714 1358 3781 (Initio
1406 3713 1608 3782 capitis
1648 3712 1799 3782 quod
1834 3712 2042 3767 vitiose
2079 3711 2384 3767 edebatur:
2423 3710 2700 3779 legatio

552 3839 597 3851 ..
656 3800 931 3854 obviam
985 3797 1145 3867 fuit,
1214 3817 1261 3853 a.
1313 3800 1441 3853 1861
1500 3798 1703 3852 sustuli
1758 3798 2025 3853 restituto
2082 3815 2113 3851 e
2168 3798 2458 3852 codicibus
2513 3812 2704 3850 recen-

514 3885 761 3938 tioribus
814 3885 995 3939 tribus
1049 3883 1268 3938 obvia.
1367 3883 1511 3937 Nam
1577 3884 1846 3937 obviam
1910 3899 2052 3935 sum
2106 3883 2166 3935 in
2218 3900 2388 3952 prosa
2444 3882 2703 3935 oratione

511 3970 667 4024 bona
711 3975 883 4024 astate
931 3987 1097 4024 nemo
1148 3969 1354 4022 dixisse
1398 3969 1704 4037 reperitur3
1752 3967 1943 4022 Livius
1988 3984 2060 4021 ne
2105 3967 2375 4021 obviam
2422 3966 2520 4021 fio
2572 3967 2694 4035 qui-

510 4055 662 4123 dem,
697 4055 855 4123 quod
891 4054 1086 4108 Cicero
1123 4054 1283 4108 Verr.
1321 4054 1447 4108 Act.
1486 4053 1529 4120 I,
1571 4057 1651 4121 18,
1690 4071 1794 4122 pro
1831 4053 1949 4107 Mil.
1990 4055 2056 4107 28
2090 4052 2299 4122 posuit.
2383 4051 2530 4106 Livii
2568 4069 2701 4105 usus

507 4141 838 4196 constantia
901 4140 1242 4210 perspicitur
1305 4140 1365 4192 in
1424 4138 1515 4193 his
1578 4138 1824 4207 quinque
1876 4139 2185 4208 primorum
2221 4137 2495 4191 librorum
2531 4136 2700 4190 locis:

505 4225 556 4292 1,
599 4228 678 4293 10,
713 4227 774 4291 4;
821 4225 907 4292 26,
944 4227 977 4277 2
1013 4224 1168 4292 (mali
1206 4225 1424 4293 aliquot
1459 4224 1625 4279 codd.
1665 4224 1982 4290 obviam);
2030 4225 2115 4291 32,
2160 4225 2221 4289 8;
2265 4224 2351 4290 60,
2402 4226 2458 4288 1;
2506 4221 2577 4289 Π,
2614 4223 2700 4287 38,

503 4309 724 4376 43111,
771 4311 833 4377 6,
877 4312 912 4363 ’7
949 4314 1006 4363 et
1041 4311 1099 4376 ’7,
1144 4311 1177 4362 5
1215 4313 1273 4362 et
1311 4313 1400 4376 11,
1447 4311 1507 4374 8;
1552 4308 1632 4376 V,
1679 4312 1773 4377 28,
1826 4312 1903 4362 10.
1988 4308 2053 4362 In
2097 4307 2298 4375 XXIV,
2344 4309 2428 4374 35,
2472 4309 2506 4359 9
2548 4310 2702 4360 recte

499 4395 840 4450 Puteanens.
929 4394 996 4447 In
1040 4395 1249 4449 obvia
1292 4394 1503 4449 lineola
1536 4394 1670 4448 addi
1704 4394 1918 4464 potuit,
1972 4394 2032 4447 in
2070 4393 2341 4458 obvius,
2397 4391 2689 4457 obvium,

502 4481 716 4548 obvii,
756 4480 998 4534 obvios
1035 4479 1192 4534 nulla
1229 4483 1318 4534 est
1350 4479 1629 4545 varietas.)

2157 4579 2223 4635 9*
