3230 5282
1360 587 1476 647 751
2240 599 2364 656 Lib.
2399 600 2564 656 XLV.

261 768 429 835 haec
506 775 692 835 acta
770 776 1002 835 erant
1081 767 1328 835 factum
1402 769 1677 835 haecta‘
1744 777 2007 849 erant,
2088 771 2325 837 deinde
2407 771 2567 857 haec

268 867 596 959 tantast)

439 985 594 1070 Cap.
632 991 734 1065 43,
786 991 896 1050 10:
944 985 1372 1070 Reliquum
1420 1007 1509 1051 ex
1540 986 1874 1071 Illyrico
1922 986 2190 1070 praeda
2223 988 2560 1054 ducenti
2595 995 2736 1064 (ὄπ)

262 1096 559 1178 viginti
625 1094 871 1161 lembi
940 1100 1207 1174 erant3
1294 1094 1387 1160 de
1459 1095 1756 1161 Gentio
1821 1116 2005 1177 rege
2072 1101 2364 1180 captos
2432 1117 2565 1162 eos

265 1202 709 1287 Corcyraeis
791 1210 874 1268 et
943 1202 1633 1286 Apolloniatibus
1712 1213 1791 1270 et
1876 1203 2411 1288 Dyrrachinis
2489 1206 2563 1284 Q.

265 1309 603 1378 Cassius
649 1333 740 1376 ex
785 1318 1123 1376 senatus
1172 1311 1551 1377 consulto
1598 1312 1916 1377 tribuit.
2008 1310 2134 1389 Qui
2180 1313 2276 1378 sic
2319 1319 2564 1392 narrat,

260 1420 634 1485 necessario
681 1417 1027 1502 significat,
1072 1419 1324 1485 lembos
1371 1441 1450 1484 ex
1494 1419 1718 1504 praeda
1760 1419 2050 1504 reliquos
2084 1441 2259 1485 nunc
2305 1420 2564 1486 demum

262 1529 344 1594 de
391 1528 632 1595 Gentio
682 1533 909 1612 captos
955 1532 1022 1592 et
1068 1524 1427 1613 Corcyraeis
1475 1528 1670 1594 datos
1717 1548 1875 1593 esse.
1954 1527 2043 1593 Ut
2087 1549 2183 1609 ea,
2229 1549 2376 1612 quae
2420 1549 2563 1595 esse

263 1637 477 1715 debet,
510 1635 836 1702 efficiatur
858 1636 1204 1714 sententia,
1242 1637 1334 1701 sic
1369 1638 1578 1702 oratio
1617 1637 2078 1721 distinguenda
2113 1637 2563 1703 scribendum·

263 1766 389 1829 que
436 1751 567 1810 est:
634 1780 721 1791 —
766 1745 1106 1810 ducenti
1152 1745 1452 1827 viginti
1510 1744 1759 1810 lembi
1805 1750 2073 1826 erant,
2130 1746 2220 1811 de
2266 1744 2558 1812 Gentio

257 1874 444 1937 rege
489 1852 729 1934 captu
787 1871 914 1915 eos
960 1849 1407 1936 Corcyraeis
1451 1886 1539 1897 —
1581 1852 1899 1918 tribuit.
1988 1852 2093 1918 Ita
2134 1855 2415 1937 primum
2462 1854 2559 1919 di-

260 1963 451 2040 citur,
498 1961 614 2046 qui
658 1960 943 2025 et’unde
989 1959 1262 2040 suerint,
1307 1967 1468 2038 tum,
1517 1960 1676 2045 quid
1720 1961 1802 2026 iis
1845 1960 2090 2027 sactum
2134 1962 2237 2027 sit.
2322 1960 2561 2046 Capti

262 2069 346 2136 ob
415 2090 547 2135 eos
615 2075 994 2153 corruptum
1062 2075 1182 2135 est.
1271 2067 1347 2133 In
1414 2068 1638 2135 codice
1705 2077 1834 2135 est:
1892 2069 2231 2135 relicum
2281 2078 2381 2136 'ex
2439 2073 2556 2136 in-

258 2178 523 2263 lyrico
578 2178 863 2262 praeda.
955 2175 1114 2254 Quae
1156 2176 1350 2243 huius
1397 2179 1672 2243 extremi
1716 2176 1868 2243 libri
1916 2178 2216 2244 condicio
2261 2187 2393 2259 est,
2435 2182 2556 2244 mi-

257 2288 429 2351 nime
476 2293 725 2351 certum
771 2293 903 2364 est,
962 2285 1219 2351 Livium
1260 2307 1393 2351 non
1439 2286 1811 2370 scripsisse:
1857 2287 2190 2371 Reliqui
2236 2308 2329 2353 ex
2373 2287 2555 2372 Illy-

257 2396 439 2460 rica
505 2394 784 2478 praeda
851 2394 1188 2460 ducenti
1246 2400 1389 2474 cet„
1447 2401 1562 2461 aut
1630 2395 1894 2459 saltem:
1964 2395 2395 2478 Reliquum
2461 2418 2555 2462 ex

257 2502 603 2586 Illyrica
644 2502 942 2587 praeda.
1618 2579 1619 2582 Ἴ

428 2610 585 2695 Cap.
634 2616 734 2691 44,
789 2615 884 2676 10.
954 2609 1249 2692 (Prusias
1291 2632 1408 2677 rex
1455 2631 1495 2675 a
1529 2617 1764 2677 senatu
1800 2613 2102 2696 petierat,
2147 2618 2222 2677 ut
2266 2634 2425 2697 ager
2470 2614 2553 2681 de

257 2742 408 2805 rege
464 2719 787 2786 Antiocho
848 2726 1115 2804 captus,
1164 2741 1356 2804 quem
1402 2718 1562 2784 nulli
1608 2719 1834 2785 datum
1879 2741 1920 2785 a
1964 2720 2207 2804 populo
2265 2721 2556 2789 Romano

258 2828 431 2895 Galli
464 2830 899 2913 possiderent,
947 2827 1070 2918 sibi
1107 2828 1427 2909 daretur.)
1495 2828 1602 2893 De
1650 2849 1844 2911 agro
1884 2848 2367 2912 responsum
2412 2837 2553 2911 est,

255 2938 579 3021 legatos
626 2938 727 3002 ad
770 2958 931 3002 rem
975 2936 1583 3021 inspiciendam
1628 2938 2033 3002 missuros.
2124 2935 2202 3002 Si
2247 2938 2316 3001 is
2363 2958 2555 3021 ager

257 3045 546 3130 populi
614 3046 943 3111 Romani
987 3045 1292 3110 fuisset
1346 3064 1487 3109 nec
1554 3045 1933 3128 cuiquam
2001 3044 2237 3110 datus
2304 3054 2549 3126 esset,

256 3154 822 3238 dignissimum
867 3173 956 3218 eo
1004 3153 1222 3218 dono
1267 3151 1644 3217 Prusiam
1688 3150 2118 3218 habituros
2176 3173 2375 3218 esse.
2468 3150 2555 3219 Si

254 3268 515 3327 autem
560 3261 951 3326 Antiochi
1004 3282 1155 3327 non
1221 3259 1545 3339 fuisset,
1606 3282 1695 3327 eo
1753 3282 1846 3325 ne
1903 3261 2188 3344 populi
2233 3262 2549 3345 quidem

253 3370 595 3435 Romani
676 3370 975 3434 factum
1052 3390 1483 3453 apparere,
1571 3376 1736 3448 aut,
1825 3369 1893 3433 si
1975 3368 2209 3434 datus
2289 3369 2549 3436 Gallis

253 3485 495 3556 esset,
544 3479 971 3560 ignoscere
1015 3477 1388 3543 Prusiam
1433 3477 1767 3556 debere,
1828 3478 1895 3541 si
1954 3497 2043 3541 ex
2088 3477 2393 3543 nullius
2439 3480 2550 3543 in-

250 3588 461 3651 iuria
506 3586 937 3670 quidquam
983 3586 1058 3650 ei
1103 3585 1376 3650 datum
1422 3584 1672 3650 vellet
1707 3608 1768 3669 p.
1806 3583 2219 3650 Romanus.
2268 3584 2547 3650 Pravum

248 3701 381 3759 est:
450 3695 518 3759 si
583 3696 649 3759 is
718 3715 913 3777 ager
966 3716 1029 3777 p.
1076 3693 1407 3758 Romani
1473 3689 1813 3772 fuisset3
1882 3692 2298 3777 quaerebatur
2353 3694 2544 3772 enim,

244 3824 399 3867 num
453 3809 672 3868 esset
730 3824 883 3885 pop.
930 3801 1211 3866 Romani
1269 3800 1451 3882 (num
1509 3802 1650 3865 eius
1711 3799 1927 3866 factus
1990 3800 2207 3885 esset),
2274 3808 2351 3866 ut
2404 3802 2546 3866 iure

305 4040 350 4106 ¹)
391 4038 422 4109 ξ
458 4042 494 4094 4
528 4039 706 4094 tristis
744 4039 958 4108 species
993 4038 1357 4106 relinquenda
1404 4044 1491 4094 est
1534 4039 1882 4094 huiusmodi:
1929 4068 1996 4079 —
2032 4039 2276 4093 Albam
2318 4037 2386 4090 in
2422 4053 2539 4091 cu-

382 4125 675 4180 stodiam
714 4124 1024 4191 duceret3
1063 4124 1388 4191 comites,
1425 4125 1816 4194 pecuniam,
1855 4129 2246 4194 argentum,
2282 4122 2537 4176 instru-

381 4217 715 4278 mentum,
757 4210 936 4279 quod
991 4210 1300 4276 haberet,
1347 4209 1592 4263 nihil*
1632 4210 1662 4244 ¹⁸¹
1714 4209 1963 4277 Blthys,
2037 4205 2237 4263 nllus
2293 4206 2540 4273 oculs,

382 4297 570 4365 regis
626 4294 967 4351 Thracum
1012 4310 1147 4348 cum
1199 4293 1563 4349 obsidibus
1610 4297 1681 4350 in
1726 4295 2122 4350 custodiam
2172 4292 2540 4347 Carseolos

379 4385 485 4434 est
520 4381 784 4438 missus.
855 4380 997 4436 Nam
1034 4381 1104 4435 ad
1148 4380 1443 4436 comites
1495 4380 1820 4450 reliquaque
1873 4397 2081 4435 novum
2125 4379 2356 4433 verbum
2400 4377 2540 4432 desi-

380 4466 565 4520 derari
600 4466 824 4521 videtur
859 4466 1059 4534 (nihil
1096 4466 1467 4522 detrahens
1505 4466 1768 4521 habere
1804 4465 2077 4520 sineret
2112 4461 2401 4532 simileve).
