3230 5282
622 586 745 640 Lib.
785 584 826 640 1.
1743 574 1822 634 66
1932 585 1942 593 ”

622 764 948 842 apparent
990 759 1058 822 in
1104 756 1349 822 decade
1397 762 1638 840 quarta
1680 757 1746 821 in
1794 756 1935 822 cod.
1958 756 2433 840 Bambergensi
2479 764 2545 823 et
2589 759 2656 823 in
2705 760 2938 842 quinta

619 866 687 930 in
746 865 1260 932 Vindobonensi.
1370 864 1495 929 Hic
1562 865 1827 948 quidem
1894 885 1971 931 eo
2039 864 2300 931 facilius
2368 866 2746 931 aberratum
2814 874 2943 946 est,

619 972 798 1058 quod
831 973 1050 1040 alius
1087 973 1173 1039 ad
1195 974 1565 1057 proximum
1598 972 1916 1038 iuvenis
1938 973 2349 1039 trahebatur.
2411 972 2688 1056 [Ibidem
2710 975 2777 1038 in
2799 974 2932 1039 his:

616 1080 693 1145 Is
734 1103 968 1165 quum
1002 1081 1403 1166 primores
1439 1081 1831 1160 civitatis,
1878 1081 1956 1145 in
2002 1080 2295 1164 quibus
2331 1080 2671 1147 fratrem
2711 1103 2932 1146 suum

617 1188 713 1254 ab
773 1189 1169 1254 avunculo
1215 1176 1744 1254 interfectum
1790 1188 2263 1268 audivisset,
2455 1190 2758 1255 statuit
2804 1195 2926 1253 cet.

615 1296 967 1362 durissime
1024 1296 1457 1382 praedicatum
1517 1314 1856 1361 commune
1915 1297 2009 1361 sic
2067 1296 2153 1362 ad
2208 1317 2445 1362 nomen
2468 1282 2559 1361 ⁸in
2609 1297 2936 1362 sententia

613 1405 893 1470 relativa
935 1405 1395 1488 interpositum
1441 1403 1756 1483 refertur,
1817 1410 1894 1470 ut
1937 1405 2338 1489 primores
2383 1404 2579 1489 plane
2624 1404 2940 1488 pendeat,

614 1535 737 1578 nec
805 1514 1095 1596 suspicio
1164 1512 1382 1590 abest,
1462 1513 1619 1594 quin
1687 1511 1911 1577 Livius
1994 1512 2491 1578 interfectos
2570 1512 2926 1596 scripserit.

617 1620 783 1686 Sunt
828 1627 1052 1685 tamen
1100 1619 1232 1685 alia
1276 1640 1406 1684 non
1453 1640 1732 1703 prorsus
1781 1619 2132 1685 dissimilia
2178 1620 2796 1685 accommodationis
2844 1620 2932 1684 ad

615 1729 893 1812 propius
943 1728 1261 1812 exempla.
1358 1725 1572 1809 1861]

477 1841 583 1910 (54)
793 1834 947 1920 Cap.
1000 1840 1099 1917 58,
1161 1840 1197 1899 5
1246 1835 1354 1917 (de
1401 1835 1545 1901 Sex.
1595 1835 1953 1917 Tarquinio
2003 1834 2324 1900 Lucretiae
2371 1841 2612 1919 praeter
2655 1840 2927 1899 mortem

614 1944 898 2009 dedecus
954 1942 1265 2025 minat0):
1336 1964 1491 2027 quo
1560 1949 1878 2007 terrore
1951 1948 2183 2026 q'uum
2252 1944 2597 2008 vicisset
2665 1943 2928 2008 obsti-

611 2057 888 2116 natam
955 2050 1443 2134 pudicitiam
1503 2050 1732 2115 velut
1785 2052 2088 2115 victrix
2140 2050 2400 2116 libido
2458 2050 2928 2134 profectus-

614 2178 761 2241 que
819 2158 1005 2223 inde
1050 2159 1559 2241 Tarquinius
1617 2155 1848 2222 ferox
1908 2165 2364 2241 expugnato
2425 2157 2718 2223 decore
2762 2178 2926 2221 mn-

611 2264 860 2331 liebri
910 2272 1146 2345 esset,
1190 2266 1583 2331 Lucretia
1629 2272 1752 2331 cet.
1823 2267 1898 2330 In
1942 2266 2068 2331 hoc
2111 2265 2256 2330 loco
2303 2287 2507 2350 quum
2553 2265 2928 2349 superiores

614 2393 838 2438 omnes
907 2375 1300 2450 tacuissent,
1382 2372 1634 2457 primus
1699 2372 2131 2439 Marklandus
2197 2373 2417 2453 haesit,
2496 2375 2564 2438 in
2632 2372 2925 2438 remedio

615 2479 988 2545 adhibendo
1056 2478 1288 2545 infelix
1353 2479 1604 2561 (velut
1682 2480 1967 2561 ultrix,
2046 2481 2225 2565 quod
2293 2503 2332 2546 a
2401 2482 2729 2546 sententia
2795 2480 2925 2544 loci

613 2588 1087 2654 alienissimum
1144 2587 1300 2671 est);
1367 2587 1675 2653 Hertzius
1732 2610 1942 2673 nuper
1997 2589 2233 2655 fortius
2290 2589 2455 2655 duas
2512 2604 2702 2655 voces
2747 2609 2924 2654 rese-

614 2697 859 2762 candas
931 2696 1349 2780 significavit,
1418 2717 1563 2780 quae
1623 2696 1798 2762 unde
1858 2703 2021 2763 ortae
2082 2705 2147 2762 et
2203 2698 2445 2764 additae
2503 2699 2663 2775 sint,
2731 2716 2926 2760 nemo

614 2804 876 2869 divinet.
988 2804 1295 2870 Mendum
1367 2810 1587 2870 tamen
1656 2810 1724 2869 et
1788 2804 2210 2871 manifestum
2279 2812 2380 2871 est
2447 2813 2514 2871 et
2582 2802 2922 2880 eiusmodi,

612 2912 789 2994 quod
854 2911 1107 2977 nullum
1173 2914 1450 2995 recipiat
1516 2912 1956 2978 excusationis
2027 2914 2332 2979 colorem.
2458 2913 2626 2978 Nam
2691 2931 2922 2995 neque,

613 3040 731 3084 cur
806 3020 1039 3085 victrix
1114 3020 1317 3085 libido
1394 3021 1628 3086 vicisse
1705 3021 2092 3104 pudicitiam
2161 3021 2449 3100 dicatur,
2529 3019 2661 3084 ullo
2728 3017 2921 3082 modo

611 3128 1047 3210 intellegitur,
1120 3130 1311 3212 quasi
1355 3149 1484 3194 non
1528 3128 1766 3192 victrix
1808 3129 2063 3193 vincere
2107 3130 2427 3212 potuerit,
2496 3148 2739 3210 neque,
2807 3145 2923 3190 cur

610 3235 837 3300 velut
905 3237 1138 3301 victrix
1205 3236 1491 3313 dicatur,
1564 3256 1709 3318 quae
1774 3256 1923 3300 vere
1979 3237 2304 3320 planeque
2363 3237 2545 3316 vicit;
2615 3234 2920 3318 quodque

610 3343 1182 3408 Weissenbornius
1242 3343 1326 3407 ad
1383 3363 1605 3407 vocem
1651 3343 1946 3407 victrix
1993 3343 2339 3422 adscribit,
2408 3364 2486 3408 ea
2531 3363 2676 3407 cum
2720 3340 2924 3406 verbo

609 3453 951 3515 vicisset
1018 3451 1330 3533 copulata
1397 3449 1681 3532 speciem
1748 3471 1902 3515 vero
1975 3453 2374 3516 contrariam
2445 3449 2794 3534 significari
2853 3453 2922 3511 et

611 3578 756 3623 cum
802 3578 879 3622 eo
927 3556 1383 3640 comparari1),
1440 3577 1708 3640 prorsus
1754 3559 2001 3640 ign0r0,
2060 3579 2203 3642 quae
2251 3559 2337 3623 sit
2382 3580 2460 3623 ea
2506 3564 2622 3622 aut
2667 3556 2922 3639 species
3027 3635 3030 3638 Ἴ

609 3672 728 3730 aut
772 3665 1210 3749 comparati03
1270 3664 1823 3745 WeissenborniO,
1883 3666 2061 3750 quod
2111 3687 2300 3749 saepe,
2347 3666 2665 3730 accidisse
2711 3663 2934 3742 video,

607 3779 684 3838 ut
738 3773 822 3838 ad
880 3771 1304 3838 offensionem
1348 3773 1630 3855 primum
1677 3772 2183 3852 adhaeresceret,
2252 3774 2487 3839 deinde
2532 3772 2710 3838 inani
2759 3770 2925 3836 arti—

608 3880 756 3945 ficio
815 3901 885 3945 se
933 3880 1289 3964 expediret.
1404 3877 1830 3945 Scribendum
1890 3887 1993 3946 est
2049 3903 2181 3946 una
2235 3881 2461 3946 littera
2515 3882 2583 3944 in
2641 3878 2922 3943 similem

608 3993 868 4053 mutata
912 3987 961 4068 (t
1006 3989 1071 4052 in
1120 3985 1199 4069 1):
1269 4009 1422 4071 quo
1481 3993 1802 4053 terrore
1860 4009 2091 4071 quum
2149 3991 2497 4054 vicisset
2542 3987 2928 4053 obstina—

667 4258 711 4325 ¹)
752 4257 889 4326 „Die
922 4257 1293 4329 Verbindung
1346 4260 1451 4313 mit
1507 4259 1805 4313 vicisset
1858 4259 1996 4312 hebt
2043 4259 2169 4313 dem
2206 4258 2558 4313 Wirklichen
2597 4256 2936 4326 gegenfiber

747 4344 846 4397 das
885 4342 1228 4398 Scheinbare
1263 4343 1516 4398 hervor“.
