3230 5282
1463 581 1576 641 521
2260 592 2382 645 Lib.
2421 591 2670 646 xxxvl.

362 769 593 830 natum
652 765 815 829 satis
870 764 1070 830 fuisse
1128 764 1473 849 probabile
1535 769 1655 827 est.
1769 761 1898 827 Sed
1954 763 2287 828 mittere
2335 785 2369 828 e
2419 763 2558 828 solo
2606 765 2671 828 M

364 879 497 951 est3
565 873 633 936 in
680 874 916 937 ceteris
964 871 1073 953 (B)
1122 880 1224 938 est
1270 873 1525 947 missi,
1596 870 1775 953 quod
1833 870 1939 932 vix
1996 891 2075 934 ex
2122 869 2234 935 illo
2283 879 2503 936 ortum
2552 880 2671 946 est,

367 979 485 1045 sed
534 1001 613 1044 ex
659 965 986 1061 misit.¹)
1882 1055 1890 1064 ·

538 1085 695 1170 Cap.
736 1091 820 1151 20
853 1088 994 1151 init.
1043 1087 1152 1167 (de
1187 1087 1289 1150 Μ’.
1328 1086 1595 1168 Acilio):
1668 1085 2013 1150 Consule
2061 1107 2203 1169 per
2240 1086 2675 1152 Phocidem

369 1202 446 1260 et
514 1196 936 1260 Boeotiam
1005 1195 1457 1260 exercitum
1530 1194 1911 1271 ducente,
1981 1195 2325 1259 consciae
2398 1194 2676 1260 defec-

367 1304 626 1367 tionis
696 1304 1083 1367 civitates
1153 1322 1318 1366 cum
1386 1301 1868 1366 velamentis
1927 1307 2113 1364 ante
2171 1309 2451 1384 portas
2509 1308 2675 1366 sta-

368 1410 593 1487 bant,
656 1416 900 1487 metu,
958 1431 1047 1474 ne
1111 1408 1546 1475 hostiliter
1605 1408 2193 1491 diriperentur.
2309 1405 2677 1473 Ceterum

368 1539 508 1600 per
568 1538 846 1582 omnes
910 1517 1084 1582 dies
1143 1516 1352 1582 haud
1411 1536 1650 1580 secus
1710 1535 1944 1596 quam
1998 1516 2078 1579 in
2136 1523 2434 1598 pacato
2484 1537 2676 1600 agro

370 1615 551 1690 s'ine
608 1624 1063 1690 violatione
1124 1623 1371 1689 ullius
1419 1624 1539 1688 rei
1588 1644 1866 1706 agmen
1913 1623 2359 1705 processit,
2422 1622 2680 1688 donec

368 1734 445 1797 in
492 1753 766 1815 agrum
815 1731 1274 1797 Coronaeum
1323 1737 1652 1795 ventum
1699 1736 1836 1795 est.
1894 1727 2236 1796 ,Coronea
2282 1751 2323 1794 a
2368 1730 2676 1795 Thermo·

367 1840 565 1924 pyliS,
634 1841 804 1905 unde
852 1838 1097 1903 Acilius
1153 1836 1488 1921 profectus
1552 1843 1685 1916 est,
1752 1837 1858 1901 vix
1914 1837 2443 1927 geographorum
2501 1860 2678 1903 men·

369 1968 524 2012 sura
569 1954 719 2012 octo
767 1946 1076 2012 milliaria
1122 1947 1353 2025 distat3
1409 1946 1634 2028 itaque
1681 1967 1813 2010 non
1860 1945 2049 2009 multi
2096 1935 2363 2010 fuerunt
2410 1967 2680 2010 omnes

368 2055 466 2119 illi
527 2055 698 2134 dies;
765 2075 886 2118 nec
931 2054 1164 2118 Latine
1226 2053 1469 2118 dicitur
1525 2073 1669 2136 per
1730 2072 1997 2117 omnes
2056 2050 2230 2116 dies
2287 2052 2505 2116 facere
2561 2053 2679 2116 ali·

372 2163 529 2244 quid
587 2163 711 2225 nisi
770 2161 850 2225 de
907 2160 1093 2225 finito
1148 2182 1418 2225 numero
1478 2160 1651 2244 (per
1712 2181 1976 2224 omnes
2034 2159 2387 2243 quinque
2450 2159 2682 2241 dies);

372 2271 769 2353 omninoque
829 2269 1144 2352 temporis
1204 2267 1599 2350 significatio
1659 2265 1812 2331 hinc
1856 2267 2074 2331 aliena
2117 2274 2249 2345 est,
2309 2266 2449 2345 ubi,
2507 2267 2684 2350 quod

371 2377 438 2440 in
500 2378 737 2442 ceteris
794 2375 1054 2460 populis
1114 2396 1470 2458 eorumque
1530 2376 1708 2458 agris
1766 2380 2099 2438 servatum
2157 2382 2360 2453 esset,
2428 2377 2495 2438 in
2553 2397 2681 2441 uno

372 2490 697 2549 mutatum
746 2490 1070 2548 narratur.
1173 2481 1549 2566 Scripserat
1596 2483 1845 2547 Livius:
1918 2480 2289 2547 Ceterum
2337 2504 2477 2565 per
2524 2504 2681 2547 om·

367 2613 507 2657 nes
575 2591 893 2676 (reliquos
962 2589 1269 2675 populos)
1349 2590 1561 2655 haud
1633 2611 1868 2656 secus
1938 2609 2171 2673 quam
2239 2589 2315 2654 in
2386 2596 2678 2673 pacato

367 2720 558 2782 agro
613 2734 698 2744 —
756 2719 1038 2780 agmen
1101 2700 1539 2782 processit,
1610 2698 1868 2762 donec
1916 2704 2041 2761 cet.
2155 2697 2348 2761 Dies
2408 2719 2676 2781 pravum

365 2815 468 2872 est
533 2808 1034 2890 interpretantis
1105 2806 1631 2869 additamentum
1699 2804 1994 2869 eiusdem
2062 2825 2332 2886 prorsus
2401 2806 2678 2886 generis,

366 2915 554 2979 cuius
596 2912 895 2978 additum
927 2915 997 2978 in
1032 2913 1096 2977 M
1134 2911 1394 2989 XXXV,
1436 2917 1495 2988 4,
1547 2916 1582 2975 3
1633 2931 1872 2991 agros
1919 2911 2003 2975 ad
2049 2912 2267 2976 inter
2311 2919 2677 2993 pacatos

536 3020 693 3104 Cap.
743 3025 843 3097 22,
905 3027 938 3084 7
989 3019 1069 3084 (16
1117 3019 1323 3083 Acilio
1371 3018 1635 3083 consule
1681 3018 2070 3082 Heracleam
2118 3023 2435 3099 quattuor
2481 3018 2677 3082 simul

364 3129 525 3193 locis
586 3128 1008 3212 aggrediente
1066 3128 1130 3191 in
1179 3126 1232 3190 B
1281 3132 1346 3189 et
1389 3126 1770 3208 vulgaribus
1816 3124 2155 3189 codicibus
2204 3125 2295 3188 sic
2341 3125 2677 3189 scribitur:

366 3258 405 3299 a
474 3236 810 3300 flumine
881 3235 1135 3300 Asoro
1218 3232 1422 3313 (recte
1504 3234 1891 3297 restitutum
1960 3230 2284 3314 Asopo),
2366 3253 2519 3314 qua
2599 3239 2679 3297 et

364 3343 864 3426 gymnasium
931 3348 1085 3417 est,
1152 3341 1223 3405 L.
1283 3340 1699 3404 Valerium
1771 3338 2156 3421 operibus
2222 3346 2467 3424 atque
2537 3363 2675 3423 op-

366 3449 862 3533 pugnationi
923 3448 1375 3532 praeposuit
1431 3446 1955 3528 frequentius
2011 3468 2268 3530 prope
2329 3468 2556 3539 quam
2601 3448 2679 3510 in

365 3558 567 3621 urbe
649 3555 1229 3633 habitabatur,
1312 3554 1422 3617 Ti.
1481 3554 1961 3637 Sempronio
2028 3552 2299 3636 Longo
2369 3576 2678 3637 oppug-

363 3664 700 3730 nandam
769 3664 992 3728 dedit
1059 3670 1136 3727 et
1200 3663 1613 3744 regionem
1672 3660 1911 3726 Mella
1977 3682 2292 3744 qnoque
2360 3662 2848 3744 aditum(420)

419 3924 465 3990 ¹)
505 3923 634 3992 Cap.
689 3926 778 3990 15,
831 3928 865 3979 8
911 3925 991 3979 sic
1044 3922 1586 3992 interpungendum:
1652 3924 1839 3977 intra
1891 3921 2129 3977 fauces
2186 3922 2267 3977 ad
2320 3923 2677 3978 meridiem

500 4013 799 4077 vergunt
830 4037 901 4047 —
936 4009 1225 4063 Euboea
1269 4014 1367 4074 et,
1423 4012 1850 4062 excurrente
1895 4007 1961 4061 in
2011 4008 2226 4062 altum
2278 4008 2473 4061 velut
2518 4024 2672 4076 pro·

499 4095 889 4158 muntoriO,
938 4094 1176 4148 Attica
1212 4098 1427 4159 terra,
1476 4094 1611 4146 sita
1647 4092 1727 4146 ab
1765 4098 1984 4160 tergo,
2034 4096 2099 4144 et
2135 4091 2672 4161 Peloponnesus.

499 4178 696 4245 (1865.)
788 4178 918 4248 Cap.
970 4181 1058 4244 19,
1110 4181 1172 4231 10
1216 4178 1355 4231 mira
1410 4177 1799 4245 neglegentia,
1857 4177 1951 4244 qui
1999 4177 2129 4229 alibi
2179 4178 2497 4232 accusativo
2544 4195 2675 4247 casu

499 4269 828 4318 constanter
872 4269 1244 4331 sequentes
1296 4262 1576 4326 scribunt,
1632 4261 1831 4315 edunt:
1886 4278 2197 4329 magnam
2241 4267 2503 4330 partem
2552 4279 2670 4330 ag·

498 4349 702 4401 minis
749 4353 864 4402 aut
908 4346 1329 4401 lassitudine
1382 4345 1852 4400 subsistentis
1901 4352 2017 4398 aut
2063 4362 2301 4401 errore
2350 4373 2421 4383 —
2457 4347 2670 4400 dissi·

494 4438 705 4500 patos
743 4436 1265 4501 oppresserunt.

613 4874 1144 5158 A?
1281 4872 1667 4975 Ἣ
