3230 5282
1505 617 1627 675 569
2442 626 2563 681 Lib.
2603 626 2717 680 LX.

419 798 845 878 currimuS,
937 798 1349 877 occidere3
1440 800 1688 877 volui,
1768 821 2002 881 quum
2081 799 2177 862 ad
2245 818 2521 862 cenam
2590 804 2714 862 cet.

418 904 955 989 Coniungendum
1001 913 1105 970 est
1149 906 1350 988 igitur
1393 905 1516 971 hoc
1561 908 1910 972 verborum
1956 907 2210 988 aliquot
2247 926 2366 969 suo
2401 904 2547 970 loco
2582 926 2719 970 mo-

415 1020 635 1079 torum
701 1019 767 1078 et
832 1019 984 1097 post
1050 1014 1263 1078 alieno
1329 1014 1726 1079 insertorum
1784 1013 2153 1096 exemplum
2210 1012 2403 1097 plane
2466 1020 2721 1076 certum

415 1142 561 1185 cum
608 1122 719 1199 eis,
769 1142 914 1204 quae
961 1122 1028 1184 in
1072 1121 1199 1185 hac
1244 1121 1491 1185 decade
1527 1123 1751 1185 notavi
1790 1121 2055 1197 XXXII,
2081 1125 2180 1196 21,
2214 1126 2290 1183 14
2328 1128 2395 1184 et
2426 1118 2718 1198 XXXVI,

418 1232 515 1305 34,
575 1232 610 1292 9
662 1236 727 1293 et
779 1232 854 1291 10
900 1251 962 1311 p.
1012 1232 1153 1305 423,
1204 1235 1270 1292 et
1327 1229 1837 1311 comparandum
1896 1248 2041 1292 cum
2087 1229 2196 1304 iis,
2256 1248 2400 1311 quae
2448 1227 2605 1291 alibi
2652 1228 2720 1290 in

414 1338 644 1400 ceteris
692 1336 1052 1400 decadibus
1098 1343 1331 1400 notata
1378 1343 1546 1400 sunt.
1619 1335 1864 1399 Eodem
1894 1337 2108 1419 capite
2147 1334 2242 1417 §7
2280 1343 2344 1398 et
2379 1339 2438 1409 8,
2476 1334 2590 1398 ubi
2627 1336 2720 1399 sic

418 1444 755 1508 scribitur:
802 1450 1098 1522 utrum,
1155 1451 1238 1507 ut
1283 1443 1698 1526 placarem
1758 1454 1863 1521 te,
1924 1444 2188 1507 danda
2247 1463 2493 1524 opera
2537 1441 2716 1520 fuit,

416 1558 503 1614 ut
570 1550 816 1616 aliam
883 1571 1322 1634 quaererem
1400 1552 1946 1627 occasionem,
2025 1551 2398 1632 quoniam
2465 1549 2719 1614 semel

414 1673 808 1723 venenum
845 1678 1337 1741 paraveram,
1387 1678 1480 1722 an
1529 1658 1623 1721 ab
1669 1656 1817 1721 illo
1865 1657 2214 1722 consilio
2252 1658 2468 1722 velut
2500 1663 2719 1721 tran-

416 1765 849 1830 siliendum
916 1766 1011 1830 ad
1056 1764 1283 1829 aliud
1337 1764 1527 1842 fuit,
1576 1771 1663 1828 ut
1709 1765 1923 1829 ferro
1971 1772 2078 1844 te,
2144 1772 2220 1828 et
2265 1764 2582 1849 quidem
2629 1785 2717 1828 eo

416 1872 574 1950 die,
644 1894 788 1955 per
846 1874 1197 1955 speciem
1243 1873 1850 1936 comissationis
1917 1873 2426 1950 occiderem?‚
2493 1892 2717 1935 neces·

415 1981 589 2044 sario
626 1979 1040 2044 scribendum
1085 1979 1375 2044 videtur:
1425 1987 1501 2043 et
1546 1980 1866 2063 quidem
1910 1981 2167 2042 eodem
2214 1980 2372 2057 die;
2420 2000 2498 2043 ea
2544 1980 2718 2044 enim

411 2087 870 2171 improbabilis
937 2086 1194 2150 videtur
1258 2086 1592 2151 festinatio
1651 2087 1880 2151 eodem
1946 2088 2172 2170 utique
2241 2087 2346 2150 die
2402 2108 2572 2164 rem,
2631 2084 2718 2149 ad

412 2194 590 2259 aliud
635 2214 838 2275 genus
886 2193 1083 2257 caedis
1130 2193 1538 2272 translatam,
1595 2195 1984 2277 peragendi,
2042 2215 2172 2258 non
2220 2194 2399 2276 quod
2457 2214 2544 2257 eo
2602 2213 2718 2275 po-

411 2302 734 2365 tissimum
780 2302 885 2366 die
930 2301 1333 2366 tentabatur.
1422 2302 1670 2366 Deinde
1732 2308 1951 2367 autem
1999 2301 2217 2366 Livius
2275 2300 2337 2383 (ἓ
2395 2301 2460 2382 9)
2510 2301 2711 2383 scrip·
2747 2299 2889 2368 (464)

414 2414 621 2473 serat:
694 2408 854 2485 Quo
912 2409 1197 2473 deinde
1255 2408 1518 2487 mode,
1578 2411 1645 2473 si
1691 2416 1767 2474 te
1815 2416 2026 2474 metu
2095 2410 2384 2474 mortis
2432 2408 2716 2473 crede-

413 2516 586 2579 bam
643 2535 903 2579 cenam
949 2517 1254 2580 vitasse
1314 2536 1589 2595 meam,
1650 2538 1801 2580 non
1849 2517 1943 2581 ab
1991 2517 2264 2581 eodem
2320 2521 2539 2580 metu
2584 2538 2716 2581 co-

413 2622 968 2688 missationem
1016 2644 1333 2707 quoque
1380 2625 1831 2689 vitaturum
1871 2624 2494 2689 existimabam?
2559 2624 2716 2688 Edi-

410 2738 520 2796 tur
578 2731 941 2795 evitasse
999 2737 1066 2796 et
1124 2733 1650 2812 evitaturum,
1719 2739 1934 2797 ortum
1980 2732 2105 2797 hoc
2152 2755 2229 2797 ex
2276 2733 2717 2814 geminatione

410 2839 648 2903 litterae
695 2858 746 2915 c,
791 2838 954 2902 illud
1002 2859 1081 2902 ex
1127 2838 1270 2903 hoc.
1361 2839 1542 2903 Metu
1603 2841 1770 2904 enim
1819 2842 2097 2904 vitamus
2143 2861 2277 2917 reS,
2337 2859 2499 2920 quas
2546 2840 2717 2922 peri-

412 2947 675 3011 culosas
720 2945 859 3009 fore
916 2953 1255 3028 putamus,
1303 2945 1717 3029 fugimusque
1791 2968 2004 3030 neque
2061 2948 2142 3010 iis
2202 2967 2319 3010 nos
2366 2946 2717 3010 committi-

410 3076 587 3133 mus;
659 3075 737 3118 ea
782 3055 1123 3130 cautione,
1174 3055 1228 3117 si
1276 3051 1541 3117 fortuna
1585 3054 1795 3129 iuvat,
1846 3055 2059 3137 ipsum
2104 3054 2348 3118 malum
2394 3053 2716 3116 evitamus

412 3169 478 3225 et
524 3160 884 3243 effugimus.

582 3268 738 3352 Cap.
792 3273 887 3347 14,
936 3273 974 3331 8
1035 3267 1130 3348 (in
1200 3268 1428 3333 eadem
1500 3268 1862 3347 oratione):
1933 3267 2099 3332 Hoc
2170 3269 2379 3332 enim
2449 3268 2716 3332 videri

306 3407 312 3413 ·
410 3377 562 3452 vis,
609 3398 768 3440 non
814 3375 1055 3454 illud,
1108 3376 1319 3458 quod
1363 3373 1745 3441 fatentur
1791 3380 1868 3438 et
1928 3375 2196 3458 palam
2242 3382 2377 3440 est.
2449 3376 2545 3439 Et
2591 3376 2716 3442 sui

409 3503 489 3547 se
558 3482 843 3546 tuendi
911 3501 1160 3547 cauta
1228 3484 1679 3566 sumpsisse
1749 3483 2049 3547 dicunt.
2144 3482 2250 3547 Sic
2317 3486 2716 3549 recentiores

408 3591 913 3673 interpungunt3
962 3612 1114 3655 nam
1161 3612 1362 3672 quum
1407 3598 1605 3654 antea
1649 3589 1788 3653 haec
1836 3592 2410 3656 continuarentur:
2460 3598 2536 3656 et
2580 3614 2715 3676 pa-

407 3697 566 3762 lam
613 3705 752 3775 est,
802 3704 879 3762 et
922 3733 1008 3742 —
1053 3698 1363 3778 dicunt,
1410 3698 1778 3763 Gronovius
1827 3705 1892 3762 et
1937 3698 2050 3762 alii
2087 3706 2168 3763 et
2203 3707 2401 3782 atque
2437 3699 2717 3766 dicunt

409 3804 553 3869 tolli
598 3805 961 3870 voluerant.
1052 3805 1182 3870 Sed
1228 3807 1295 3870 in
1340 3805 1455 3870 illa
1501 3826 1760 3888 quoque
1808 3807 2335 3890 interpunctione
2394 3816 2472 3872 et
2529 3830 2715 3892 pror-

410 3934 524 3978 sus
571 3933 948 3995 perversum
996 3920 1113 3977 est.
1186 3912 1398 3978 Scribi
1446 3913 1673 3978 debet:
1727 3913 1804 3975 m
1849 3915 1970 3977 sui
2019 3936 2099 3979 se
2134 3915 2422 3979 tuendi
2469 3936 2717 3982 causa

410 4022 856 4102 sumpsisse
905 4019 1219 4099 dicunt3
1266 4028 1488 4086 recte
1536 4042 1628 4085 an
1669 4042 2099 4105 perperam
2136 4021 2518 4101 fecerint,
2551 4024 2714 4106 ipsi

409 4128 531 4191 sui
575 4127 780 4192 facti
837 4129 1241 4192 rationem
1287 4129 1651 4193 reddent.
1742 4128 2144 4194 Vocularum
2191 4137 2268 4194 et
2314 4136 2378 4193 et
2425 4132 2495 4195 ei
2542 4152 2714 4196 com-

406 4242 807 4298 mutat-arum
856 4235 1155 4318 exempla
1211 4245 1278 4301 et
1336 4223 1497 4301 alibi
1556 4257 1757 4320 supra
1794 4239 2018 4302 notavi
2055 4246 2119 4302 et
2157 4237 2241 4301 ad
2279 4237 2508 4313 XXVI,
2533 4243 2633 4310 22,
2676 4243 2712 4302 ’7

407 4339 585 4420 (add.
635 4341 865 4419 xxw,
916 4347 973 4419 3,
1027 4344 1222 4424 15).1)

456 4557 501 4624 ¹)
539 4557 778 4626 [Eodem
816 4562 999 4629 capite
1038 4559 1069 4629 ξ
1116 4565 1168 4628 4,
1226 4562 1319 4614 ubi
1374 4562 1670 4615 scribitur:
1720 4580 1855 4615 non
1910 4568 2408 4632 temperassem
2446 4567 2606 4620 vino
2644 4567 2714 4621 in
