3230 5282
619 610 744 663 Lib.
782 609 896 662 XL.
1688 599 1810 659 572

596 780 958 857 Gronovio‚
1007 781 1120 861 qui
1165 787 1386 845 tamen
1431 802 1551 865 pro
1597 782 1953 864 recipiet
1998 782 2202 847 scribi
2259 782 2527 848 volebat
2581 802 2663 846 re
2682 783 2899 865 cipe·

594 893 752 966 ret3
798 886 1138 952 Bekkerus
1186 894 1252 953 et
1294 889 1865 954 Weissenbornius
1909 891 2269 973 recipiat
2314 895 2699 972 posuerunt.
2770 888 2901 965 Sed

595 1000 741 1059 tota
788 996 1118 1060 sententia
1174 1016 1484 1079 perversa
1541 1003 1664 1061 est.
1754 997 1850 1062 De
1908 1019 2163 1062 summa
2207 998 2379 1061 enim
2421 1018 2527 1074 re,
2579 998 2899 1080 recipien-

597 1102 748 1166 dine
798 1104 930 1167 sint
975 1102 1246 1185 Ligures
1293 1124 1517 1182 necne,
1562 1103 1728 1167 nihil
1774 1111 2039 1169 senatus
2084 1105 2460 1187 respondet,
2508 1104 2653 1182 sed,
2700 1105 2755 1168 si
2797 1124 2902 1167 re-

598 1211 960 1292 cipiantur,
1005 1217 1188 1275 vetat
1232 1212 1296 1274 in
1355 1212 1645 1294 receptis
1701 1210 1879 1288 fieri,
1941 1212 2119 1295 quod
2176 1211 2528 1276 Marcellus
2575 1233 2644 1276 se
2689 1209 2902 1276 factu·

593 1339 741 1381 rum
784 1338 914 1382 non
959 1318 1379 1398 significarat,
1423 1324 1613 1382 vetat·
1648 1326 1871 1383 autem
1917 1325 2149 1384 contra
2205 1326 2617 1384 constantem
2665 1319 2902 1383 Roma-

595 1445 829 1489 norum
871 1426 940 1488 in
986 1425 1312 1490 dediticiis
1356 1426 1747 1509 recipiendis
1791 1447 2068 1505 morem,
2126 1428 2236 1509 qui
2295 1435 2601 1510 apparet,
2659 1434 2732 1490 ut
2774 1425 2902 1489 hoc

593 1537 773 1611 utar,
818 1532 933 1596 lib.
993 1531 1298 1611 XXXIX,
1348 1537 1404 1611 2,
1455 1539 1486 1596 1
1537 1540 1604 1597 et
1649 1540 1706 1596 4.
1796 1534 1960 1598 Mire
2008 1535 2208 1598 etiam
2243 1555 2389 1598 cum
2421 1533 2548 1598 hac
2598 1535 2901 1598 cautione

597 1640 945 1723 copulatur
1012 1638 1314 1723 (atque)
1384 1645 1773 1716 extremum,
1841 1642 2197 1706 mittendos
2265 1663 2407 1707 esse
2475 1641 2750 1723 Ligures
2815 1640 2903 1704 ad

597 1747 929 1825 consules,
975 1767 1141 1828 quos
1185 1749 1394 1812 vitare
1439 1748 1815 1827 voluerant,
1863 1750 2055 1831 quasi
2098 1747 2223 1813 hoc
2269 1769 2346 1812 ex
2392 1747 2623 1813 eodem
2667 1768 2901 1830 genere

597 1857 700 1919 sit.
792 1856 921 1919 Res
969 1860 1036 1918 et
1083 1858 1409 1920 sententia
1455 1864 1522 1920 et
1566 1858 1778 1920 oratio
1823 1862 2020 1921 rectae
2057 1863 2267 1934 erunt,
2313 1858 2621 1921 retractis
2667 1877 2701 1921 e
2745 1855 2903 1937 fuga

597 1963 852 2028 duabus
896 1962 1169 2040 litteris,
1231 1963 1381 2027 aliis
1439 1970 1617 2027 recte
1663 1964 1999 2028 diiunctis:
2067 1971 2233 2028 tum
2301 1984 2615 2045 quoque
2673 1962 2903 2046 (quum

596 2071 866 2152 Ligures
913 2069 1000 2134 ad
1041 2070 1426 2135 Marcellum
1473 2070 1888 2154 confugerint
1947 2080 2014 2136 et
2057 2093 2163 2135 res
2210 2093 2328 2154 per
2372 2071 2755 2136 Marcellum
2813 2069 2903 2134 ad

597 2186 898 2243 senatum
943 2178 1195 2241 reiecta
1242 2178 1354 2258 sit)
1403 2199 1552 2242 non
1611 2178 1936 2261 placere
1993 2179 2150 2241 nisi
2202 2200 2343 2262 per
2401 2178 2897 2242 deditionem

599 2285 948 2368 Ligures
993 2283 1271 2363 recipi,
1341 2292 1411 2346 et
1456 2288 1825 2369 receptis
1874 2307 2090 2350 arma
2136 2285 2387 2350 adimi
2448 2292 2694 2366 atque
2763 2305 2899 2349 eos

597 2393 694 2457 ad
751 2391 1134 2457 consules
1202 2392 1440 2469 mitti,
1509 2399 1875 2457 senatum
1943 2415 2248 2476 aequum
2315 2413 2666 2476 censere.
2758 2391 2901 2455 Nisi

594 2501 772 2564 facta
817 2504 1044 2581 aperte
1092 2505 1158 2562 et
1205 2499 1343 2563 sine
1392 2499 1782 2583 ambagibus
1840 2501 2172 2565 deditione
2230 2501 2436 2584 recipi
2483 2500 2755 2582 Ligures
2803 2521 2898 2563 se-

597 2616 793 2673 natus
839 2611 1051 2684 vetat3
1121 2604 1357 2672 deinde
1405 2608 1710 2691 adiungit
1756 2607 1907 2690 (et),
1978 2608 2135 2691 quid
2192 2608 2502 2673 Romanae
2550 2615 2899 2673 consuetu-

600 2717 732 2781 dini
799 2714 1257 2780 convenienter
1312 2718 1379 2780 in
1434 2718 1718 2799 receptis
1785 2715 2159 2781 faciendum
2227 2718 2330 2780 sit.
2421 2716 2505 2780 Et
2560 2714 2904 2799 particulae

426 2832 568 2900 (467)
603 2825 761 2890 nisi
829 2824 993 2888 adeo
1062 2823 1416 2888 manifesta
1478 2831 1633 2887 sunt
1695 2824 1974 2906 vestigia
2038 2824 2105 2888 in
2166 2824 2317 2888 LoV.
2366 2828 2404 2886 4
2474 2832 2540 2887 et
2594 2822 2803 2887 Mead.
2867 2826 2895 2884 l

599 2932 779 3013 (non
825 2931 1360 3014 placerentsi‚
1410 2931 1564 2996 Lov.
1615 2936 1651 2994 3
1697 2952 1851 2995 non
1897 2932 2397 3013 placeretsi)‚
2445 2938 2520 2995 ut
2560 2931 2903 2996 Gelenium

599 3061 732 3104 non
793 3040 953 3103 satis
1012 3037 1201 3121 plene
1259 3039 1340 3103 de
1397 3039 1463 3102 M
1531 3038 1835 3102 retulisse
1896 3047 2151 3121 putem,
2219 3041 2639 3123 incipientem
2706 3060 2747 3102 a
2804 3039 2899 3116 si,

599 3149 825 3231 priora
869 3145 1330 3228 (placerent
1375 3167 1495 3229 pro
1543 3145 1948 3228 placere?)
1998 3148 2430 3211 omittentem.
2501 3147 2748 3212 Eodem
2794 3167 2901 3209 ca-

599 3257 735 3339 pite
801 3255 973 3318 infra
1041 3249 1103 3334 (§
1174 3256 1240 3315 7:
1312 3250 1385 3327 Q.
1445 3252 1775 3317 Fulvius
1844 3253 2187 3318 Flaccus
2277 3256 2353 3318 in
2422 3256 2902 3319 citeriorem

602 3357 1037 3445 [Hispaniam]
1086 3361 1463 3441 pervenit
1509 3363 2125 3442 exercitumque
2172 3382 2211 3424 a
2255 3361 2639 3426 Terentio
2688 3383 2905 3426 acce·

601 3470 749 3553 pit)
799 3467 1218 3532 scribendum
1266 3475 1397 3531 est:
1458 3467 1552 3531 ab
1601 3469 1674 3530 A.
1724 3467 2134 3533 Terentio.
2211 3469 2390 3533 Vidit
2435 3471 2663 3533 vitium
2708 3471 2905 3534 etiam

600 3574 1203 3647 WeissenborniuS,
1263 3574 1379 3637 sed
1426 3576 1564 3639 sine
1610 3595 1811 3639 causa
1865 3579 2228 3657 graviorem
2273 3577 2709 3660 suspicionem
2756 3596 2906 3640 con-

605 3682 868 3765 cepit.¹,)

651 3933 698 3998 ¹)
740 3908 805 4002 [ξ
837 3936 896 3985 11
936 3933 1122 3987 editur
1157 3951 1224 3987 ex
1259 3934 1340 3987 M:
1397 3936 1550 3989 auri
1588 3936 1963 4003 octoginta
2010 3935 2261 4004 pondo,
2319 3941 2386 3991 et
2439 3937 2582 3990 duae
2638 3953 2911 3991 coronae

741 4035 957 4071 aurem
995 4019 1223 4089 pondo
1270 4018 1640 4088 sexaginta
1691 4026 1983 4088 septem;
2040 4020 2264 4074 codices
2321 4023 2564 4090 quinque
2599 4022 2769 4076 Drak.
2808 4023 2908 4077 ha-

740 4104 876 4157 bent
914 4109 979 4158 ct
1015 4103 1161 4157 duo.
1219 4104 1773 4174 Scribendumputo:
1813 4106 1958 4159 auri
1986 4107 2358 4173 octoginta
2392 4108 2617 4174 pondo
2656 4113 2724 4162 et
2762 4108 2912 4170 duc.

741 4205 1009 4242 coronoe
1048 4206 1268 4244 aureae
1308 4192 1677 4257 sexaginta
1707 4195 1986 4259 septem,
2025 4196 2083 4243 et
2116 4190 2342 4259 pondo
2375 4192 2433 4244 in
2463 4197 2713 4246 extremo
2743 4210 2915 4245 mem-

739 4275 842 4327 bro
879 4290 1066 4327 errore
1104 4291 1176 4327 ex
1223 4276 1608 4344 superioribus
1645 4276 1964 4343 repetitum.
2038 4275 2181 4329 Nam
2220 4279 2277 4330 in
2316 4277 2592 4345 scriptura
2633 4277 2783 4345 Mog.
2822 4295 2914 4331 co·

738 4375 895 4412 ronoe
933 4364 990 4413 et
1044 4360 1209 4413 nimis
1244 4377 1440 4428 paucae
1478 4370 1534 4413 et.
1587 4360 1753 4413 nimis
1803 4360 2138 4429 ponderosae
2194 4362 2472 4416 videntur.
2546 4363 2775 4416 Pondus
2810 4379 2908 4417 co·

739 4460 1035 4510 ronarum,
1073 4461 1187 4497 non
1223 4461 1520 4511 numerus,
1559 4444 1844 4498 indicatur
1877 4444 2134 4511 XXXIX,
2180 4449 2229 4515 5,
2272 4450 2335 4500 14
2371 4452 2427 4500 et
2462 4449 2513 4515 7,
2558 4451 2614 4512 13
2651 4465 2915 4502 numerus
