3230 5282
1459 637 1581 702 105
2410 648 2537 706 Lib.
2573 648 2675 704 ΙΙΙ.

365 818 658 888 civiles
726 827 1114 887 externos
1167 821 1472 888 tollere
1530 822 1857 887 animos.
1958 821 2260 888 Debebat
2316 821 2477 887 dici:
2545 843 2679 887 ur-

363 928 571 999 bano
640 930 814 996 otio
880 928 1094 996 foris
1163 951 1515 1015 quoque,
1579 950 1703 995 nec
1766 929 1904 995 ulla
1971 936 2072 996 est
2129 931 2368 996 mutati
2425 929 2677 997 ordinis

364 1040 720 1105 excusatio.
815 1036 1054 1121 [Recto
1103 1038 1336 1106 ordine
1381 1036 1559 1121 V.]¹)

531 1144 698 1230 Cap.
747 1150 848 1224 67,
897 1151 935 1212 5
980 1144 1079 1227 (in
1122 1147 1422 1213 oratione
1467 1145 1539 1211 T.
1578 1144 1870 1223 Quinctii
1915 1143 2272 1230 Capitolini
2316 1144 2668 1227 consulis):
2707 1160 2818 1229 (86)

363 1254 534 1320 Non
612 1254 746 1320 illi
814 1252 1042 1337 (AEqui
1107 1262 1176 1320 et
1241 1253 1491 1336 Volsci)
1572 1260 1931 1320 vestram
2007 1254 2413 1335 ignaviam
2494 1274 2678 1319 con-

364 1370 780 1446 tempsere
835 1381 984 1428 nec
1040 1381 1197 1427 suae
1240 1362 1539 1427 virtuti
1584 1361 1884 1428 confisi
1933 1367 2149 1441 sunt3
2207 1362 2511 1446 quippe
2555 1367 2679 1427 to-

363 1471 521 1536 ties
589 1470 760 1536 fusi
824 1468 1296 1553 fugatique,
1365 1471 1675 1535 castris
1742 1470 1994 1548 exuti,
2063 1490 2257 1553 agro
2326 1467 2676 1550 multati,

366 1578 510 1645 sub
577 1580 872 1658 iugum
920 1578 1146 1644 missi
1213 1584 1293 1642 et
1353 1598 1433 1643 se
1492 1584 1574 1642 et
1628 1599 1772 1643 vos
1825 1597 2134 1642 novere.
2245 1576 2684 1642 Discordia

364 1687 743 1753 ordinum
831 1692 956 1751 est
1037 1706 1432 1750 venenum
1517 1685 1746 1751 urbis
1832 1685 2101 1765 huiuS,
2187 1691 2510 1770 patrum
2587 1705 2682 1750 ac

362 1794 634 1880 plebis
682 1794 1170 1874 certamina3
1216 1793 1393 1859 dum
1437 1814 1580 1858 nec
1625 1792 1859 1859 nobis
1906 1794 2231 1878 imperii
2275 1812 2420 1858 nec
2450 1791 2683 1857 vobis

364 1903 808 1969 libertatis
852 1908 981 1968 est
1023 1901 1341 1981 modus,
1400 1901 1576 1967 dum
1634 1901 1883 1967 taedet
1940 1921 2075 1967 vos
2119 1901 2683 1985 patriciorum,

364 2011 511 2077 hos
612 2009 1131 2095 plebeiorum
1229 2010 1917 2093 magistratuum,
2028 2006 2452 2074 sustulere
2551 2007 2681 2073 illi

365 2120 699 2185 animos.
823 2117 971 2183 Non
1033 2124 1214 2183 recte
1281 2138 1362 2183 ex
1428 2138 1507 2184 eo
1575 2118 1754 2202 ipso,
1834 2116 2016 2202 quod
2079 2116 2357 2182 taederet
2419 2115 2683 2200 plebem

365 2227 805 2312 patriciorum
881 2225 1420 2308 magistratuum,
1497 2226 1816 2310 patricios
1892 2223 2334 2309 plebeiorum,
2413 2244 2537 2289 nec
2602 2244 2681 2289 ex

365 2336 572 2400 nimio
654 2333 1086 2419 patriciorum
1162 2333 1423 2417 imperii
1503 2354 1759 2414 amore,
1846 2332 2253 2418 plebeiorum
2325 2330 2683 2410 libertatis,

367 2442 568 2526 AEqui
614 2449 685 2506 et
728 2440 947 2506 Volsci
994 2440 1340 2506 sustulisse
1387 2441 1643 2507 animos
1687 2440 2028 2522 dicuntur3
2096 2438 2333 2522 (neque
2378 2439 2550 2504 enim
2594 2437 2680 2502 ad

367 2572 485 2617 eos
553 2549 671 2615 illa
735 2547 1163 2633 pertinebant
1180 2548 1222 2631 3)
1301 2554 1570 2633 propter
1654 2549 2016 2614 certamina
2093 2569 2172 2614 ex
2247 2547 2379 2612 illis
2447 2545 2686 2612 studiis

371 2667 525 2725 orta
588 2657 915 2724 rebellare
982 2658 1125 2722 ausi
1186 2663 1394 2722 erant.
1506 2658 1745 2742 Itaque
1808 2655 2130 2736 Clericus,
2199 2677 2391 2739 quem
2443 2655 2684 2739 Kreys-

368 2768 577 2850 sigius
622 2772 891 2832 secutus
936 2770 1057 2846 est,
1102 2766 1197 2831 sic
1232 2764 1598 2831 orationem
1635 2764 1953 2845 distinxit,
1996 2786 2132 2830 una
2163 2764 2392 2829 littera
2425 2762 2685 2828 addita:

369 2872 812 2940 Discordia
886 2879 1015 2939 est
1091 2893 1480 2938 venenum
1558 2873 1792 2938 urbis
1857 2873 2130 2953 huius3
2206 2879 2527 2956 patrum
2593 2891 2687 2936 ac

369 2981 651 3065 plebis
699 2981 1172 3060 certamina,
1219 2980 1401 3045 dum
1441 3016 1528 3026 —
1572 2981 2222 3064 magistratuum,
2271 2978 2688 3045 sustulere

369 3089 552 3152 mis
595 3090 928 3169 animos,
983 3094 1061 3153 ut
1102 3087 1221 3153 illa
1265 3088 1441 3152 dum
1485 3107 1627 3152 nec
1672 3089 1908 3154 nobis
1954 3095 2077 3155 cet.
2125 3088 2209 3154 ad
2255 3087 2687 3152 certaminum

367 3218 650 3263 causam
708 3202 776 3262 et
828 3202 1135 3261 naturam
1180 3194 1600 3261 indicandam
1648 3195 1996 3262 addantur.
2100 3194 2455 3277 (Tollere
2511 3194 2686 3258 ani-

369 3325 544 3370 mos
589 3303 850 3369 alicui
895 3303 1140 3386 legitur
1183 3302 1326 3383 VII,
1386 3306 1442 3384 7,
1500 3303 1587 3385 3.)
1693 3304 1935 3369 Verum
1989 3325 2066 3370 eo
2123 3303 2333 3387 magis
2391 3307 2689 3386 apparet,

364 3433 576 3495 quam
659 3432 970 3496 perverse
1056 3413 1233 3477 inter
1309 3411 1451 3476 haec
1529 3418 1597 3476 et
1672 3413 2018 3496 superiora
2092 3411 2238 3477 illa:
2328 3432 2479 3476 non
2557 3409 2685 3475 illi

425 3600 474 3666 ¹)
516 3597 606 3668 [In
644 3598 812 3652 huius
857 3597 1062 3667 capitis
1110 3594 1142 3667 ἓ
1186 3601 1207 3649 1
1248 3596 1622 3652 Mommsenio
1669 3598 1914 3667 suspicio
1961 3614 1990 3652 e
2027 3597 2151 3653 cod.
2190 3598 2241 3651 V
2272 3597 2575 3653 manifesto
2612 3598 2690 3653 la-

516 3701 733 3738 cunoso
782 3682 900 3751 (No
956 3723 969 3735 .
1010 3722 1023 3735 .
1068 3723 1082 3735 .
1130 3681 1442 3751 paricios
1496 3683 1641 3737 netl
1686 3724 1697 3736 .
1738 3725 1749 3736 .
1795 3723 1808 3736 .
1860 3689 2274 3752 cooptavere
2330 3700 2405 3738 co
2454 3725 2465 3736 .
2500 3723 2512 3735 .
2546 3725 2557 3736 .
2593 3684 2684 3738 ti-

505 3768 942 3837 spherminiu
1005 3808 1016 3821 .
1057 3808 1069 3821 .
1111 3767 1144 3835 .)
1210 3766 1385 3822 ducta
1436 3768 1505 3821 de
1559 3769 1764 3823 ceteris
1821 3768 2113 3824 codicibus
2166 3768 2437 3824 historica
2489 3767 2688 3824 fraude

507 3853 869 3924 interpolatis
907 3854 1138 3908 omnino
1177 3853 1565 3922 improbabilis
1603 3859 1703 3907 est.
1751 3853 1863 3907 Cur
1881 3853 2097 3920 Livius,
2134 3853 2232 3922 qui
2260 3870 2329 3907 ex
2356 3854 2598 3909 tribunis
2627 3854 2687 3908 in

507 3939 756 3993 comitiis
810 3939 1018 3994 creatis
1071 3956 1243 3994 unum
1295 3943 1497 4008 postea
1547 3937 1891 3993 Trebonium
1942 3939 2224 4005 nominat,
2288 3943 2689 4009 cooptatorum

505 4024 742 4079 nomina
774 4024 1076 4093 posuisset,
1116 4024 1164 4078 si
1200 4023 1343 4079 nihil
1381 4024 1438 4077 in
1474 4023 1544 4078 iis
1580 4024 1832 4079 notabile
1868 4023 2109 4079 fuisset?
2162 4023 2239 4078 Et
2273 4041 2386 4093 quo
2421 4024 2689 4094 pertinet,

508 4108 664 4177 quod
710 4109 1009 4164 subiicitur
1053 4109 1122 4163 de
1156 4109 1220 4163 L.
1258 4108 1541 4163 Trebonio
1586 4109 1843 4178 patribus
1890 4110 1965 4163 ob
2002 4110 2428 4177 cooptationem
2463 4109 2690 4177 infestO,

505 4193 619 4247 nisi
665 4193 735 4247 ad
779 4193 923 4248 illud
971 4194 1042 4249 de
1084 4195 1340 4263 patriciis
1387 4195 1671 4263 cooptatis
1718 4198 1852 4249 ante
1896 4194 2223 4248 narratum?
2279 4193 2411 4262 Cha,
2458 4212 2583 4264 quse
2620 4195 2688 4262 V,

511 4282 598 4344 10,
653 4281 718 4332 10
753 4284 810 4332 et
851 4281 910 4332 11
950 4278 1250 4333 traduntur
1285 4280 1355 4333 de
1393 4278 1801 4334 eiusdemmodi
1839 4280 2206 4349 cooptatione
2242 4284 2479 4334 tentata.
2563 4277 2690 4332 Om-

505 4363 648 4419 nino
683 4362 1011 4418 huiusmodi
1049 4363 1223 4418 studii
1260 4369 1354 4417 aut
1388 4362 1603 4418 fraudis
1640 4364 1713 4417 ad
1744 4365 1927 4433 ipsam
1955 4365 2334 4420 narrationem
2361 4363 2687 4420 mutandam

514 4450 833 4517 spectantis
868 4447 1085 4502 nullum
1119 4449 1415 4503 minimum
1450 4448 1509 4504 in
1525 4448 1677 4503 Livii
1707 4449 1999 4504 codicibus
2026 4450 2329 4519 vestigium
2358 4456 2460 4505 est.
2537 4451 2688 4503 1873.

505 4531 677 4589 Nunc
710 4532 1120 4589 Mommsenius
1155 4533 1279 4603 ipse
1316 4534 1693 4604 suspicionem
1730 4535 1954 4590 abiecit.
2031 4534 2201 4604 1875]
