3230 5282
626 639 750 695 Lib.
788 637 963 693 XLII.
1720 623 1843 684 660

619 810 843 876 Livius
908 814 1138 875 narrat
1155 860 1169 889 ,
1246 804 1693 890 mirarentur]
1781 805 2120 872 Librarius
2189 826 2390 890 quum
2458 813 2608 892 post
2671 827 2791 872 mo
2806 806 2925 872 ris

619 918 948 985 omisisset
1001 916 1365 995 Romani,
1426 914 1581 980 dum
1624 913 1965 981 retrahere
2015 914 2332 981 omissum
2373 915 2562 1007 vult„
2591 913 2765 997 quod
2808 935 2925 980 sae-

620 1028 769 1112 pius
814 1026 875 1092 ei
919 1025 1188 1106 accidit,
1254 1026 1330 1090 in.
1376 1044 1612 1090 novum
1669 1022 1900 1089 incidit
1967 1044 2256 1089 errorem
2312 1022 2511 1090 aliam
2565 1044 2788 1089 vocem
2831 1024 2928 1088 in-

622 1134 924 1202 serendo,

794 1240 951 1327 Cap.
999 1246 1100 1323 63,
1158 1245 1195 1306 ’7
1261 1242 1331 1307 in
1398 1239 1835 1326 descriptione
1902 1237 2191 1305 Haliarti
2254 1238 2439 1305 urbis
2507 1260 2549 1305 a
2619 1239 2929 1307 Lucretio

623 1357 906 1437 praetore
951 1350 1250 1417 Romano
1299 1354 1692 1434 oppugnatae
1738 1346 1820 1413 de
1866 1347 2213 1431 oppidanis
2257 1346 2510 1413 nudata
2545 1371 2732 1415 muro
2779 1371 2931 1434 pro·

623 1464 775 1525 ruto
818 1457 968 1525 loca
1008 1456 1348 1523 tuentibus
1392 1456 1552 1540 haec„
1579 1455 1990 1522 scribuntur:
2058 1453 2317 1538 Super
2372 1461 2719 1522 stratum
2764 1458 2933 1523 rui-

623 1566 749 1632 nis
804 1566 1064 1633 locum
1118 1565 1488 1631 fascibus
1565 1563 1833 1630 aridis
1902 1570 2488 1630 sarmentorum
2554 1566 2931 1647 iniectis,

626 1681 948 1741 stantes
1016 1695 1183 1740 cum
1240 1672 1735 1739 ardentibus
1788 1671 2119 1738 facibus
2164 1692 2662 1739 accensuros
2712 1694 2933 1740 ease

626 1803 834 1868 saepe
869 1782 1408 1862 minabantur,
1453 1787 1559 1862 ut,
1606 1780 1990 1847 incendio
2036 1782 2495 1866 intersaepti
2538 1780 2633 1846 ab
2677 1780 2934 1864 hoste,

628 1871 995 1976 spatium
1038 1890 1135 1956 ad
1180 1889 1730 1956 obiiciendum
1785 1888 2263 1954 interiorem
2319 1910 2624 1955 murum
2678 1889 2933 1956 habe-

625 2005 827 2065 rent.
918 1998 1084 2064 Mire
1140 2000 1208 2064 in
1252 1997 1373 2064 tali
1428 2018 1502 2063 re
1547 1997 1919 2080 frequentia
1960 1996 2286 2062 minarum
2345 1994 2403 2078 (s
2420 1996 2606 2082 aepe)
2653 1997 2936 2066 adnota-

626 2114 754 2173 tur.
844 2105 1066 2173 Codex
1108 2106 1341 2172 habet:
1403 2127 1569 2172 eam
1614 2126 1693 2171 se
1742 2125 1947 2188 saepe
1993 2104 2538 2172 minabantur.
2626 2106 2774 2172 Non
2823 2107 2937 2173 de·

625 2215 954 2281 trahenda
998 2222 1142 2280 erat
1186 2216 1255 2280 in
1322 2235 1489 2280 eam
1547 2213 1775 2279 littera
1818 2234 1904 2293 ιι,
1960 2211 2075 2278 sed
2119 2213 2188 2278 in
2234 2233 2440 2298 saepe
2510 2235 2588 2280 ex
2632 2215 2939 2298 sequenti

628 2322 860 2405 (min.)
906 2321 1241 2388 addenda:
1310 2342 1800 2388 accensuros
1860 2340 2027 2387 eam
2071 2341 2153 2386 se
2198 2341 2486 2405 saepem
2532 2322 2594 2405 (e
2642 2343 2939 2389 sarmen-

625 2436 848 2497 torum
888 2428 1182 2496 fascibus
1227 2427 1499 2511 factam)
1549 2427 2170 2511 minabantur.¹)

800 2536 957 2623 Cap.
1006 2542 1104 2602 64.
1195 2538 1519 2616 Quoniam
1585 2539 1766 2622 gravi
1830 2537 2112 2617 vulneri,
2182 2536 2359 2622 quod
2423 2538 2492 2602 in
2558 2536 2591 2621 ἕ
2638 2543 2678 2602 4
2736 2538 2936 2605 huius

632 2648 869 2731 capitis
911 2647 1174 2728 insidet,
1217 2648 1468 2714 mederi
1490 2668 1769 2731 nequeo,
1816 2646 1947 2712 duo
1968 2646 2218 2712 leviora
2239 2646 2483 2712 tollam.
2548 2646 2715 2713 Nam
2752 2649 2939 2741 quod

634 2752 731 2838 (in
777 2755 1007 2821 eadem
1065 2755 1509 2840 paragrapho)
1557 2755 1653 2821 sic
1698 2754 1948 2820 editur:
2016 2754 2599 2840 Nequidquam:
2665 2757 2941 2840 primae

632 2864 1039 2929 stationes
1086 2884 1496 2949 oppressae
1542 2861 1901 2929 tumultu
1934 2868 2379 2947 ac,terrore
2426 2883 2565 2929 suo
2612 2870 2940 2932 ceteros

634 2972 1244 3052 excitaverunt,
1302 2991 1433 3037 non
1491 2962 1593 3037 est
1637 2969 1892 3036 Latinae
1937 2977 2005 3036 et
2048 2992 2259 3055 prosse
2305 2971 2623 3038 orationis
2667 2971 2788 3038 illa
2832 2994 2944 3038 ex-

635 3079 978 3160 clamatio,
1045 3080 1411 3164 praesertim
1499 3100 1633 3144 non
1701 3077 1996 3145 subiecto
2075 3100 2254 3144 nam
2332 3085 2450 3145 aut
2514 3082 2750 3159 enim,
2823 3080 2943 3147 sed

623 3188 838 3254 *rerba
939 3189 1034 3254 sic
1131 3185 1624 3270 distinguenda:
1729 3186 2295 3271 Nequidquam
2401 3188 2670 3273 primae
2772 3195 2943 3255 sta-

634 3297 913 3363 tiones
980 3314 1394 3379 oppressae
1457 3294 1815 3361 tumultu
1873 3315 1962 3360 ac
2016 3301 2337 3361 terrore
2398 3317 2538 3362 suo
2616 3303 2942 3364 ceteros

636 3404 1251 3482 excitaverunt,
1319 3408 1398 3467 ut
1459 3403 2010 3488 nequidquam
2055 3409 2313 3469 tantum
2377 3403 2462 3469 ad
2519 3405 2942 3491 participium

508 3511 529 3533 “
636 3511 982 3595 pertineat.
1050 3509 1304 3576 Deinde
1349 3508 1382 3594 ξ
1429 3515 1466 3576 ’7
1515 3532 1715 3594 quum
1759 3512 1828 3577 in
1865 3510 2091 3578 codice
2127 3512 2244 3577 sit:
2290 3511 2392 3577 ad
2436 3509 2943 3580 Crannonam

636 3618 1041 3683 intactum
1086 3639 1364 3702 agrum
1422 3628 1697 3687 castra
1754 3619 2270 3686 moventibus
2315 3620 2457 3701 ibi,
2526 3620 2943 3689 scribendum

638 3731 773 3790 est:
821 3724 918 3790 ad
962 3723 1418 3808 Crannona,
1475 3729 1878 3794 intactum
1924 3748 2231 3811 agrum,
2279 3735 2553 3795 castra
2596 3738 2942 3810 movent,

635 3832 845 3898 vitato
889 3854 1023 3898 non
1065 3831 1239 3900 bono
1285 3835 1634 3902 verborum
1669 3836 1896 3902 ordine
1934 3834 2503 3918 (Crannonium
2538 3839 2943 3904 intactum

639 3938 963 4024 agrum).
1035 3928 1309 4023 [Debuit
1343 3943 1571 4010 scribi:
1621 3941 2049 4009 Crannona
2091 3944 2167 4007 in
2212 3946 2618 4012 intactum
2662 3968 2942 4031 agrum

639 4069 694 4114 c.
739 4071 823 4114 m.
875 4047 1161 4132 1876.]²)

691 4259 739 4328 ¹)
777 4258 809 4329 ἐ
845 4262 879 4315 6
913 4279 1028 4318 non
1061 4261 1395 4318 mutandum
1442 4268 1562 4318 erat
1613 4266 1845 4320 verbum
1898 4269 2120 4320 rectum
2176 4271 2233 4321 et
2285 4267 2662 4321 necessarium
2716 4266 2943 4322 fuerat

776 4346 1119 4417 (quodque
1182 4348 1364 4404 inter
1424 4366 1532 4404 eas
1595 4351 1770 4405 muri
1839 4349 2112 4418 fuerat),
2180 4350 2278 4406 sed
2331 4351 2732 4421 supplendum,
2792 4350 2943 4421 quod

776 4437 1012 4501 propter
1063 4433 1485 4489 similitudinem
1539 4434 1775 4490 excidit:
1830 4436 2152 4505 quodque
2203 4432 2389 4491 inter
2434 4455 2545 4492 eas
2580 4439 2753 4492 muri
2790 4437 2936 4491 fue·

775 4522 914 4585 rat,
952 4524 1330 4573 corruerat.
1406 4518 1524 4589 [Sic
1559 4517 1957 4591 Kreyssigius.]

680 4601 741 4666 ¹)
776 4599 978 4671 [Grave
1012 4603 1155 4659 illud
1189 4605 1391 4659 vulnus
1443 4606 1503 4671 in
1539 4604 1571 4675 ξ
1606 4609 1641 4660 4
1676 4607 1936 4663 lacunam
1972 4607 2256 4664 occultare
2290 4606 2515 4663 videtur
2551 4606 2930 4675 excidisseque
