3230 5282
1448 575 1570 635 629
2323 587 2444 640 Lib.
2483 586 2655 640 XLII.

364 781 559 826 esse.
627 760 736 824 Ea
769 760 987 842 regis
1034 760 1348 842 legatio
1396 781 1499 842 gr.
1548 781 1595 824 s.
1644 758 1707 838 f.,
1754 780 1794 824 a
1837 760 2129 840 vestigiis
2178 759 2421 824 codicis
2465 759 2656 841 louge

364 869 669 945 discedit,
717 868 1139 951 abundatque
1205 889 1477 952 prorsus
1544 868 1777 951 regis.
1872 866 2300 932 Scribendum
2368 869 2656 933 videtur:

364 977 705 1060 Egregie
752 997 842 1042 ea
898 976 1204 1059 legatio
1253 983 1489 1059 grata
1535 998 1583 1041 s.
1632 976 1673 1040 f.
1766 975 1826 1058 [ξ
1875 981 1909 1038 6
1958 997 2034 1040 ex
2082 998 2176 1054 e0,
2223 977 2394 1058 quod
2442 978 2507 1040 in
2554 997 2660 1041 co-

365 1086 506 1150 dice
555 1093 679 1150 est:
727 1084 1104 1150 habitare
1149 1084 1265 1148 rei
1311 1091 1679 1168 possent,
1726 1083 1896 1149 effici
1940 1085 2228 1149 videtur:
2276 1084 2658 1149 habitare

364 1201 569 1257 recte
626 1200 977 1277 possent.
1069 1192 1490 1275 Significatur
1543 1194 1721 1258 bona
1768 1202 1834 1258 et
1880 1194 2221 1258 commoda
2265 1203 2464 1276 atque
2511 1213 2659 1258 con-

361 1303 621 1367 veniens
667 1301 993 1365 habitatio
1043 1301 1142 1379 (ut
1187 1323 1387 1384 quum
1424 1300 1563 1365 ludi
1607 1309 1826 1386 recte
1872 1301 2070 1366 facti
2118 1300 2481 1378 dicuntur),
2529 1321 2658 1383 quo

363 1412 648 1496 pertinet
705 1412 922 1494 ipsum
988 1409 1256 1474 verbum
1323 1418 1691 1493 possent,
1750 1410 2042 1493 alioquin
2103 1410 2316 1474 Livius
2386 1409 2663 1473 dixisset

361 1519 858 1584 habitarent.
949 1518 1025 1582 In
1081 1519 1378 1602 proxima
1435 1520 1758 1582 sententia
1820 1519 2419 1587 'Weissenbornius,
2487 1516 2659 1598 quod

361 1649 501 1692 rem
547 1628 854 1691 continet.
904 1625 1244 1698 intellexit,
1294 1626 1359 1689 in
1406 1628 1730 1709 corruptis
1778 1624 2024 1690 codicis
2072 1626 2359 1708 vestigiis
2407 1625 2659 1705 (thre-

363 1756 537 1800 cum
603 1736 908 1817 legatis
979 1756 1056 1798 se
1128 1734 1808 1817 discepnatisque
1866 1742 1940 1798 et
2000 1735 2232 1810 satis)
2291 1734 2498 1798 latere
2545 1755 2659 1796 no-

362 1845 538 1908 mina
604 1845 802 1907 trium
852 1843 1260 1926 populorum,
1329 1863 1608 1924 quorum
1677 1842 1873 1923 legati
1934 1844 2292 1921 venissent,
2363 1863 2440 1905 ex
2498 1842 2659 1925 ipsis

362 1953 732 2017 nominibus
802 1952 1076 2034 primum
1145 1950 1402 2014 videtur
1481 1959 1658 2014 recte
1725 1950 2091 2015 restituisse
2165 1949 2458 2031 (Maedis
2526 1952 2660 2015 sive

362 2059 659 2139 Medis),
731 2061 799 2123 in
868 2059 1142 2135 duohuS,
1213 2058 1366 2121 dum
1432 2058 1515 2122 ab
1585 2059 1729 2141 ipso
1788 2058 1968 2123 Livio
2021 2057 2397 2139 (XXXVIII,
2447 2063 2547 2136 40,
2596 2057 2659 2140 7)

325 2161 587 2244 sumit,
657 2189 696 2231 a
763 2167 984 2232 codice
1041 2168 1231 2230 nimis
1279 2166 1682 2230 discessisse.
1778 2166 1933 2230 Mihi
1993 2168 2057 2231 in
2117 2168 2659 2250 cepnatisque

362 2255 746 2342 Odomantae
792 2274 1147 2358 significari
1198 2275 1316 2338 visi
1364 2282 1547 2350 suut,
1606 2276 1670 2338 in
1732 2276 1941 2339 satis
1991 2274 2232 2358 Sapfei,
2293 2296 2456 2359 quos
2512 2281 2662 2359 post

361 2385 769 2450 Herodotum
817 2383 1071 2462 Strabo,
1141 2383 1418 2460 Plinius,
1464 2382 1826 2447 Pausanias
1883 2386 2241 2464 nominant.
2334 2383 2659 2448 Odoman-

361 2495 495 2558 tica
559 2499 740 2558 terra
807 2501 869 2556 et
920 2491 1096 2575 apud
1164 2490 1500 2573 Polybium
1572 2497 1639 2555 et
1705 2491 1880 2575 apud
1948 2492 2199 2556 Livium
2266 2493 2658 2556 nominatur.

369 2599 649 2684 1864]¹)

532 2709 689 2795 Cap.
738 2714 838 2777 23.
889 2716 923 2773 ὃ
975 2708 1067 2789 (in
1130 2711 1425 2773 oratione
1485 2709 1850 2791 legatorum
1897 2709 2536 2791 Carthaginiensium
2583 2709 2661 2773 de

358 2819 717 2884 Masinissae
763 2819 1018 2882 iniuriis
1056 2816 1523 2899 querentium):
1561 2816 1855 2882 Missos
1895 2839 2073 2882 esse
2111 2819 2261 2897 (scr.
2303 2838 2449 2881 cum
2492 2817 2656 2881 Gro-

360 2927 582 2990 novio:
654 2926 943 2990 missos
992 2947 1101 3004 se,
1150 2947 1227 2989 ne
1276 2925 1442 2989 alios
1493 2926 1724 2988 missos
1770 2947 2041 2991 narrare
2120 2923 2518 3005 videantur),
2580 2926 2658 2988 ui

358 3043 686 3099 orarent·
734 3044 1133 3111 senatum,
1190 3044 1276 3096 ut
1322 3034 1558 3096 trium
1606 3032 1885 3097 harum
1945 3055 2207 3098 rerum
2263 3056 2491 3097 unam
2554 3032 2650 3097 ab
2688 3042 2831 3113 (518)

359 3165 436 3208 se
486 3144 915 3228 impetrari
963 3143 1353 3217 sinerent,
1401 3149 1485 3206 ut
1528 3139 1786 3205 velex
1834 3163 2055 3223 aequo
2104 3142 2311 3225 apud
2361 3141 2662 3205 socium

357 3251 772 3335 populum,
843 3251 1028 3332 quid
1100 3242 1488 3331 cuiusque
1557 3258 1803 3327 esset,
1874 3251 2475 3333 disceptarent,
2538 3251 2662 3315 vel

358 3362 954 3443 permitterent
1002 3356 1853 3440 Carthaginiensibus,
1901 3365 1985 3422 ut
2032 3359 2427 3422 adversus
2460 3359 2662 3422 iniu-

405 3609 450 3671 1)
492 3606 620 3676 Cap.
662 3609 743 3671 20,
799 3608 829 3657 2
887 3607 1007 3659 cod.
1065 3606 1309 3659 Patres
1364 3610 1429 3657 et
1483 3604 1899 3673 haruspices
1957 3605 2226 3658 referre
2290 3612 2357 3658 et
2402 3605 2660 3659 decem-

493 3694 679 3745 viros
720 3691 907 3745 adire
945 3692 1159 3745 libros
1198 3693 1590 3751 iusserunt,
1649 3688 1817 3757 Gryn.
1869 3691 1947 3744 ad
2002 3691 2138 3744 har.
2179 3691 2475 3757 referre;
2533 3692 2662 3744 scri-

494 3778 740 3832 bendum
779 3777 860 3830 ad
914 3778 1324 3845 haruspices
1372 3776 1646 3841 referri3
1703 3776 1798 3829 cfr.
1839 3794 1883 3830 c.
1924 3780 2006 3841 23,
2044 3780 2075 3831 3
2114 3783 2171 3830 et
2207 3780 2289 3843 25,
2327 3780 2361 3830 4
2414 3777 2655 3845 prohi-

493 3864 656 3917 bere
693 3879 793 3932 pro
831 3863 1192 3931 prohiberi
1232 3870 1359 3916 ante.
1397 3878 1439 3927 e,
1478 3879 1523 3915 c.
1563 3865 1645 3927 24,
1685 3864 1716 3914 5
1752 3863 2172 3931 respondere
2208 3881 2312 3932 pro
2360 3879 2655 3931 respon·

494 3949 634 4001 deri
674 3954 804 4002 ante
845 3950 874 4000 1.
935 3950 1132 4015 (1864.)
1193 3948 1319 4016 Cap.
1361 3952 1444 4016 21,
1487 3950 1518 4001 3
1553 3947 1865 4001 inauditam
1901 3965 2099 4002 vocem
2132 3949 2506 4001 rebellium
2552 3965 2649 4016 pa·

492 4053 613 4087 rum
668 4039 898 4087 tuentur
950 4033 1206 4102 exempla
1261 4033 1501 4102 duplicis
1556 4032 1748 4086 formoe
1804 4033 2038 4087 aliorum
2096 4035 2573 4087 substantivorum
2629 4049 2661 4085 a

493 4119 775 4174 Gronovio
814 4119 1017 4175 adlata,
1073 4136 1240 4187 quum
1279 4120 1594 4187 praesertim
1649 4136 1828 4188 neque
1887 4120 2283 4187 contagium
2323 4135 2498 4186 neque
2538 4120 2655 4172 ob·

494 4206 748 4259 sidium
784 4205 977 4258 Livius
1017 4210 1113 4257 aut
1152 4206 1268 4257 eius
1310 4206 1552 4273 aequales
1604 4205 1665 4258 in
1700 4222 1868 4273 prosa
1906 4205 2161 4257 oratione
2200 4203 2405 4256 dixisse
2444 4204 2655 4272 reperi-

491 4298 672 4358 antur,
712 4291 1046 4344 oblivium
1085 4290 1359 4359 singulari
1396 4307 1632 4343 numero
1665 4309 1735 4344 ne
1773 4296 1957 4358 poetae
1993 4288 2214 4356 quidem
2252 4290 2558 4358 posuerint,
2596 4294 2659 4341 ut

488 4379 686 4430 merito
744 4376 991 4430 dubitari
1035 4377 1232 4444 possit,
1281 4392 1352 4427 an
1397 4374 1522 4428 Tac.
1563 4375 1702 4427 Hist.
1742 4375 1835 4441 IV,
1874 4378 1906 4427 9
1942 4375 2311 4427 oblivione
2351 4375 2654 4442 scripserit,

490 4463 752 4516 oblivio
791 4468 976 4515 ortum
1015 4462 1090 4514 sit
1127 4480 1195 4514 ex
1230 4460 1589 4530 praecedente
1629 4460 1939 4513 silentio.

275 4810 1184 5168 r·-
1451 5106 1905 5243 ..-
