3230 5282
609 610 735 665 Lib.
772 609 919 664 XXI.
1701 596 1827 658 274

609 787 835 866 partes
883 780 1085 845 dividi
1110 830 1124 859 ,
1186 800 1466 862 quarum
1519 779 1732 845 altera
1784 781 2117 864 pertineat
2170 780 2255 845 ad
2303 788 2555 848 ceteras
2602 781 2931 860 civitates,

612 889 828 955 altera
894 888 979 953 ad
1035 887 1426 972 Lilybaeum,
1505 888 1622 952 ubi
1688 894 1935 972 praetor
2001 889 2141 973 ipse
2206 910 2313 955 res
2382 890 2923 971 administrabat3

615 997 852 1063 deinde
932 996 1351 1061 manifestum
1419 1003 1551 1074 est,
1623 997 1846 1061 circa
1912 996 2296 1062 civitates
2362 1000 2598 1064 missos
2665 999 2931 1083 legatos

613 1106 1049 1189 tribunosque
1096 1104 1255 1184 dici,
1315 1103 1433 1168 illa
1477 1109 1702 1168 antem
1746 1110 2095 1187 praetore
2140 1123 2175 1166 a
2220 1105 2437 1172 alieno
2482 1106 2628 1173 loco
2673 1107 2929 1173 inserta

617 1235 782 1293 esse,
829 1234 1032 1296 quum
1078 1218 1196 1277 aut
1240 1232 1282 1275 a
1324 1211 1504 1276 Livio
1555 1212 1806 1295 scripta
1853 1212 2116 1277 omnino
2161 1235 2296 1278 non
2343 1220 2567 1280 essent
2611 1214 2725 1296 (—-
2771 1235 2928 1279 nam

614 1342 656 1386 a
710 1327 994 1405 praetore
1061 1320 1202 1384 haec
1268 1317 1449 1383 facta
1516 1339 1691 1398 esse,
1758 1325 2020 1403 poterat
2076 1339 2154 1384 ex
2215 1321 2664 1404 superioribus
2722 1328 2792 1387 et
2846 1343 2926 1386 ex

612 1431 757 1512 ipsa
810 1449 882 1493 re
943 1427 1236 1508 intellegi
1279 1425 1392 1508 —)
1441 1432 1558 1490 aut
1610 1427 1834 1510 potius
1880 1447 1922 1491 a
1964 1426 2238 1493 librario
2298 1449 2417 1494 suo
2462 1429 2609 1494 loco
2655 1436 2935 1513 praeter-

614 1538 830 1616 missa,
879 1535 1055 1620 quod
1100 1555 1307 1618 genus
1352 1532 1662 1615 frequens
1707 1534 1773 1598 in
1819 1533 1945 1598 hac
1989 1534 2237 1600 decade
2285 1556 2427 1601 esse
2474 1542 2737 1601 constat
2770 1536 2931 1618 (vid.

616 1644 700 1709 ad
745 1643 952 1723 XXII,
1011 1646 1070 1722 2,
1130 1642 1215 1725 6).
1316 1641 1479 1707 Post
1535 1640 2018 1725 tribunique
2063 1641 2381 1708 excidisse
2429 1645 2560 1726 qui
2606 1665 2933 1728 pervaga-

617 1752 872 1817 tissimo
919 1771 1170 1829 errore,
1225 1751 1355 1814 iam
1402 1755 1558 1813 ante
1605 1755 1816 1815 artem
1865 1750 2409 1834 typographicam
2454 1752 2786 1816 inventam
2832 1753 2933 1816 in-

617 1859 954 1924 tellectum
1023 1864 1141 1923 est.
1251 1856 1503 1921 Deinde
1563 1863 1632 1921 et
1685 1878 1807 1941 per
1861 1878 1931 1922 se
1990 1856 2532 1938 (commemorata
2585 1860 2715 1923 iam
2773 1860 2937 1924 Hie-

616 1968 798 2033 ronis
868 1965 1345 2044 admonitione,
1413 1971 1489 2029 ut
1543 1964 1848 2029 AEmilius
1920 1963 2353 2049 Lilybaeum
2421 1966 2659 2032 firmo
2728 1988 2934 2050 prae-

619 2075 832 2141 sidio
890 2072 1238 2153 teneret)
1284 2072 1480 2136 nimis
1526 2071 1700 2136 nude
1747 2072 1991 2137 dicitur
2034 2072 2473 2157 Lilybaeum
2529 2075 2803 2139 teneri
2867 2081 2939 2139 et

620 2184 704 2248 ad
759 2183 899 2247 haec
955 2181 1156 2246 verba
1208 2180 1587 2245 necessario
1636 2179 2057 2263 adiungenda
2102 2180 2324 2263 aliquo
2369 2180 2566 2247 modo
2612 2180 2733 2246 illa
2776 2191 2937 2247 sunt

621 2296 1103 2374 apparatum
1148 2286 1369 2367 belli,
1418 2287 1727 2370 quoniam
1772 2288 1995 2371 inepte
2042 2288 2330 2353 edictum
2376 2289 2654 2372 proponi
2690 2288 2945 2369 dicitur

622 2400 755 2462 sive
801 2396 898 2461 ad
943 2401 1313 2479 paratum
1358 2393 1592 2473 belli,
1652 2395 1974 2460 vocabulo
2022 2394 2205 2461 dubii
2249 2396 2428 2480 apud
2472 2395 2725 2461 Livium
2772 2418 2947 2462 usus*

622 2505 740 2585 (X,
808 2510 921 2583 41,
990 2502 1088 2584 3),
1158 2503 1293 2566 sive
1338 2500 1436 2565 ad
1480 2510 1974 2585 apparatum
2018 2503 2219 2569 belli
2267 2504 2380 2586 (—
2423 2510 2708 2587 utraque
2758 2506 2936 2569 enim

626 2599 947 2678 correctio
994 2616 1255 2676 tentata
1301 2616 1404 2674 est
1443 2607 1590 2691 -)‚
1651 2630 2049 2701 qnamquam
2107 2612 2306 2677 edicti
2362 2612 2735 2697 propositio
2780 2633 2945 2698 pars

626 2729 729 2787 est
783 2721 963 2786 illius
1020 2723 1400 2803 apparatus
1513 2716 1749 2801 Itaque
1808 2726 1925 2784 aut
1984 2720 2431 2785 scribendum:
2500 2719 2940 2804 Lilybaeum

625 2830 895 2894 teneri
966 2833 1375 2911 apparatu
1440 2823 1647 2890 belli
1718 2833 1834 2891 aut
1902 2827 2069 2892 alius
2136 2826 2498 2892 infinitivus
2554 2829 2779 2911 aptior
2835 2849 2941 2893 re·

625 2935 980 3021 periendus
1042 2934 1150 3014 (et
1206 2940 1393 2998 ante
1453 2934 1719 2997 omnia
1765 2934 2209 3018 Lilybaeum
2266 2942 2636 3018 strepere
2682 2955 2947 3020 appa·

624 3052 808 3110 ratu
877 3042 1109 3123 belli,
1166 3041 1313 3107 coll.
1361 3039 1609 3119 XXVI,
1669 3045 1777 3120 51,
1838 3041 1936 3122 7),
1994 3040 2208 3106 forma
2251 3047 2470 3107 tamen
2514 3042 2700 3107 verbi
2748 3043 2940 3109 nullo

624 3152 818 3219 modo
864 3150 1212 3230 mutanda3
1278 3147 1649 3214 rectissime
1712 3149 1883 3212 enim
1930 3139 2076 3212 cuin
2121 3149 2234 3214 illo
2283 3156 2361 3214 et
2404 3151 2636 3215 missi
2679 3149 2941 3234 legati

626 3261 736 3338 (de
812 3281 883 3324 re
964 3257 1163 3324 semel
1230 3255 1437 3336 facta)
1508 3256 1930 3339 coniungitur
1994 3255 2353 3322 infinitivus
2419 3256 2789 3323 historicus
2863 3257 2951 3322 de

624 3375 805 3434 statu
853 3373 919 3431 et
962 3365 1129 3431 facie
1175 3385 1394 3429 rerum
1443 3362 1718 3446 Lilybaei
1765 3362 2015 3428 effecta.
2117 3364 2284 3429 Tum
2341 3385 2494 3430 vero
2554 3364 2753 3448 plane
2803 3385 2947 3429 cer·

623 3483 764 3540 tum
811 3480 938 3553 est,
1006 3472 1183 3554 quod
1249 3473 1380 3536 iam
1437 3471 1825 3535 recentioris
1884 3472 2099 3536 aetatis
2159 3473 2460 3537 codicum
2523 3479 2947 3539 correctores

623 3581 1119 3658 intellexerant,
1188 3578 1315 3642 hac
1362 3578 1724 3642 sententia:
1792 3578 1926 3643 ubi
1983 3580 2293 3662 signum
2351 3581 2625 3645 datum
2679 3586 2943 3659 esset,

623 3712 717 3754 ne
766 3695 890 3753 cet.
938 3710 1071 3753 non
1121 3685 1440 3751 contineri
1490 3684 1689 3750 edicti
1737 3681 2014 3768 partem,
2074 3686 2187 3751 sed
2234 3686 2559 3752 declarari
2606 3685 2816 3751 edicti
2864 3687 2949 3751 de

625 3796 849 3861 decem
918 3795 1170 3858 dierum
1238 3793 1500 3858 cibariis
1571 3794 1778 3858 coctis
1847 3792 2227 3873 consilium3
2306 3815 2498 3860 nemo
2577 3794 2753 3859 enim
2825 3796 2947 3860 im·

623 3909 891 3987 perator
956 3901 1311 3986 separatim
1369 3901 1601 3978 edicit,
1669 3921 1751 3964 ne
1823 3902 1998 3982 quis,
2070 3921 2269 3983 quum
2341 3903 2599 3984 signum
2668 3901 2951 3984 profici·

624 4009 848 4075 scendi
893 4010 1166 4089 dederit,
1210 4029 1463 4075 moram
1506 4007 1713 4073 faciat
1758 4014 1824 4073 et
1866 4009 2211 4093 imperium
2260 4014 2659 4087 contemnat,
2706 4010 2834 4074 sed
2871 4016 2954 4074 ut

624 4139 704 4182 ea
750 4123 904 4181 ante
947 4123 1429 4202 praeparentur,
1498 4136 1643 4199 quae
1700 4114 1785 4179 ad
1830 4137 2085 4181 moram
2130 4115 2491 4182 tollendam
2538 4115 2949 4200 pertineant·

622 4226 962 4291 Postremo
1020 4232 1379 4308 apparatus
1436 4223 1627 4304 belli,
1697 4223 1808 4307 qui
1876 4223 1962 4287 ad
2018 4225 2231 4308 ipsam
2287 4225 2517 4291 urbem
2573 4222 2947 4308 Lilybaeum

622 4332 1028 4418 pertinebat,
1096 4332 1240 4397 duae
1309 4332 1660 4415 praecipuae
1714 4336 1943 4414 partes
2002 4338 2070 4396 et
2126 4332 2426 4416 exempla
2479 4352 2521 4396 a
2574 4330 2763 4396 Livio
2824 4353 2951 4417 po·

453 4445 593 4512 (224)
630 4447 906 4519 nuntur,
966 4439 1245 4518 cibaria,
1303 4445 1377 4503 ut
1420 4459 1622 4503 naves
1670 4437 1973 4504 celeriter
2020 4440 2372 4505 conscendi
2419 4444 2710 4524 possent,
2772 4460 2957 4524 prse-
