3230 5282
501 616 625 671 Lib.
662 616 838 671 XXII.
1135 650 1138 654 -
1598 604 1729 665 294

504 788 915 855 considerate
962 788 1264 872 scripsit,
1292 787 1409 853 sed
1455 786 1725 853 confuse
1773 794 1841 852 et
1881 788 2351 852 inconstanter.
2429 785 2718 851 Primum
2762 787 2822 850 si

506 899 726 963 omnia
769 896 1054 980 virgulta
1100 897 1443 976 arsissent,
1510 917 1645 960 non
1700 916 1869 960 vano
1926 900 2180 960 terrore
2228 892 2436 977 (quod
2481 900 2625 959 tota
2666 913 2821 958 nar-

502 1007 674 1070 ratio
743 1004 1126 1089 significat),
1213 1004 1331 1070 sed
1395 1025 1547 1070 vero
1615 1024 1696 1069 ac
1764 1003 1946 1086 gravi
2014 1003 2305 1086 periculo
2373 999 2824 1067 conflictatum

502 1113 871 1178 Romanum
925 1111 1307 1196 praesidium
1363 1118 1556 1178 esset.
1658 1110 1888 1194 Neque
1947 1109 2274 1194 profecto,
2329 1111 2385 1175 si
2431 1109 2651 1174 omnia
2693 1108 2821 1172 vir-

504 1213 692 1303 gulta
736 1221 1074 1299 arsissent,
1124 1218 1403 1305 flammae
1447 1219 1799 1286 arboribus
1844 1219 2294 1303 pepercissent
2329 1216 2423 1300 (in
2469 1237 2597 1299 quo
2630 1215 2823 1281 haesit

505 1329 709 1393 etiam
778 1327 1399 1410 Weissenbornius).
1511 1326 1643 1393 Sed
1709 1326 1874 1391 nihil
1939 1327 2211 1406 arsisse,
2280 1325 2409 1391 nisi
2474 1324 2686 1389 fasces
2750 1324 2824 1388 in

504 1436 814 1503 cornibus
869 1437 1071 1503 boum
1127 1442 1195 1502 et
1238 1436 1525 1519 speciem
1567 1441 1828 1500 tantum
1871 1434 2158 1499 incendii
2201 1433 2436 1513 fuisse,
2505 1438 2574 1497 et
2617 1431 2824 1496 ceteri

472 1546 861 1639 *scriptores
918 1543 1286 1629 (Polybius,
1344 1544 1686 1629 Appianus
1703 1589 1726 1623 ,-
1783 1541 2175 1609 Plutarchus
2192 1593 2207 1621 ,
2266 1541 2465 1608 Silius
2519 1539 2824 1619 Italicus)

502 1653 805 1737 tradunt,
861 1673 992 1718 uno
1040 1658 1312 1737 excepto
1360 1653 1621 1718 Zonara
1666 1651 1881 1734 (VIII,
1935 1654 2053 1715 26:
2113 1657 2364 1728 πολλαχῆ
2405 1656 2499 1725 τὴν
2541 1654 2671 1724 ὅλην
2714 1655 2824 1709 ἐνέ-

505 1758 771 1841 πρησαν),
816 1760 931 1843 qui
974 1781 1109 1827 non
1153 1761 1459 1843 virgulta,
1505 1759 1643 1839 sed,
1690 1766 1765 1825 ut
1810 1780 1934 1843 par
1978 1765 2141 1838 erat,
2189 1758 2385 1823 silvas
2420 1756 2823 1839 arboresque

503 1867 811 1955 incendio
865 1874 1207 1951 correptas
1264 1874 1525 1947 narrat,
1582 1875 1651 1934 et
1705 1867 1831 1932 hoc
1887 1865 2109 1931 Livius
2163 1866 2302 1949 ipse
2363 1864 2710 1948 perspicue
2751 1862 2825 1927 in

506 1977 620 2055 iis,
682 1996 827 2059 quae
883 1976 1151 2042 subiicit
1197 1975 1259 2059 (ξ
1305 1982 1347 2041 4
1392 1983 1460 2042 et
1504 1975 1591 2056 5),
1656 1974 1985 2058 sequitur3
2046 1993 2198 2038 nam
2246 1973 2482 2038 densas
2525 1969 2826 2035 flammas

333 2091 482 2160 (240)
518 2084 610 2150 ibi
652 2082 852 2149 fuisse
899 2084 1243 2167 significat,
1301 2084 1415 2149 ubi
1461 2081 1741 2149 conferti
1782 2082 1981 2147 boves
2027 2085 2267 2160 essent,
2312 2100 2558 2164 paucos
2602 2086 2828 2143 tamen

503 2192 703 2258 boves
749 2212 790 2256 a
835 2193 1075 2257 ceteris
1129 2192 1392 2275 palatos
1448 2190 1609 2256 alibi
1654 2188 1952 2255 flammas
2000 2187 2389 2265 ostendisse;
2460 2186 2825 2268 eodemque

504 2301 794 2383 pertinet
851 2301 1065 2383 ipsum
1121 2298 1314 2364 illud:
1394 2298 1607 2364 haud
1675 2319 1907 2371 secus
1968 2318 2198 2380 quam
2274 2331 2362 2341 —
2428 2295 2824 2360 accensis.

505 2408 711 2473 Recte
780 2408 1012 2490 igitur,
1078 2412 1155 2472 ut
1210 2408 1474 2489 opinor,
1541 2407 1693 2471 Ant.
1753 2404 2132 2470 Perizonius
2201 2405 2375 2469 visa
2440 2401 2827 2486 requirebat

507 2513 903 2598 (virgulta
958 2514 1250 2580 ardere
1308 2514 1512 2594 visa3
1570 2513 1791 2577 malim
1836 2512 2200 2594 virgulta
2243 2512 2424 2576 visa
2468 2509 2826 2589 ardere);

506 2628 854 2707 potestque
912 2623 980 2689 in
1037 2622 1164 2688 hac
1221 2621 1468 2706 speciei
1525 2620 1813 2687 incendii
1858 2618 2337 2702 significatione
2386 2616 2649 2685 defendi
2691 2617 2823 2681 vir-

506 2730 834 2812 gultorum
885 2751 927 2796 a
971 2731 1229 2815 reliqua
1272 2731 1437 2796 silva
1482 2730 1838 2813 separatio,
1908 2728 2075 2793 Nam
2120 2726 2404 2812 virgulta
2447 2727 2645 2792 boves
2688 2746 2826 2790 non

507 2837 639 2904 alte
687 2840 1045 2904 eminentes
1092 2837 1447 2923 aequabant
1489 2844 1559 2904 et
1601 2837 1739 2903 fere
1787 2836 2130 2920 tegebant3
2185 2837 2411 2920 itaque
2455 2835 2595 2899 haec
2638 2831 2825 2898 flam·

505 2947 630 3011 mis
709 2953 1019 3031 correpta
1097 2946 1522 3025 videbantur3
1618 2966 1703 3010 ex
1792 2943 2140 3009 arboribus
2233 2942 2580 3009 altioribus
2657 2941 2828 3005 nihil

509 3054 897 3120 collucebat.
979 3053 1213 3136 (Paulo
1262 3060 1416 3119 ante
1463 3052 1497 3136 5
1544 3057 1581 3116 2
1630 3052 1869 3117 calor
1914 3050 2013 3116 ad
2056 3052 2322 3116 vivum
2366 3049 2463 3114 ad
2511 3050 2826 3132 imaque

509 3184 892 3228 cornuum
969 3162 1192 3246 inepte
1275 3143 1691 3226 advenire'
1730 3158 1987 3224 dicitur.
2100 3159 2254 3223 Fuit
2323 3163 2438 3223 aut
2492 3157 2827 3222 veniens

509 3277 626 3336 aut
671 3269 1133 3335 deveniens.
1227 3267 1441 3349 1872.)

678 3376 876 3462 *Cap
930 3381 1026 3456 19,
1101 3381 1136 3442 3
1186 3375 1297 3458 (de
1342 3373 1825 3454 Hasdrubale):
1897 3373 2445 3457 quadraginta
2502 3372 2825 3438 navium

509 3485 855 3550 classem
932 3482 1373 3549 Himilconi
1452 3481 1720 3547 tradit
1796 3487 2044 3563 atque
2123 3481 2240 3545 ita
2307 3479 2825 3563 Carthagine

509 3591 932 3674 profectus
999 3591 1343 3656 navibus
1414 3610 1665 3675 prope
1724 3596 2026 3654 terram
2085 3588 2530 3653 exercitum
2589 3588 2667 3652 in
2721 3586 2830 3651 li-

509 3704 687 3764 tore
734 3698 1105 3777 ducebat,
1151 3705 1498 3781 paratus
1545 3696 2021 3780 confligere,
2068 3716 2546 3778 quacunque
2592 3702 2830 3779 parte

509 3807 933 3889 copiarum
976 3806 1242 3872 hostis
1289 3805 1810 3871 occurrisset.
1890 3801 2038 3868 Non
2084 3810 2263 3869 recte
2310 3803 2614 3885 coniungi
2657 3822 2832 3885 pro-

506 3913 779 3979 fectus
840 3913 1221 3990 navibus,
1281 3913 1504 3997 plures
1553 3915 1929 3990 senserunt3
1988 3933 2143 3975 nam
2188 3931 2402 3994 neque
2449 3908 2691 3974 dicitur
2732 3908 2833 3973 ita

508 4020 656 4104 (sed
712 4028 779 4086 et
836 4022 1275 4106 proficisci
1332 4021 1516 4087 navi
1575 4019 1656 4085 de
1715 4039 1825 4097 ea,
1893 4018 1962 4116 in
2018 4039 2151 4100 qua
2204 4018 2495 4096 vehari8‚
2566 4023 2632 4081 et
2675 4035 2832 4098 pro-

507 4127 711 4194 ficisci
757 4129 1053 4209 multis,
1100 4129 1369 4195 decem
1412 4127 1756 4194 navibus
1803 4125 1885 4191 de
1931 4126 2247 4191 comitatu
2295 4131 2362 4190 et
2407 4123 2662 4206 classe),
2708 4142 2832 4187 nec

509 4236 648 4319 ipse
708 4236 1089 4303 Hasdrubal
1143 4238 1211 4302 in
1272 4236 1511 4316 classe,
1581 4254 1781 4319 quam
1836 4232 2189 4299 Himilconi
2243 4232 2646 4310 tradiderat,
2711 4230 2837 4297 sed

511 4343 595 4408 ad
663 4351 1050 4409 terrestrem
1115 4346 1476 4409 exercitum
1541 4342 1742 4408 fuisse
1807 4339 2099 4419 videtur,
2181 4346 2249 4406 et
2315 4346 2625 4424 apparet,
2691 4337 2836 4404 haec

510 4454 842 4517 contraria
887 4454 1061 4517 inter
1106 4473 1175 4517 se
1220 4451 1472 4531 referri,
1518 4471 1667 4535 quae
1711 4449 2048 4533 pertinent
2092 4447 2180 4513 ad
2222 4449 2475 4515 itineris
2518 4447 2835 4512 formam:
